1857 2745
402 162 469 198 402
845 145 1348 182 PHILOSOPHIA

401 210 448 234 tas
461 202 564 246 major
578 227 587 242 ,
617 197 734 231 horum
757 194 803 229 est
822 197 978 229 acerrima
1000 194 1158 242 voluptas.
1182 197 1293 230 Fames
1311 200 1343 232 δε
1358 192 1426 229 fitis
1438 204 1510 230 eam
1524 207 1592 244 quae
1611 200 1786 248 percipitur

399 247 493 294 gustu
516 247 720 294 voluptatem
746 256 941 294 praevertunt
958 258 966 279 :
989 245 1066 291 quin
1086 246 1183 279 etiam
1203 247 1387 293 importuna
1405 242 1461 277 illa
1481 245 1634 281 stomachi
1651 249 1791 284 veiiicai-

400 297 447 329 tio
459 296 666 330 irritamentis
680 295 783 343 quaeri
798 293 879 329 solet
896 322 906 336 ,
919 304 955 328 ut
972 292 1154 328 molestiam
1168 295 1294 342 pariant
1309 321 1319 337 ,
1335 305 1405 342 quae
1419 290 1481 328 fine
1491 294 1707 332 delectatione
1715 311 1784 334 non

399 343 582 392 expellitur.

436 409 459 438 3.
474 395 544 441 Qi
557 394 595 428 ad
607 406 721 442 corpus
736 394 900 442 pertinent
909 390 1061 436 affectus,
1084 393 1207 440 quique
1218 404 1261 427 ex
1276 392 1343 427 solo
1357 390 1445 427 sensu
1459 392 1604 426 oriuntur
1614 421 1624 435 ‚
1647 391 1666 427 ὲ
1690 391 1784 428 dolor.

397 454 432 477 re
443 443 661 491 utplurimum
676 455 733 491 per
748 442 961 491 cupiditatem
979 442 1161 489 quandam,
1183 443 1216 476 in
1236 442 1439 490 voluptatem
1454 439 1598 476 desinunt
1620 455 1627 476 ε
1644 453 1680 475 ac
1696 444 1782 490 cupi-

400 491 484 526 ditas
497 504 567 540 quae
581 491 702 526 doloris
713 491 951 526 detractionem
961 490 1093 525 molitur
1109 496 1142 528 ὃ(
1153 493 1275 539 expetit
1286 520 1296 535 ‚
1311 488 1373 526 hoc
1385 491 1432 524 est
1440 489 1669 525 vehementior
1686 518 1695 533 ,
1717 489 1796 537 quor.

397 542 499 589 magis
515 552 632 576 naturae
653 540 806 582 interest,
826 551 859 575 ut
873 538 902 574 se
913 550 969 574 aut
979 538 1067 574 suum
1078 552 1177 588 genus
1193 551 1331 575 tueatur.
1348 542 1400 574 Sic
1417 538 1562 573 defectus
1576 539 1724 574 alimenti
1736 540 1794 574 fa..

396 601 484 624 mem
496 617 506 632 ,
526 601 583 624 aut
597 588 678 624 sitim
690 600 837 638 procreat
852 602 859 623 :
873 588 992 623 doloris
1004 600 1115 623 autem
1128 591 1253 624 amotio
1266 589 1371 637 aliqua
1389 587 1559 635 voluptate
1575 590 1736 632 conditur,
1749 600 1794 624 ute

397 637 521 674 animal
533 637 563 672 se
575 636 721 686 adripfius
734 637 853 672 doloris
870 637 995 674 causam
1011 638 1216 672 eximendam
1227 649 1406 687 comparet.

436 701 473 734 4.
487 688 572 722 Cum
585 699 693 722 autem
704 686 878 722 hiasi-Pctus
893 715 903 730 ,
922 686 1038 731 dolor,
1063 687 1221 735 cupiditas
1235 700 1318 721 caeca
1328 686 1530 724 &indomita
1544 714 1565 730 ,Α
1577 697 1615 719 ac
1622 685 1783 736 voluptas,

398 734 500 771 diffusi
512 747 584 771 toto
595 748 731 785 corpore
740 736 778 770 ad
795 738 977 784 appetitum
996 736 1175 770 naturalem
1193 739 1378 784 pertineant
1389 764 1398 779 ,
1422 737 1509 782 iique
1521 737 1601 770 citra
1617 734 1717 770 ullum
1735 741 1783 785 ju.

398 785 517 821 dicium
532 785 589 820 vel
598 787 793 834 opinionem
804 787 1004 828 excitentur,
1020 785 1060 818 de
1073 786 1110 818 iis
1124 785 1186 819 hoc
1200 786 1274 819 loco
1289 783 1490 833 potiffimum
1507 796 1575 820 non
1587 786 1720 832 agimus:
1731 785 1782 821 sed

397 834 440 869 de
453 833 621 870 affectibus
636 837 693 881 qui
709 833 751 868 ab
766 835 915 882 appetitu
933 833 1065 869 animali
1084 862 1093 876 ‚
1119 831 1342 868 autsentiente
1355 844 1488 868 manant
1506 861 1516 876 ,
1545 834 1668 879 quique
1693 846 1784 869 com-

396 894 591 927 moventur,
609 895 681 917 cum
703 882 907 930 objectorum
922 881 1141 931 impressiones
1161 894 1216 928 per
1237 894 1384 918 externos
1404 880 1505 917 sensus
1532 882 1572 915 acl
1594 884 1794 919 interiorem·

398 931 551 966 traductae
570 943 684 967 notam
699 931 841 978 aliquam
859 930 939 965 boni
952 942 1007 965 aut
1027 929 1125 974 mali,
1139 931 1305 965 commodi
1324 942 1377 965 aut
1392 930 1590 964 incommodi
1600 929 1704 965 secum
1724 931 1790 966 ha--

396 978 478 1015 benr
489 981 673 1029 adjunctam
693 994 700 1014 :
722 979 809 1014 unde
822 979 881 1014 hos
897 978 1031 1014 affectus
1049 977 1114 1026 ipsa
1126 981 1318 1027 imaginatio
1330 1008 1339 1021 ,
1364 977 1417 1014 seu
1436 980 1570 1014 interior
1588 977 1690 1013 sensus
1705 992 1795 1027 pro-.

395 1041 492 1065 creat.
509 1028 700 1065 Ubianima
718 1029 760 1063 est
770 1029 877 1064 omnis
895 1026 1029 1063 affectus
1047 1039 1158 1076 expers
1174 1057 1182 1068 ,
1201 1039 1269 1062 tum
1286 1027 1392 1062 sedata
1405 1027 1490 1063 est&
1506 1026 1677 1074 tranquilla
1688 1029 1790 1064 instar.

394 1078 678 1125 aquae‘stagnantis.
690 1078 751 1111 Sed
762 1089 834 1112 curn
842 1075 1007 1124 spirituum
1019 1075 1137 1110 affluxu
1155 1082 1188 1113 ὃ(
1205 1079 1250 1111 rei
1257 1077 1407 1124 jucundae
1421 1087 1477 1110 aut
1498 1075 1638 1113 molestae
1657 1076 1781 1114 incurfir

393 1137 642 1169 commovetur,
665 1137 733 1160 turn
747 1125 817 1160 fere
836 1136 872 1158 ut
891 1136 976 1172 aqua
992 1123 1104 1172 lapidis
1123 1127 1241 1174 injectu
1269 1136 1416 1159 motuum
1438 1128 1667 1161 recurrentium
1690 1126 1794 1162 velut.

393 1174 605 1209 undulatione
620 1174 761 1221 quadam
776 1175 923 1222 agitatur.
942 1174 1160 1218 Quocirca'in
1180 1173 1234 1208 illa
1253 1176 1369 1209 animae
1384 1176 1627 1217 commotione,
1646 1187 1718 1223 quae
1739 1187 1792 1211 exi

393 1221 475 1258 boni
486 1234 540 1258 aut
554 1223 633 1257 mali
647 1224 801 1271 opinione
814 1223 916 1256 oritur
933 1251 942 1266 ,
963 1234 1126 1269 quamque
1138 1221 1294 1271 fianguinis
1309 1221 1514 1271 &spirituum
1527 1225 1663 1272 agitatio
1677 1226 1792 1260 comi--

394 1283 480 1307 tatur
493 1301 502 1316 ‚
520 1270 668 1321 passionis
685 1282 798 1308 natura,
812 1269 1010 1319 potislimum
1029 1270 1188 1307 consistit„

430 1337 452 1368 5.
466 1323 554 1357 Hinc
572 1321 643 1356 Citis
658 1333 733 1368 apte
747 1319 766 1356 ὲ
779 1318 922 1356 Cartesio
944 1319 1162 1357 describuntur
1188 1320 1376 1371 pastiones,
1399 1334 1499 1358 motus
1517 1324 1624 1356 anima
1651 1326 1708 1369 qui
1735 1324 1780 1360 ad
1791 1327 1793 1329 ’

391 1372 489 1417 ipsizm
503 1369 698 1415 referuntur,
728 1373 846 1418 qusque
860 1368 880 1403 >a
898 1371 1070 1418 spirituum
1088 1374 1286 1406 commotione
1296 1370 1687 1420 procreantur,foventur
1700 1400 1709 1411 ‚
1737 1373 1777 1408 ό·
1825 1413 1828 1416 ἢ

391 1419 588 1454 roboramur.
612 1422 683 1454 Hos
708 1419 842 1466 quidem
866 1429 973 1452 motus
993 1421 1216 1466 perceptiones
1245 1419 1399 1467 quasdam
1420 1420 1480 1455 else
1506 1418 1790 1466 confusas·putat;;

391 1480 465 1502 cum
483 1480 617 1502 omnem
634 1470 734 1502 animi
754 1466 957 1501 functionem
968 1469 1001 1502 in
1018 1470 1228 1516 perceptione
1241 1468 1375 1516 pofitam
1397 1468 1457 1503 esse
1473 1466 1666 1503 arbitretur:
1690 1471 1777 1517 quod

390 1518 479 1551 enim
496 1516 644 1551 volumus
657 1545 665 1559 ‚
692 1517 722 1550 id
739 1517 939 1563 percipimus.
957 1514 1117 1551 Paffiones
1137 1515 1292 1552 vero‘iion
1304 1517 1375 1553 sunt
1388 1516 1476 1552 clarae
1488 1516 1704 1563 &distinctae‚
1723 1518 1776 1554 sed

391 1577 452 1599 con
459 1564 531 1599 fusce
546 1565 691 1613 quaedam
703 1570 735 1602 &
747 1563 886 1598 obscurae
897 1566 1123 1614 pereepeiones
1143 1580 1159 1601 :<
1168 1570 1252 1613 cujus
1265 1569 1392 1615 generis
1410 1566 1480 1602 sunt
1492 1577 1605 1600 ornnes
1627 1564 1777 1602 sensatio-

392 1625 460 1650 neS.
484 1615 547 1649 Sed
557 1626 720 1661 utcunque
739 1625 776 1646 ea
793 1624 847 1648 res
855 1612 891 1648 fit
907 1641 916 1656 ,
934 1614 973 1647 de
991 1627 1056 1661 qua
1068 1613 1168 1657 alibi,
1183 1614 1316 1650 affectus
1329 1628 1364 1650 ut
1380 1617 1541 1650 motiones
1563 1615 1705 1661 quaedam
1714 1629 1775 1664 po-

391 1663 453 1696 rius
466 1691 475 1706 ,
497 1663 597 1710 quam
608 1662 754 1698 utsenfus
765 1690 774 1704 ‚
796 1665 1086 1710 autperceptiones
1100 1663 1119 1698 :a
1134 1662 1228 1697 nobis
1239 1667 1475 1712 concipiuntur.
1502 1664 1563 1697 His
1581 1665 1670 1699 enim
1682 1677 1774 1701 comt-

387 1723 537 1746 movetur
550 1714 676 1747 animus
695 1718 728 1749 &
743 1710 956 1747 vehementer
967 1713 1170 1756 concutitur13
1188 1724 1285 1760 atque
1301 1716 1335 1748 in
1348 1713 1406 1748 hac
1417 1713 1640 1748 commotione
1658 1713 1773 1761 paffioi-
1820 1728 1821 1734 ¹

386 1761 435 1793 nis
454 1773 565 1795 natura
583 1760 727 1796 consistit.

435 1817 465 1845 6.
480 1812 562 1844 Sunt
579 1822 688 1844 autem
700 1839 710 1853 ,
723 1821 758 1844 ut
776 1808 839 1858 ipse
852 1808 1015 1844 existimat
1031 1807 1186 1845 Cartefius
1199 1838 1209 1853 ,
1220 1812 1454 1893 sperceptiones
1471 1810 1583 1846 nostrae
1602 1812 1633 1845 in
1656 1811 1771 1859 triplici

386 1856 571 1893 differentia
590 1859 781 1895 constitutce..
803 1858 962 1904 Qaedam
978 1859 1018 1893 ad
1031 1858 1163 1906 objecta
1184 1861 1217 1907 ip

384 1960 419 1991 δε
436 1955 498 1991 sitis
512 1972 518 1991 ‚·
534 1955 605 1990 alite
615 1957 748 1992 demum
765 1957 806 1990 ad
823 1956 923 2004 ipsam
945 1956 1128 1991 referuntur
1139 1958 1280 1990 animam
1292 1985 1300 1995 ,
1319 1968 1354 1990 ut
1374 1967 1466 1990 amor
1487 1961 1521 1991 δι
1545 1955 1694 2003 voluptas
1708 1986 1717 2000 ‚
1735 1962 1771 1994 δε

383 2004 439 2039 alii
452 2017 556 2039 motus
570 2004 732 2040 sentientis
744 2006 907 2053 appetitus
919 2033 927 2047 ,
943 2005 983 2038 de
994 2003 1109 2050 quibus
1122 2016 1206 2039 nunc
1215 2006 1348 2052 agimus,
1361 2005 1455 2039 Circa
1466 2007 1688 2052 perceptiones
1699 2017 1769 2053 quae

383 2052 425 2087 ab
438 2053 578 2101 obJ'ectis
602 2065 758 2096 manant,
784 2054 863 2100 saepe
883 2054 1059 2098 decipimur
1087 2067 1094 2087 :
1126 2064 1161 2086 ut
1186 2065 1259 2086 cum
1282 2055 1364 2087 inter
1392 2053 1620 2088 dormiendum
1642 2053 1768 2101 aliquid

383 2103 496 2137 videre
512 2131 522 2145 ,
546 2102 723 2136 vel'audire
740 2101 834 2137 nobis
850 2101 995 2136 videmur
1011 2119 1020 2144 3
1034 2099 1120 2148 quod
1132 2100 1298 2149 spirituum
1313 2104 1449 2148 agitatio
1460 2102 1578 2136 eodeni
1589 2103 1688 2136 modo
1697 2105 1768 2138 ani-

383 2164 474 2185 mum
493 2149 612 2185 afficiat
625 2179 633 2192 ,
654 2163 690 2184 ac
703 2162 776 2185 cum
788 2150 966 2199 vigilamus,
988 2154 1058 2184 lmo
1077 2164 1141 2185 non
1153 2162 1219 2185 tam
1235 2150 1357 2197 objecti
1367 2149 1620 2198 impressionem,
1632 2163 1767 2187 autmo-

383 2211 475 2235 tuum
488 2197 588 2248 ipsum
609 2201 665 2246 qui
681 2198 717 2234 fit
738 2201 772 2234 in
789 2212 911 2247 organo
925 2199 977 2234 vel
990 2199 1124 2233 cerebro
1137 2228 1146 2241 ,
1164 2212 1259 2234 surim
1277 2199 1359 2233 illius
1377 2199 1520 2243 mamm,
1539 2211 1574 2233 ut
1593 2199 1698 2234 facem
1717 2213 1766 2235 ac-

383 2248 509 2283 cenfiam
528 2278 537 2291 ‚
560 2260 616 2283 aut
632 2246 743 2282 tubam
761 2261 819 2282 nos
835 2249 999 2296 percipere
1011 2247 1205 2282 arbitramur
1228 2262 1236 2283 ε
1254 2261 1325 2282 (um
1345 2248 1429 2282 aliud
1446 2260 1556 2284 tumen
1571 2251 1675 2283 anima
1697 2263 1768 2286 non

381 2294 496 2332 sentiat
509 2326 518 2340 ‚
536 2296 634 2344 quam
648 2309 776 2331 motum
800 2309 922 2341 organo
939 2309 994 2332 aut
1015 2297 1148 2331 cerebro
1166 2294 1348 2344 impress‘um
1365 2311 1372 2331 τ
1396 2296 1516 2332 wmttfi
1530 2326 1539 2338 ‚
1557 2308 1591 2331 ut
1609 2298 1778 2343 diximus,‘
1815 2297 1819 2301 ’
1854 2321 1857 2328 ι

383 2343 572 2391 sensatior-ies
585 2347 702 2380 nostras
713 2346 751 2379 ad
770 2337 899 2394 objecta
912 2374 921 2387 ,
948 2359 986 2381 ex
1009 2345 1120 2393 quibus
1132 2347 1275 2380 manavit
1291 2348 1366 2392 iiiiiiy
1377 2345 1452 2381 cffio
1464 2376 1474 2389 ‚
1491 2346 1668 2382 referimw.
1702 2348 1765 2382 Sed

383 2403 545 2442 nunquam
557 2396 639 2430 circa
653 2393 845 2432 affectiones
867 2393 945 2442 ipsas
956 2424 967 2440 ‚
987 2406 1042 2431 aut
1056 2394 1211 2444 pastiones
1220 2396 1328 2432 anima
1340 2395 1505 2444 decipitur.
1517 2397 1695 2432 Fierienim
1703 2408 1764 2445 po-

1232 1872 1247 1893 a
1274 1859 1456 1894 referuntur
1471 1888 1480 1902 ‚
1500 1871 1609 1906 eaeque
1626 1860 1772 1895 dicuntur
1816 1857 1819 1901 J

386 1905 580 1943 sensationes
597 1925 605 1951 3
625 1907 695 1942 aliae
708 1909 748 1942 ad
764 1920 878 1955 corpus
906 1907 1004 1955 ipsum
1017 1936 1025 1949 ,
1045 1907 1179 1954 suntque
1198 1907 1357 1942 naturales
1376 1907 1565 1943 affectiones
1578 1935 1588 1950 ‚
1610 1918 1647 1941 ut
1668 1905 1771 1942 fames
1816 1907 1817 1930 3

1836 1173 1847 1215 ax
1837 856 1855 1170 *vm
