1857 2745
359 163 416 205 596
783 153 1264 188 METAPHYSICAE

361 204 516 251 intelligit
530 204 618 250 quod
628 200 848 250 phantasmata
860 214 927 237 non
940 200 1336 249 exhibeant,N.Exempla
1349 212 1388 235 ex
1404 202 1645 238 Mathematicis
1657 204 1751 239 adhi-

364 254 435 288 beri
450 253 540 300 plura
555 249 689 299 poffunt.
700 249 920 298 Diagonalem
934 250 1102 298 quadrati,
1117 262 1187 297 quae
1200 250 1318 284 scilicet
1331 248 1372 283 ab
1388 262 1454 285 uno
1463 252 1583 299 angulo
1603 253 1755 298 quadrati

367 302 407 336 ad
420 299 603 348 oppofitum
615 299 752 342 ducitur,
769 299 986 335 demonstrant
1003 300 1188 333 Geometrae
1205 298 1265 334 effe
1281 298 1372 333 lateri
1384 299 1754 338 incommensurabilem:

366 352 412 385 ita
425 361 461 384 ut
474 347 496 383 si
509 349 635 384 infinite
659 349 836 391 dividatur,
846 347 933 383 nulla
951 360 1096 394 unquam
1109 348 1266 396 particula
1274 346 1437 394 utriusque
1456 352 1635 384 communis
1648 348 1755 384 futura

368 398 424 434 fit:
443 398 506 433 hoc
518 410 627 433 tamen
637 396 725 432 nulla
737 399 928 445 imaginatio
944 426 954 439 ‚
975 396 1061 431 nulla
1078 399 1127 431 vis
1145 408 1298 444 corporea
1315 397 1422 444 potest
1436 400 1610 445 percipere.
1635 397 1756 432 Sicubi

369 459 429 484 nos
445 449 478 482 in
494 445 622 495 speculo
643 447 808 480 intuemur
828 473 837 488 ,
859 457 928 492 quae
944 445 1055 479 dextra
1075 444 1144 480 sunt
1163 473 1173 488 ‚
1201 445 1356 480 videntur
1375 444 1497 480 sinistra.
1516 473 1526 487 ,
1550 447 1646 493 idque
1663 458 1754 481 mens

369 497 508 544 percipit
520 495 609 539 quod
620 496 807 541 imaginario
817 507 884 529 non
897 495 995 542 capit.
1015 496 1068 528 Sic
1078 495 1250 542 antipodas
1269 506 1334 528 non
1356 506 1475 541 pronos
1485 522 1494 536 ‚
1510 493 1561 528 sed
1574 495 1698 529 erectos
1714 495 1755 529 ad

369 555 489 580 terram
508 543 645 578 insistere
656 542 721 577 sola
733 544 896 586 ratio,non
918 544 1108 590 imaginatio
1123 544 1275 590 percipit:
1290 544 1356 576 imo
1373 553 1530 588 quantuni
1545 554 1582 577 ea
1594 542 1697 591 potest
1708 554 1758 576 re-

371 593 518 628 incitatur.
531 592 686 637 Qandiu
698 603 808 626 tamen
819 593 942 626 animus
951 593 1078 639 corpori
1088 589 1288 634 infidet,nihil
1297 590 1367 625 fere
1380 593 1603 638 percipit,quin
1617 593 1666 625 vis
1678 592 1757 626 ima-

370 643 509 691 ginatrix
524 642 631 675 statim
643 639 759 687 species
770 652 938 688 corporeas
949 637 1085 688 effingat
1099 657 1108 684 ·‚
1125 638 1234 687 hisque
1249 652 1339 675 mens
1357 639 1615 683 admonetut,aut
1635 640 1758 674 excita-

373 702 434 726 tur.
444 693 495 725 Sic
508 690 563 724 ubi
575 690 745 737 antipodas
758 688 841 722 libet
852 690 995 736 cogitare
1009 718 1019 731 ,
1036 689 1141 723 statim
1152 688 1308 736 praevolat
1331 689 1520 735 imaginatio
1538 717 1548 732 ‚
1564 701 1634 735 quae
1648 688 1757 724 homi-

372 751 431 776 nes
441 750 559 786 pronos
576 739 683 785 capite
698 736 753 771 sibi
765 737 857 786 fingit
871 765 881 779 ‚
897 741 1087 785 &quamvis
1104 750 1160 772 eos
1170 737 1319 773 incedere
1331 738 1455 771 execres
1464 737 1676 785 judicerratio
1686 764 1697 780 ,
1715 748 1758 771 eo

375 798 485 823 tamen
500 786 585 834 quod
598 785 693 834 fingit
709 815 719 829 ,
738 788 836 821 utitur
851 785 1082 834 phantasmate.

412 837 515 884 Qod
527 847 636 869 autem
645 834 824 869 identidem
844 837 986 883 opponit
1001 835 1165 870 Lucretius
1183 833 1224 868 de
1239 833 1386 882 deliquio
1403 835 1524 877 animi,
1540 833 1645 882 palam
1659 832 1705 867 cst
1725 832 1759 867 id

374 886 493 919 vitium
506 882 567 919 effe
582 885 725 931 corporis
737 912 747 926 ,
769 896 834 918 non
849 885 946 919 animi
964 897 972 919 ε
998 896 1069 917 cum
1086 882 1206 917 scilicet
1216 894 1322 918 motus
1336 883 1440 918 cordis
1453 882 1687 930 aliquantulum
1696 879 1760 916 ces·

374 932 420 969 sat
433 962 441 975 ‚
465 945 571 980 neque
589 933 673 966 adeo
691 931 815 980 spiritus
831 932 944 966 vitales
958 933 1143 980 gignuntur.

407 983 494 1030 Opp.
507 988 550 1017 2⁰.
570 983 736 1016 Lucretius
753 993 808 1015 eos
825 979 985 1028 defipere,
1007 982 1062 1026 qui
1080 991 1235 1016 aeternum
1258 992 1331 1014 cum
1357 978 1486 1014 mortali
1499 983 1711 1027 conjungunt.

417 1031 500 1079 Roesp.
513 1042 588 1065 eum
607 1028 708 1077 ipsum
724 1029 861 1064 insanire
876 1057 886 1072 ,
905 1031 961 1076 qui
981 1027 1061 1063 nihil
1074 1039 1187 1076 praeter
1205 1040 1339 1076 corpora
1350 1039 1459 1062 mente
1472 1028 1707 1075 compleciitur,
1723 1030 1758 1063 8(

376 1089 471 1125 putat
489 1081 625 1113 omnino
637 1091 703 1112 non
713 1076 774 1113 effe
785 1079 874 1125 quod
896 1077 997 1112 oculis
1015 1089 1081 1112 non
1095 1079 1236 1112 cernitur
1258 1091 1266 1111 ε
1287 1080 1366 1111 Cum
1385 1078 1497 1110 mentis
1522 1079 1603 1110 acies
1616 1103 1624 1113 ,
1653 1087 1687 1110 ut
1712 1076 1757 1109 ait

378 1127 564 1161 LaCRantius
576 1155 585 1168 ,
607 1128 705 1160 multo
727 1127 844 1160 clarior
858 1125 969 1160 debeas
984 1127 1037 1171 effe
1051 1124 1148 1171 qudm
1170 1127 1306 1173 corporis
1325 1124 1371 1159 ad
1385 1138 1420 1159 ea
1434 1125 1655 1173 percipienda,
1678 1136 1758 1170 quo-

376 1187 447 1208 rum
458 1178 510 1208 vis
527 1187 564 1208 ac
590 1176 670 1207 ratio
679 1175 821 1219 fimitur
830 1175 933 1222 potius
951 1172 1049 1219 qubm
1063 1175 1202 1209 videtur.

433 1224 511 1257 Hu'c
525 1225 622 1257 eriam
638 1224 779 1269 pertinet
789 1222 875 1268 quod
892 1224 1058 1256 Lucretius
1075 1220 1168 1270 fingit
1178 1224 1318 1257 animam
1334 1221 1503 1257 moriendo
1520 1221 1695 1269 paulatim,
1722 1227 1757 1259 &

378 1271 469 1306 velut
483 1283 539 1320 per
549 1283 654 1320 partes
671 1269 790 1306 effliri:
811 1271 893 1305 adeo
906 1281 941 1305 ut
961 1269 1070 1305 sensim
1094 1271 1289 1320 glomeretur
1307 1273 1340 1307 in
1357 1282 1503 1318 corpore.

712 1319 809 1365 Qafi
825 1321 891 1365 ipnz
906 1322 942 1364 fi
965 1319 1056 1367 poffit
1085 1324 1116 1353 in
1134 1333 1224 1354 artus

472 1369 644 1414 Introrsirm
661 1368 802 1409 trahere,
825 1367 864 1401 (θ’
882 1378 993 1415 partes
1005 1367 1169 1401 conducere
1184 1372 1216 1401 in
1233 1381 1347 1406 unum,

478 1419 595 1463 Atque
613 1416 679 1449 ideo
694 1415 937 1460 cunHisfi‘nfitm
958 1415 1109 1448 deducere
1140 1415 1295 1452 meminis.

412 1467 500 1500 Nam
515 1476 549 1499 ut
559 1466 683 1513 optime
694 1462 865 1511 respondet
880 1465 1060 1498 Laetann'us
1071 1492 1081 1506 ,
1102 1466 1210 1510 necrſj}
1224 1464 1263 1509 est
1279 1462 1484 1498 membrorum
1500 1465 1618 1499 namma
1630 1477 1757 1513 quaeque

370 1515 540 1560 frigescere
559 1528 569 1546 :
588 1516 734 1559 quoniam
754 1525 835 1546 venae
852 1513 995 1547 exiliores
1009 1515 1042 1546 in
1057 1524 1199 1546 extrema
1216 1516 1351 1561 corporis
1374 1515 1582 1560 porriguntur
1599 1541 1606 1551 ‚
1640 1513 1679 1549 (²9⁹
1703 1526 1759 1550 exa

381 1560 474 1596 tre‘mi
487 1575 522 1595 ac
536 1563 689 1595 tenuiores
707 1561 772 1594 rivi
785 1559 948 1605 deficiente
965 1572 1050 1593 vena
1065 1560 1160 1601 fhntis
1176 1563 1334 1600 arescunt:
1349 1561 1411 1595 hoc
1424 1560 1470 1594 est
1485 1590 1495 1603 ,
1512 1574 1585 1596 cum
1599 1561 1719 1611 sanguis
1736 1564 1758 1598 ‘a

381 1610 478 1644 corde
494 1613 526 1644 in
539 1611 670 1644 arterias
681 1621 746 1644 non
760 1608 913 1647 nisilente
927 1610 1102 1644 admodum
1117 1611 1274 1644 emittitur
1290 1639 1299 1653 ‚
1318 1609 1473 1657 paulatim
1487 1621 1637 1644 extremae
1651 1623 1759 1659 partes

381 1657 565 1705 frigescunt.

419 1707 498 1740 Illud
515 1719 594 1754 poro
607 1712 639 1744 δε
652 1708 836 1741 Lucretium
856 1711 889 1743 &
906 1705 987 1742 alios
998 1710 1168 1756 Epicureos
1188 1706 1273 1741 fallit
1289 1735 1298 1749 ,
1317 1707 1404 1753 quod
1418 1705 1501 1742 nihil
1519 1719 1634 1754 praeter
1647 1721 1760 1757 corpus

381 1755 442 1791 esse
457 1768 572 1802 putent
588 1785 596 1798 ,
617 1762 649 1792 &
663 1757 776 1790 cuneta
793 1755 889 1790 instar
901 1768 1070 1802 corporum
1082 1756 1138 1791 fibi
1151 1755 1283 1804 fingant.
1295 1757 1380 1789 Rem
1394 1754 1472 1790 vero
1482 1769 1548 1790 non
1558 1759 1603 1790 ita
1613 1756 1642 1791 se
1656 1757 1760 1792 habe-

380 1817 414 1839 re
430 1804 524 1840 facili:
541 1805 759 1851 intelligerent
770 1832 779 1846 ‚
794 1802 814 1837 fi
831 1806 946 1837 mentis
959 1803 1068 1839 oculos
1084 1804 1238 1840 adhibere
1255 1804 1387 1839 vellent.
1407 1805 1536 1852 Corpus
1553 1808 1677 1854 quippe
1695 1806 1759 1840 hoc

382 1855 517 1888 nomine
532 1852 612 1887 nihil
628 1850 720 1900 agere
733 1881 742 1896 ,
765 1851 848 1887 nihil
867 1850 993 1886 efficere
1007 1854 1108 1888 statim
1120 1853 1416 1889 animadverterent
1437 1867 1445 1888 z
1467 1866 1543 1888 narn
1564 1856 1595 1887 in
1607 1854 1759 1901 longum,

383 1902 482 1937 latum
495 1907 527 1938 &
537 1900 732 1944 profundum
749 1901 930 1948 porrigitur,
941 1905 975 1937 ὅ(
985 1900 1003 1935 fi
1015 1915 1134 1952 magno
1148 1901 1277 1936 accedas
1293 1904 1421 1948 corpori
1434 1930 1442 1944 ‚
1455 1902 1558 1936 nihilo
1573 1907 1673 1950 major
1680 1913 1761 1936 eva..

381 1952 436 1984 des
449 1964 456 1984 ι
469 1963 505 1983 ac
523 1952 658 1984 materia
668 1947 747 1984 exse
757 1950 866 1984 sterilis
884 1949 947 1993 est,
967 1962 1066 1998 atque
1075 1956 1166 1986 omni
1176 1952 1293 1985 virtute
1304 1951 1459 1985 destituta.
1478 1953 1589 1998 Qare
1601 1960 1637 1983 ut
1652 1949 1763 1984 forma

382 1998 554 2033 artificialis
565 2012 629 2033 non
640 1998 660 2033 a
670 1997 812 2046 subjecto
822 1999 912 2045 quod
927 1999 1104 2046 expolitur,
1131 1999 1184 2034 sed
1203 1998 1244 2034 ab
1263 2011 1300 2033 ea
1313 2012 1382 2046 quae
1395 2001 1484 2047 viget
1497 1996 1665 2032 in'artifice
1675 2028 1684 2041 ,
1707 1998 1761 2033 di..

382 2060 511 2090 manat,
535 2047 573 2081 sic
587 2047 722 2089 formas,
745 2059 801 2081 aut
819 2046 1010 2093 qualitates,
1027 2059 1084 2082 aut
1097 2059 1220 2083 motum
1235 2047 1336 2094 ipsum
1349 2061 1414 2082 non
1429 2048 1560 2082 materia
1580 2059 1619 2081 (x
1638 2046 1668 2081 se
1681 2047 1759 2082 fun-

382 2098 448 2138 dit,
472 2095 520 2130 sed
543 2096 689 2141 quaedam
712 2094 773 2129 alia
789 2094 896 2129 forma
907 2097 1008 2143 magis
1020 2096 1158 2139 stabilis,
1177 2109 1250 2143 quae
1280 2094 1427 2142 dispersas
1444 2096 1584 2130 materiae
1600 2106 1706 2143 partes
1723 2097 1758 2130 in

382 2157 484 2179 unum
496 2147 584 2191 cogit
592 2144 740 2178 ordinem
756 2158 764 2179 ς
785 2143 866 2177 ordo
876 2155 985 2178 autem
1004 2157 1042 2180 ex
1063 2147 1188 2180 ratione
1202 2143 1418 2192 proficiscitur.
1434 2145 1515 2178 Sunt
1535 2146 1628 2187 igitur
1645 2154 1759 2191 praetex

382 2193 503 2229 forma>
516 2195 656 2227 matetiae
672 2192 831 2227 immersas
849 2197 881 2228 &
893 2191 1063 2227 divisibiles
1077 2194 1222 2240 quaedam
1234 2194 1302 2227 aliae
1314 2191 1475 2241 spiritales,
1485 2196 1518 2227 &
1529 2191 1673 2226 divisioni
1692 2204 1758 2226 non

385 2241 554 2283 obnoxi-e,
580 2243 714 2276 omnino
738 2244 925 2288 incorruptae
940 2271 947 2278 .
965 2245 1039 2289 quia
1059 2254 1164 2289 partes
1175 2255 1241 2277 non
1256 2241 1385 2276 habent.
1401 2243 1430 2274 in
1449 2252 1526 2286 quas
1541 2238 1758 2276 diffolvantur.

385 2294 422 2324 Et
442 2290 513 2324 saue
528 2292 581 2337 qui
597 2290 676 2325 nihil
690 2300 781 2335 putat
795 2287 855 2323 else
867 2289 920 2324 nis:
933 2303 1124 2338 corporeum
1137 2296 1171 2326 &
1187 2288 1454 2334 extensum-quod
1468 2288 1547 2322 m‘hil
1567 2289 1651 2324 aliud
1672 2288 1757 2322 aliud

387 2351 495 2373 mrute
521 2339 694 2386 complcffl
710 2350 809 2385 queat
824 2366 832 2379 ‚
852 2339 935 2373 idern
947 2338 978 2373 fa
1001 2342 1025 2373 it
1035 2339 1157 2374 homini
1174 2341 1231 2385 qui
1250 2338 1269 2373 :⁸1
1286 2339 1448 2371 nativit-tt
1471 2348 1637 2380 caecus,aut
1651 2336 1757 2370 surdus

387 2399 519 2433 negaret
533 2387 632 2423 ullam
640 2387 702 2423 else
714 2387 890 2432 lucem,aut
908 2387 1065 2434 colorem,
1074 2398 1130 2424 aut
1140 2385 1252 2423 sonum
1263 2398 1324 2423 nec
1335 2388 1437 2422 minus
1447 2387 1485 2420 iis
1499 2384 1647 2422 habenda
1663 2383 1757 2426 fides,

1699 2433 1756 2479 qui
