1857 2745
282 135 472 207 r4entibusin
483 168 581 216 quid:
599 172 756 216 quaerenti
772 170 861 204 enim
883 169 961 216 quid
975 168 1010 203 fit
1032 170 1153 215 horno,
1179 168 1235 204 vel
1265 168 1340 213 leo,
1361 168 1589 218 respondemus
1622 169 1684 206 effe

283 219 416 256 animal.

317 270 448 316 Species
467 280 601 316 quoque
611 266 764 302 definitur
783 265 963 302 universale
976 269 1066 314 quod
1078 270 1265 317 praedicatur
1282 268 1322 303 de
1337 266 1446 303 multis
1459 268 1526 304 solo
1545 281 1681 305 numero

278 316 508 353 differentibus
525 321 560 351 in
574 316 666 364 quid.
684 319 726 351 Ea
743 316 824 351 vero
837 314 905 350 solo
923 327 1058 351 numero
1068 318 1220 354 differunt
1231 346 1240 359 ,
1263 330 1333 365 quae
1351 316 1421 352 sunt
1435 318 1623 363 individua,
1644 331 1682 354 ut

283 369 395 402 Petrus
409 396 418 409 ,
448 372 481 404 δε
496 366 608 402 Paulus
624 380 632 401 ε
654 372 688 403 &
705 367 858 413 quaerenti
869 364 949 411 quid
968 362 1004 398 fit
1022 369 1153 411 Petrus,
1175 367 1387 415 respondetur
1412 365 1471 402 este
1500 368 1681 405 hominem.

275 446 279 447 γ
315 419 426 451 Genus
446 415 500 451 vel
511 416 555 450 est
566 416 724 451 summum
736 443 745 457 ‚
760 415 849 461 quod
866 412 992 449 nullum
1014 415 1115 451 habet
1132 430 1232 466 genus
1247 415 1337 465 supra
1350 415 1380 450 se
1396 443 1403 453 ‚
1433 429 1469 451 ut
1489 416 1682 462 substantia5

281 464 337 501 vel
348 464 568 500 subalternum
581 493 591 507 ,
610 464 662 500 seu
679 464 909 500 intermedium
926 491 935 504 ,
954 465 1044 509 quod
1063 464 1217 513 superiori
1233 465 1333 500 subest
1351 494 1358 504 ‚
1378 467 1545 502 unanimal
1563 497 1572 511 ,
1591 467 1681 515 quod

280 516 410 551 viventi
425 513 566 563 subjacet
586 542 596 556 ,
617 517 708 551 &ita
725 515 767 548 est
781 524 880 562 genus
897 511 1042 559 respectu
1053 515 1242 550 inferiorum
1257 544 1266 558 ‚
1283 515 1424 549 hominis
1441 529 1471 550 v.
1487 529 1518 564 g.
1534 522 1566 552 &
1581 516 1680 560 bruti,

279 575 316 599 ut
338 562 375 598 sit
386 567 486 598 etiam
503 564 620 612 species
636 563 780 612 respecstu
792 562 959 610 superioris
972 591 981 605 ,
1000 565 1151 599 nimirum
1174 565 1338 607 viventis,
1368 563 1456 609 quod
1474 564 1569 600 latius
1590 577 1682 614 patet

280 612 379 662 quim]
405 614 536 649 animal.

315 665 369 698 Sic
386 661 506 711 specics
519 662 572 697 vel
586 661 751 698 estinfima
764 691 773 706 ‚
797 674 867 710 quae
897 662 981 697 infra
997 660 1026 696 se
1041 659 1142 695 habet
1161 672 1287 696 tanturn
1304 662 1490 707 individua,
1512 672 1549 696 ut
1568 659 1685 706 homo,'

280 724 336 747 aut
348 712 480 747 circulus
493 729 501 755 ·‚
512 712 564 747 vel
575 713 618 747 est
630 711 828 754 subalterna,
841 725 911 760 quae
929 714 975 746 ita
992 711 1035 745 est
1049 710 1168 758 species
1185 724 1260 745 cum
1274 709 1490 758 superioribus
1513 723 1683 759 compara-

281 773 368 805 ta,ut
384 764 547 797 rationem
561 774 694 809 quoque
712 759 834 796 habeat
853 764 979 809 generis
999 790 1008 804 ,
1033 759 1053 794 si
1076 771 1282 808 comparetur
1299 760 1340 793 ad
1361 761 1519 796 inferiora
1531 790 1540 804 ‚
1557 772 1592 794 ut
1610 762 1682 795 ani-

280 811 346 846 mal
357 824 431 845 cum
441 814 577 847 vivente
592 811 749 846 collatum
764 811 806 845 est
824 810 942 858 species
955 839 964 853 ‚
986 811 1026 844 ad
1048 809 1218 844 hominem
1236 808 1374 845 relatum
1392 823 1491 854 genus
1510 811 1636 845 dicitur.

314 860 512 895 Differenm
531 861 574 894 est
586 859 766 895 univerfitle
777 889 787 903 ,
809 860 898 906 quod
917 860 956 894 de
972 858 1082 894 multis
1095 858 1281 904 praedicatur
1297 861 1329 893 in
1347 856 1442 906 qusile
1459 859 1539 907 quid
1551 888 1559 903 ,
1580 857 1634 893 seu
1647 861 1680 894 in

279 908 376 956 quale
388 910 457 955 post
475 910 554 956 quid
571 926 578 951 ;
603 921 675 943 cum
690 911 777 944 enim
795 907 959 954 quaesitum
981 909 1023 943 est
1045 908 1122 955 quid
1140 906 1176 941 fit
1193 908 1314 951 homo,
1341 914 1374 944 δε
1393 908 1576 958 responsum
1598 907 1677 951 sint,

278 969 354 992 eum
370 956 430 992 eise
452 957 573 992 animal
593 971 600 992 :
620 959 739 992 iterum
758 961 927 1004 quimr,
953 957 1049 1005 quale
1076 957 1119 991 est
1136 956 1279 1000 animal,
1296 969 1429 1005 tumque
1450 957 1678 1006 respondetur,

277 1006 456 1042 rationale:
475 1018 576 1053 eaque
592 1006 635 1040 est
657 1005 842 1040 differentia
863 1006 1004 1040 hominis
1032 1004 1180 1052 specifica
1202 1020 1210 1040 :
1241 1017 1278 1039 ut
1302 1006 1484 1040 differentia
1505 1009 1680 1040 numerica

278 1067 318 1089 ca
332 1055 396 1100 estc,
423 1068 490 1102 quae
510 1055 715 1089 individuum
733 1054 901 1089 constituit
915 1081 926 1097 ‚
952 1065 1087 1102 quaeque
1101 1053 1150 1088 his
1170 1053 1305 1089 vocibus
1325 1057 1462 1103 exprimi
1487 1055 1568 1090 solet
1586 1083 1596 1098 ,
1622 1065 1681 1103 pe-

284 1107 420 1148 rreitas,
451 1104 623 1138 haecceitas.

316 1157 489 1202 Proprium
499 1181 506 1192 ‚
530 1165 566 1188 ut
579 1152 820 1197 diffitentia‚est
832 1152 1010 1189 universale
1025 1154 1112 1200 quod
1124 1152 1312 1201 praedicatur
1325 1155 1356 1188 in
1371 1153 1478 1200 quale.
1504 1153 1567 1189 Sed
1584 1152 1679 1188 diffe-

278 1206 382 1239 rentia
399 1204 442 1238 est
465 1204 494 1237 id
515 1203 602 1251 quod
619 1206 759 1252 primum
778 1205 961 1252 concipitur
979 1205 1012 1237 in
1043 1214 1078 1236 re
1095 1232 1104 1246 ‚
1126 1207 1159 1239 δε
1175 1204 1254 1236 citra
1275 1205 1482 1238 ratiocinium
1507 1212 1620 1251 patet:
1641 1213 1679 1237 ut

279 1252 624 1302 triangulidiffiffrentia
637 1256 669 1288 in
689 1253 752 1288 hoc
770 1251 871 1301 posita
889 1252 1032 1299 estquod
1051 1251 1152 1286 tribus
1177 1251 1271 1286 lineis
1296 1252 1470 1289 claudatur.
1493 1253 1679 1299 Proprieta-

279 1315 327 1338 tes
339 1302 420 1338 vero
437 1304 609 1337 ratiocinio
620 1302 833 1338 evolvuntur:
852 1300 891 1336 fic
910 1301 1093 1337 differentia
1106 1301 1246 1337 hominis
1260 1302 1302 1336 est
1315 1302 1474 1337 rationale
1484 1331 1494 1345 ‚
1514 1301 1602 1349 quod
1618 1301 1679 1335 sta.

279 1355 340 1389 tim
354 1363 508 1400 apparet:
522 1352 574 1386 sed
589 1353 678 1399 quod
695 1352 798 1388 homo
807 1351 843 1386 sit
853 1349 976 1386 risibilis
990 1380 1000 1395 ,
1017 1350 1152 1386 discursu
1169 1352 1313 1397 quodam
1326 1350 1565 1398 cognoscimus:
1587 1348 1679 1397 quod

277 1401 436 1437 videlicet
446 1413 481 1436 ut
495 1403 685 1450 cognitione
701 1430 710 1443 ,
729 1400 768 1436 sic
780 1402 997 1436 admiratione
1011 1401 1158 1449 praeditus
1175 1399 1212 1435 sit
1226 1429 1235 1443 ,
1250 1405 1283 1437 &
1297 1402 1391 1434 certis
1419 1402 1548 1449 organis
1574 1398 1609 1434 fit
1630 1401 1679 1434 in·

277 1453 426 1493 structus,
444 1449 559 1498 quibus
579 1453 769 1486 interiorem
787 1451 1039 1485 admirationem
1052 1449 1170 1497 prodat
1187 1463 1195 1485 :
1227 1449 1315 1496 quod
1333 1451 1446 1496 utique
1470 1450 1512 1483 est
1527 1449 1643 1485 ridere.

310 1503 483 1547 Proprium
504 1511 643 1546 quatuor
656 1500 763 1534 modis
774 1500 901 1533 dicitur.
928 1501 1059 1540 Primo,
1081 1498 1173 1545 quod
1199 1500 1357 1532 convenit
1378 1498 1436 1532 soli
1457 1497 1596 1545 speciei,
1623 1496 1677 1532 sed

276 1563 343 1586 non
353 1547 507 1584 omnibus
519 1549 695 1582 individuis
709 1578 718 1592 ,
731 1560 766 1583 ut
783 1547 914 1583 homsni
931 1545 992 1581 esse
1005 1547 1168 1581 medicum
1181 1575 1191 1589 ,
1208 1554 1255 1581 .20
1283 1546 1370 1593 quod
1397 1548 1555 1582 convenit
1584 1548 1678 1580 omni

277 1600 393 1645 speciei
406 1627 415 1641 ,
435 1597 486 1632 sed
498 1611 564 1632 non
582 1596 640 1632 soli
651 1627 660 1641 ,
674 1610 710 1632 ut
723 1597 849 1632 homini
863 1595 924 1631 effe
938 1595 1095 1644 bipedem
1109 1625 1118 1639 ,
1139 1609 1151 1640 3
1165 1596 1267 1642 'quoi
1282 1598 1440 1630 convenit
1456 1597 1568 1636 omni,
1579 1601 1613 1631 &
1624 1594 1677 1629 so-

276 1648 301 1682 li
319 1647 455 1694 speciei,
474 1645 526 1681 sed
546 1660 612 1681 non
627 1646 749 1695 semper
766 1675 776 1690 ‚
797 1658 833 1682 ut
844 1646 971 1681 homini
985 1647 1018 1679 in
1044 1643 1212 1678 senectute
1227 1643 1392 1678 canescere
1405 1671 1415 1685 ‚
1435 1653 1475 1690 4‘
1493 1643 1583 1690 quod
1596 1655 1676 1677 con-

277 1699 369 1732 venit
383 1701 416 1732 ὅ(
427 1694 484 1730 soli
507 1694 643 1741 speciei,
661 1701 694 1732 &
710 1695 836 1744 semper
850 1724 858 1738 ,
869 1707 905 1729 ut
916 1694 1044 1729 homini
1062 1690 1123 1726 effe
1135 1690 1296 1728 risibilem.

308 1746 466 1781 Accidens
487 1745 529 1778 est
549 1744 727 1779 universsale
741 1746 828 1791 quod
847 1743 1034 1792 praedicatur
1044 1741 1083 1775 de
1103 1740 1212 1776 multis
1226 1743 1258 1776 in
1275 1740 1373 1788 quale
1388 1770 1397 1784 ,
1416 1739 1468 1775 sed
1481 1741 1676 1787 contingen-

279 1807 327 1829 ter
343 1806 398 1830 :ut
411 1793 471 1828 effe
482 1793 621 1827 calidum
635 1822 645 1837 ,
663 1794 820 1843 frigidum
835 1808 842 1833 ;
856 1792 1011 1831 definitur
1027 1794 1127 1828 etiam
1142 1791 1231 1844 quod
1245 1791 1348 1841 potest
1366 1788 1470 1826 adeffe
1481 1819 1490 1833 ,
1515 1794 1549 1826 δε
1567 1787 1674 1826 abesse

277 1843 339 1881 fine
358 1843 492 1892 subjecti
508 1844 655 1882 interitu.

733 1924 772 1962 xC
796 1927 825 1962 A
849 1927 873 1962 P
897 1925 932 1963 U
955 1927 986 1961 T
1054 1927 1067 1960 I
1088 1927 1105 1960 Ἰ
1130 1924 1157 1960 Ῐ.

835 2009 888 2042 De
911 2010 1099 2058 Categoriis.

277 2093 523 2179 CAtegoriae
536 2091 684 2129 dicuntur
702 2103 757 2128 aut
769 2091 1016 2141 praedicamenta
1031 2120 1040 2133 ,
1063 2089 1114 2124 ve!
1138 2090 1281 2138 suprema
1306 2086 1452 2134 quaedam
1474 2097 1614 2135 genera,
1637 2085 1679 2122 ad

364 2158 432 2191 quae
450 2146 561 2178 omnia
572 2157 640 2192 quae
653 2144 798 2178 terminis
818 2143 956 2186 exprimi
972 2139 1097 2189 potsunt
1109 2169 1119 2184 ,
1143 2148 1347 2174 revocantur.
1387 2138 1435 2171 Ac
1470 2138 1609 2184 primum
1626 2148 1676 2170 res

279 2205 392 2228 omnes
411 2194 450 2227 ad
468 2193 534 2228 duo
552 2192 675 2228 summa
696 2203 814 2241 genera
831 2190 945 2225 referri
967 2188 1113 2238 polsunt,
1135 2188 1343 2224 substantiam
1365 2187 1516 2220 nimirum
1540 2191 1573 2222 &
1589 2187 1673 2219 acci-

279 2241 357 2275 dens
373 2256 380 2277 :
398 2255 472 2276 nam
486 2255 533 2276 res
546 2245 673 2286 onmis,
689 2253 743 2276 aut
754 2253 811 2289 per
825 2238 855 2273 se
866 2240 990 2282 existit,
1009 2245 1043 2276 δι
1059 2250 1192 2273 vocatur
1209 2235 1380 2272 substantia
1393 2251 1402 2278 3
1416 2246 1470 2269 aut
1489 2235 1532 2270 est
1545 2237 1578 2269 in
1592 2234 1669 2279 alio,

279 2301 315 2324 ut
328 2292 360 2323 in
377 2289 520 2338 stibJe&o
535 2319 542 2328 ,
562 2304 695 2340 tumque
711 2292 828 2325 dicitur
843 2290 990 2324 accidens
1002 2318 1011 2331 ‚
1025 2299 1061 2323 ut
1075 2288 1181 2331 calor,
1197 2297 1253 2321 aut
1271 2285 1383 2332 frigus·

313 2338 494 2373 Substantia
509 2339 628 2376 dicitur
645 2354 713 2390 quse
727 2352 784 2388 per
797 2338 827 2373 se
840 2350 916 2373 nata
933 2339 976 2373 est
990 2336 1153 2373 subflstete
1167 2367 1176 2380 ‚
1190 2347 1292 2382 eaque
1303 2334 1346 2368 est
1355 2331 1483 2379 duplex.
1499 2330 1672 2385 Ifrimasseu

278 2386 455 2438 singularis,
479 2400 515 2424 ut
526 2392 636 2428 Petrus
651 2419 662 2432 ,
681 2388 890 2434 &.sccunda,
905 2387 958 2424 seu
972 2386 1178 2432 universalis,
1201 2396 1237 2421 ut
1255 2384 1366 2421 homo.
1385 2385 1491 2419 Prima
1502 2381 1671 2418 [abstantia
