1857 2745
462 124 869 161 TRACTATUS
905 123 1161 161 TERTIUS.
1451 133 1501 160 61-

120 178 171 211 Sic
181 185 296 210 aeterna
310 175 427 210 veritas
440 176 578 209 exterius
595 186 654 209 nos
676 174 828 209 admonet
838 185 894 221 pet
906 175 1064 222 imagines
1080 173 1101 209 a
1117 171 1213 207 rebus
1226 172 1407 221 desumptas
1424 148 1500 215 ‚ised

120 224 207 259 forte
217 226 349 259 interius
363 223 457 258 docet
466 235 521 270 pet
535 222 623 257 illam
633 221 875 257 fimilitudinern
890 251 899 266 ‚
910 234 973 268 qua
985 234 1052 256 rem
1074 220 1173 270 ipsam
1194 223 1344 270 produxit
1356 251 1364 265 ,
1382 234 1417 256 ut
1437 215 1504 268 'disi

120 272 229 321 positio
240 300 248 311 ,
268 274 373 319 inquit
388 273 551 307 Henricus
573 270 809 315 Gandavensis,
824 273 969 317 cujusque
983 273 1029 305 rei
1042 271 1075 304 in
1091 270 1267 318 effefitsua
1296 271 1451 320 dispofitio
1470 273 1504 303 in

122 323 262 355 veritate
278 321 315 355 67
330 321 520 368 cognitione«

160 369 238 413 Sed,
250 371 371 414 inquies
383 395 392 407 ,
413 380 474 402 nec
485 368 591 403 lucem
606 367 751 403 divinam
766 395 775 410 ,
789 378 849 402 nec
865 367 951 400 ideas
964 368 1134 402 cernimus.

158 417 355 465 Respondent
371 418 428 463 qui
445 419 477 452 in
501 428 538 450 ea
551 415 619 451 fiint
635 415 792 450 sententia
811 444 820 459 ‚
838 428 895 450 nos
906 418 938 450 in
955 415 1026 450 luce
1040 426 1194 463 corporea
1216 416 1332 450 intueri
1343 443 1352 456 ,
1369 426 1440 460 quae
1452 413 1506 449 sub

127 464 230 502 visum
242 466 359 502 cadunt
371 492 381 507 ‚
399 465 476 499 licet
487 465 539 500 lux
558 464 621 512 ipsa
636 478 702 500 non
719 465 877 500 videatur.
895 466 948 499 Sic
961 464 1010 498 lux
1028 465 1139 498 divina
1153 462 1316 498 mentibus
1334 463 1444 498 nostris
1458 463 1508 497 af-

126 514 449 563 fulget:quanquam
459 515 492 549 in
513 526 584 548 eam
596 516 713 548 mentis
723 515 807 548 acies
823 512 922 562 defigi
935 525 1000 549 non
1017 512 1132 560 poffit;
1155 525 1221 546 non
1239 514 1327 547 enim
1351 511 1393 545 est
1415 510 1510 558 obje-

129 565 216 600 &uni
229 591 238 605 ‚
255 562 306 597 sed
318 565 401 597 ratio
415 592 426 606 ,
445 564 478 597 in
493 575 558 610 qua
574 562 673 597 multa
696 572 876 599 cernuntur.
909 565 987 598 Non
1005 560 1144 597 diffiniili
1163 562 1307 604 ratione,
1338 562 1489 606 inquiunt
1503 588 1512 602 ‚

128 612 202 648 idea
217 612 328 646 divina
349 614 459 647 nonin
471 610 566 659 seipsa
580 640 590 655 ‚
611 610 663 645 sed
680 614 713 647 in
727 610 831 646 verbo
843 640 852 654 ‚
868 623 923 646 aut
942 612 1082 659 imagine
1094 623 1190 658 quam
1205 612 1307 644 menti
1326 609 1437 644 nostra:
1451 611 1513 644 im-

129 663 242 709 primit
255 689 264 703 ,
280 658 479 708 conspicitur.
506 662 634 695 Tamen
648 659 817 695 fatendum
832 661 874 694 est
885 671 1029 695 mentem
1045 661 1122 694 citra
1141 658 1240 693 ullam
1264 659 1406 693 divinam
1436 660 1514 692 irra-

130 710 309 745 diationem
324 737 334 752 ‚
367 707 478 744 saltem
492 711 574 743 circa
586 721 635 743 res
651 721 821 757 corporeas
839 709 966 745 versari.
987 710 1077 745 Nam
1092 709 1196 756 paucis
1224 707 1255 741 id
1276 708 1436 754 contingit
1448 735 1456 750 ‚
1479 718 1515 741 ut

130 770 235 793 rerum
248 769 375 792 naturas
400 759 432 791 in
456 758 535 792 ideis
552 755 620 805 ipsis
637 757 911 806 contemplentur.
932 756 1031 794 Dabo
1057 757 1088 791 id
1109 757 1242 804 quidem
1258 784 1268 799 ,
1289 767 1434 790 mentem
1454 768 1515 790 no-

131 807 225 843 stram
240 805 311 840 luce
324 808 516 854 incorporea
527 811 560 844 &
574 807 684 840 divina
704 818 773 841 tum
786 805 928 855 aspergi,
947 819 1016 840 cum
1029 819 1065 840 ea
1078 817 1141 852 quae
1158 802 1442 853 incorruptibiliter
1464 806 1517 837 vi-

109 890 112 891 γ
132 864 224 894 vum,
244 856 276 888 in
293 856 359 903 ipſs:
373 858 509 890 veritate
514 855 743 903 shpientiaque
756 857 912 889 communi
920 856 1066 903 conspicit
1078 869 1089 887 .·
1101 865 1175 888 nam
1186 865 1221 888 ut
1233 855 1280 888 ait
1291 854 1375 901 Aug.
1385 852 1455 897 fine
1465 853 1516 886 Iu-

133 905 215 938 mine
226 915 287 937 non
293 903 393 950 potes}
406 903 512 937 videri
523 904 628 937 lumen
642 917 651 935 :
669 901 721 937 sed
733 916 798 938 non
810 903 933 939 neceffe
955 904 1002 938 est
1018 915 1052 938 ut
1067 903 1106 937 ad
1126 902 1208 937 hanc
1223 901 1329 936 lucem
1349 900 1516 948 confugia-

135 964 204 987 mus
217 980 227 997 ,
244 964 320 986 cum
340 951 438 986 solem
455 951 557 1000 ipsum
573 979 582 994 ‚
606 963 662 986 aut
680 950 808 995 lunam,
825 964 882 987 aut
894 964 1012 987 terram
1025 980 1035 994 ‚
1057 963 1112 986 aut
1129 963 1176 985 res
1195 962 1363 998 corporeas
1386 947 1521 985 intelle-

137 1001 192 1037 ‹stu
208 1002 418 1048 percipimus:
434 1000 524 1047 quod
537 999 618 1034 alibi
636 998 732 1034 fufius
751 1000 945 1049 explicatum
964 1000 1081 1036 leviter
1095 999 1343 1048 perstringimus.

172 1047 252 1083 Illud
270 1051 367 1084 etiam
379 1051 496 1084 metito
507 1051 604 1095 quaeri
625 1049 728 1096 potest
744 1061 783 1084 an
799 1062 912 1098 praeter
930 1048 1009 1097 ipsas
1030 1050 1255 1097 perceptiones
1274 1048 1401 1082 admitti
1424 1058 1521 1093 opor-

137 1107 205 1131 teat
225 1097 344 1132 formas
362 1096 514 1144 quasdam
528 1126 537 1140 ,
554 1109 609 1131 aut
625 1097 741 1146 species
769 1097 810 1132 ab
827 1098 998 1134 intellectu
1014 1098 1178 1132 distinctas
1206 1109 1277 1143 quae
1304 1095 1435 1142 obje&a
1457 1094 1524 1142 ipsa

137 1144 313 1180 exhibeant
327 1174 336 1189 ‚
359 1151 393 1182 &
417 1145 651 1194 tepraesententy
683 1148 796 1180 Gravis
819 1149 906 1182 enirn
924 1159 1026 1195 nuper
1049 1144 1158 1180 exaxfit
1171 1146 1257 1179 inter
1283 1146 1368 1178 vitos
1402 1141 1524 1178 doetus.

137 1196 309 1242 contentio
332 1207 372 1229 an
391 1207 462 1242 quae
477 1193 659 1228 intellectus
682 1197 820 1241 percipit
840 1207 899 1242 per
920 1197 1007 1229 ideas
1027 1193 1177 1242 quasdam
1197 1192 1238 1226 ab
1254 1191 1321 1241 ipfis
1340 1194 1524 1240 perceptio-

139 1242 235 1277 nibus
255 1243 412 1278 distinctas
430 1254 622 1278 contueatur
637 1244 736 1277 :adeo
752 1255 787 1277 ut
804 1256 870 1278 non
882 1255 948 1278 tam
962 1255 1010 1277 res
1032 1241 1094 1290 ipsa
1108 1270 1118 1285 ,
1134 1253 1232 1288 quam
1246 1253 1356 1275 earnm
1373 1241 1449 1274 ideae
1464 1243 1523 1274 im„

139 1291 284 1326 mediate
303 1303 473 1326 cernantur
487 1303 543 1334 3an
558 1293 663 1338 potius
678 1304 744 1324 non
759 1291 821 1325 alia
842 1291 944 1339 specie
957 1320 967 1335 ‚
978 1291 1117 1326 antidea
1130 1319 1143 1333 ,.
1154 1301 1210 1324 aut
1226 1292 1367 1338 imagine
1386 1301 1465 1336 opus
1490 1288 1524 1322 lit

142 1339 242 1386 quam
261 1339 324 1388 ipsa
340 1343 547 1388 perceptione
557 1367 566 1381 ‚
580 1351 651 1385 quae
662 1350 730 1372 rem
745 1338 894 1375 exhibet.v
905 1342 955 1374 Sit
974 1343 1083 1386 itaque

656 1389 768 1420 Prima
790 1388 954 1432 conclusio.

185 1435 278 1473 Nihil
300 1448 379 1484 opus
394 1435 440 1469 est
455 1435 557 1483 specie
572 1433 771 1482 intelligibili
790 1434 831 1469 ab
845 1435 909 1484 ipsa
923 1436 1130 1483 perceptione
1147 1433 1288 1469 discreta.

181 1484 315 1520 Probari
331 1485 438 1532 potest
451 1483 607 1519 conclufio
624 1483 733 1519 multis
754 1487 948 1532 argumentis
959 1513 967 1527 ‚
993 1496 1062 1530 quae
1080 1482 1261 1518 summatim
1272 1483 1532 1531 perstringimus¹<

147 1541 178 1569 1⁰
197 1533 285 1580 quod
302 1533 356 1567 illa
371 1533 445 1567 idea
459 1561 468 1576 ‚
489 1533 540 1567 vel
551 1535 658 1581 imago
672 1531 692 1567 ὲ
711 1535 919 1580 perceptione
933 1533 1074 1580 sejuncta
1092 1530 1127 1566 fit
1144 1534 1277 1565 omnino
1291 1531 1409 1566 inutilis
1426 1546 1433 1567 :
1453 1543 1530 1566 cum-

147 1584 315 1630 perceptio
339 1581 404 1629 ipsa
431 1593 499 1615 rem
514 1583 678 1630 cognitam
699 1580 884 1628 objefflve,
905 1581 958 1616 seu
972 1581 1072 1616 modo
1094 1579 1294 1628 intelligibili
1314 1580 1533 1628 repraesentet.>

149 1631 239 1665 Cum
249 1633 334 1665 enim
346 1630 498 1664 circulum
512 1630 659 1678 intelligo
680 1659 689 1673 ‚
717 1643 782 1665 non
810 1630 894 1665 illius
914 1632 1087 1675 imaginem
1114 1629 1275 1675 quandam
1300 1628 1318 1664 {i
1341 1631 1529 1676 cognitione

149 1679 301 1714 secretam
312 1708 329 1726 ⁴,
359 1679 412 1714 sed
438 1678 590 1714 circulum
605 1678 707 1727 ipsum
727 1681 881 1727 percipio.
909 1671 993 1714 Acsi
1005 1679 1188 1726 cognitione
1213 1675 1331 1711 reflexa
1365 1677 1419 1711 uid
1439 1677 1530 1712 intel-

151 1729 249 1776 ligam
263 1757 272 1772 ‚
287 1727 383 1775 paulo
401 1730 555 1762 attentius
578 1726 791 1771 confiderem,
811 1741 879 1762 non
900 1727 985 1762 aliud
999 1727 1136 1761 occurrit
1149 1754 1158 1768 ‚
1179 1726 1277 1772 quam
1306 1689 1398 1773 ipiius
1421 1725 1530 1760 circuli

152 1788 333 1825 perceptio,
347 1776 444 1823 quam
459 1776 591 1811 circulus
603 1776 668 1824 ipse
684 1805 693 1819 ‚
705 1787 741 1811 ut
756 1777 803 1810 est
815 1775 978 1826 objeffive
992 1805 1001 1819 ,
1022 1774 1075 1810 seu
1091 1786 1127 1809 ut
1145 1776 1288 1822 cognitus
1314 1774 1359 1808 est
1373 1773 1392 1809 ἐι
1412 1786 1536 1810 menter

152 1827 240 1862 Entis
253 1824 331 1860 vero
349 1824 432 1859 illius
454 1824 721 1872 repraesentativi‚
746 1823 810 1859 five
838 1824 958 1871 species
974 1853 982 1865 ,
997 1823 1060 1859 live
1084 1826 1192 1870 imago
1213 1823 1354 1865 dicatur,
1374 1822 1529 1869 nusquam

154 1876 257 1910 menti
268 1873 382 1908 nostrae
395 1872 426 1907 se
445 1871 523 1907 [istit.
540 1881 572 1910 2⁰
596 1874 658 1908 Cui
674 1872 740 1908 usui
764 1876 824 1908 etit
842 1873 896 1908 illa
917 1873 1032 1921 species
1045 1873 1064 1908 ἐι
1083 1874 1270 1920 cognitione
1289 1872 1437 1905 distincta
1450 1900 1459 1913 ‚
1476 1868 1538 1906 nili⁴

157 1935 248 1958 mens
269 1922 357 1956 illam
373 1923 550 1970 percipiat:
568 1935 644 1971 ergo
654 1933 690 1956 ut
705 1921 856 1956 circulum
870 1921 1059 1970 cognoscam
1070 1949 1079 1963 ,
1092 1921 1209 1968 duplici
1225 1932 1304 1967 opus
1327 1922 1385 1953 erit
1400 1931 1534 1967 percep-

159 1975 249 2006 tione
260 1999 269 2014 ,
279 1983 340 2006 una
350 1983 413 2017 qua
429 1970 526 2018 ipsam
545 1971 652 2005 ideam
667 2000 678 2014 ,
703 1982 758 2005 aut
770 1970 908 2019 speciem
923 1970 1032 2005 circuli
1043 1969 1189 2018 intelligo
1203 1985 1212 2011 ς
1227 1969 1360 2003 alteram
1370 1997 1379 2012 ‚
1402 1980 1463 2014 qua
1476 1971 1533 2002 cir-

160 2019 279 2056 culum.
324 2018 483 2066 Qorsum
510 2018 569 2053 illa:
598 2018 751 2067 ambages
779 2032 852 2054 cum
888 2021 1058 2068 perceptio
1078 2019 1159 2053 mihi
1193 2017 1347 2052 circulum
1382 2015 1536 2051 exhibeat

161 2079 202 2102 eo
230 2067 296 2115 ipso
326 2067 415 2115 quod
436 2067 470 2102 sit
489 2070 654 2116 percepio.
700 2069 852 2116 Cumque
881 2072 971 2104 Deus
1006 2067 1087 2103 mihi
1109 2066 1298 2107 facultatem
1338 2066 1539 2114 percipiendi¹

161 2128 298 2163 corpora
314 2118 467 2165 impertiit
479 2146 488 2160 ‚
507 2115 598 2151 fimul
623 2116 730 2152 effecit
746 2129 780 2152 ut
798 2119 912 2153 mentis
932 2118 1158 2165 perceptiones
1179 2127 1313 2163 corpora
1331 2112 1536 2162 repraesenta-

163 2176 235 2199 tent
244 2168 321 2200 citra
335 2168 414 2200 novi
426 2168 575 2208 entis,aut
588 2178 681 2200 novae
691 2167 837 2214 imaginis
851 2165 1012 2200 auxilium.
1035 2166 1120 2200 Cum
1129 2166 1215 2198 enim
1224 2165 1267 2196 tei
1279 2162 1407 2211 alicujus
1418 2174 1470 2205 ,ut
1480 2165 1536 2196 cit—

166 2212 250 2254 culi,
269 2225 323 2247 aut
333 2215 478 2260 quadrati
489 2216 657 2248 notionem
676 2213 783 2248 habeo
797 2243 806 2256 ‚
827 2216 858 2248 in
871 2226 908 2248 ea
918 2212 1156 2260 notioneipsius
1167 2211 1296 2253 circuli,
1315 2223 1370 2245 aut
1390 2211 1536 2257 quadrati

166 2263 375 2308 proprietates
387 2264 513 2308 inquiro
528 2275 684 2309 3cumque
697 2261 795 2296 affero
813 2262 931 2308 aliquid
950 2261 1068 2297 includi
1089 2262 1121 2295 in
1135 2261 1205 2294 idea
1221 2259 1348 2302 circuli,
1364 2272 1420 2307 per
1431 2260 1537 2294 ideam

167 2322 234 2344 non
251 2308 334 2343 aliud
365 2310 529 2358 intelligo,
549 2310 645 2357 quam
660 2310 766 2344 circuli
790 2309 880 2357 ipsius
903 2313 1166 2358 perceptionem,
1186 2321 1252 2343 non
1273 2308 1412 2343 formam
1436 2320 1538 2356 quan-

170 2357 243 2392 dam
258 2359 305 2392 rei
321 2357 620 2406 tepraesentatticem
633 2358 695 2404 ‚ab
713 2359 776 2408 ipsa
787 2361 903 2395 mentis
932 2361 1066 2396 notione
1078 2357 1264 2405 sejunctam.

1235 2406 1361 2442 ΗΜΛ]
1385 2408 1405 2453 ij
