1857 2745
571 106 750 144 PARS
806 107 1034 145 TERTiA.
1436 126 1497 149 αρτ

103 155 321 211 proficiscitur.
334 157 422 193 Nam
431 159 634 193 ur'terminos
645 155 788 192 sensuum
803 170 868 206 ope
881 157 1112 207 cognoscamus
1128 187 1137 202 ‚
1163 172 1229 194 non
1249 160 1369 195 idcirco
1385 152 1491 197 reruni

92 220 247 254 naturam,
261 207 380 242 nedum
393 206 492 256 ipsam
501 208 677 242 veritatem
687 219 758 254 qua:
772 219 840 242 tam
853 207 1030 242 manifeste
1041 210 1073 244 in
1091 208 1154 244 hoc
1169 211 1329 258 principio
1344 209 1429 245 lucet
1441 240 1450 254 ,
1472 211 1491 246 a

102 255 237 294 senfibus
247 268 441 292 mutuamur.
459 258 532 292 Nec
546 257 677 292 demum
696 255 784 292 illam
799 259 997 292 axiomatuni
1022 260 1196 293 veritatem
1216 261 1386 293 ratiocinio
1400 260 1494 294 colli‘

100 308 207 356 gimus
219 335 231 350 ,
263 319 336 342 curn
353 308 459 342 onmis
477 306 714 343 demonstratio
736 319 776 342 ex
792 308 829 341 iis
843 308 1009 356 principiis
1025 307 1184 356 profecta,
1198 310 1233 343 iii
1246 320 1282 342 ea
1299 309 1430 344 tandem
1441 322 1492 343 re-

99 355 250 392 solvatur.

126 405 301 452 vQuocirca
319 402 372 439 lux
381 403 435 438 illa
452 406 484 438 in
500 417 564 452 qua
577 407 804 454 principiorum
819 407 993 442 veritatem
1006 417 1209 450 contuemur,
1221 406 1323 441 studio
1339 406 1495 442 &labore

90 466 170 490 ·non
185 455 380 501 acquiritur,
402 452 454 488 sed
467 453 558 489 insita
578 454 674 489 nobis
688 455 813 489 videtur
827 454 847 490 a
867 467 978 490 natura
997 469 1006 489 :
1028 455 1112 490 hanc
1137 455 1232 490 nobis
1256 455 1419 490 Conditor
1446 459 1497 492 in·

100 501 201 538 seriiit
216 531 226 546 ‚
241 505 298 549 qui
311 504 410 549 posttit
421 530 432 546 ,
454 514 491 537 ut
506 503 573 552 ipse
598 503 740 552 loquitur
750 504 821 554 Job
839 508 883 548 38.
901 507 934 539 in
949 503 1120 550 visceribus
1137 504 1273 538 hominis
1289 506 1495 552 sapientiam.

101 553 190 587 Hinc
205 551 390 599 Philosophi
400 564 483 600 pene
496 565 610 589 omnes
623 553 767 588 fatentur
781 554 878 589 nobis
900 555 1150 602 anticipationes
1163 555 1232 587 veri
1247 582 1258 597 ,
1281 565 1318 587 ac
1337 555 1495 590 virtutum

99 602 258 649 igniculos
274 600 294 636 ὲ.
313 612 428 636 natura
438 601 528 637 datos
542 602 654 645 fuiffe,
677 602 793 650 quibus
813 605 898 638 ratio
915 603 1062 638 instructa
1085 600 1212 651 longius
1230 603 1366 637 excurrit
1383 617 1391 646 3
1411 604 1495 638 adco

101 661 138 685 ut
151 649 214 698 ipsa
227 651 401 685 evidentiae
420 649 474 685 seu
496 654 641 687 veritatis
666 651 888 687 manifestatio
903 666 971 688 non
983 651 1114 687 aliunde
1128 651 1228 700 quam
1247 652 1266 686 a
1285 654 1389 701 prima
1409 655 1492 688 veri-

101 708 169 733 tate
180 699 273 746 ,'quae
286 702 318 733 in
328 710 439 734 mente
452 701 555 735 nostra
566 729 576 743 ‚
592 713 626 735 ut
643 705 675 734 in
694 700 825 749 speculo
837 702 982 748 quodam
993 700 1097 750 fulget
1109 730 1118 745 ,
1142 702 1216 736 duci
1234 702 1389 737 videatur.

137 749 217 796 Qo
226 748 358 795 quidem
366 749 468 782 modo
485 748 722 784 reminiscentia
741 749 883 785 Platonis
901 750 972 786 satis
995 751 1168 786 commode
1190 750 1342 800 explicari
1366 749 1490 799 potest:

99 809 197 842 nam,
219 808 257 832 ut
270 797 368 832 docet
378 799 410 833 S.
423 797 568 833 Thomas
586 811 621 846 q.
640 800 681 833 de
698 800 832 848 Magist.
848 812 905 835 art.
920 812 943 834 r.
958 801 1155 846 untverſszles
1168 802 1397 849 conceptiones.
1412 813 1496 847 qua-

99 858 170 880 rum
182 848 316 895 cognitio
331 844 418 881 nobis
432 846 474 891 est
485 849 682 882 naturaliter
694 848 790 893 infita
802 876 811 887 ,
820 850 900 894 fitnt
909 848 999 896 quast
1007 850 1131 894 semIna
1144 849 1285 894 quiedam
1299 850 1490 894 omninmfiv-

88 898 264 941 -quentium
274 896 479 943 cognitorum.
493 896 578 930 Cum
595 908 688 931 mens
703 898 807 932 nostra
818 909 858 932 ex
869 900 960 932 unius
971 901 1018 931 rei'
1028 899 1215 945 cognitione
1231 900 1264 934 in
1279 897 1408 932 alterius
1419 909 1494 933 cum

98 941 155 977 illa
171 943 326 992 colligatae
347 945 496 978 notitiam
513 946 665 993 pervenit
682 973 692 988 ,
721 957 792 981 tum
815 946 1061 993 quodammodo
1081 944 1294 982 reminiscitur
1315 961 1322 982 :
1352 958 1427 980 nam
1444 947 1494 980 di-

97 992 210 1027 stinste
238 992 365 1027 evolvit
379 1005 450 1038 quae
469 1004 559 1028 erant
585 995 617 1027 in
635 995 800 1042 principiis
817 993 982 1038 involuta5
1003 1007 1064 1029 nec
1085 997 1295 1031 meminimus
1308 993 1363 1031 nisi
1378 1007 1491 1031 eorum

97 1052 242 1089 quorum
257 1040 424 1075 confuffim
447 1040 604 1075 habemus
619 1043 782 1080 notitiam.

135 1089 237 1137 Qod
251 1099 362 1124 autem
374 1088 467 1124 Plato
485 1089 666 1124 identidem
687 1090 782 1126 docet
793 1090 883 1126 nullo
900 1091 1001 1128 modo
1023 1104 1083 1126 nos
1099 1091 1217 1127 discere
1233 1121 1242 1135 ‚
1268 1090 1321 1125 sed
1344 1092 1494 1128 reminis-

96 1139 203 1173 cendo
217 1150 255 1174 ea
267 1137 516 1187 recognoscere,
550 1151 622 1186 quae
637 1138 730 1174 soluti
751 1139 894 1177 &liberi
909 1143 942 1176 in
959 1142 1082 1176 mundo
1102 1139 1305 1190 intelligibili
1331 1142 1495 1190 perspexi-

99 1199 170 1223 mus
189 1205 199 1230 3
226 1199 264 1222 ac
277 1189 472 1223 memoriam
486 1187 566 1223 nihil
583 1189 644 1223 effe
661 1200 780 1237 praeter
794 1191 1055 1226 recordationem
1071 1190 1238 1239 superioris
1251 1192 1321 1224 vitae
1335 1219 1344 1234 ‚
1360 1191 1496 1234 liaec‚in,

89 1248 200 1283 *quam
212 1265 222 1281 ,
237 1238 350 1286 opinio
357 1242 425 1284 jam
438 1239 523 1272 inter
541 1239 679 1286 ineptias
691 1242 832 1276 evanuit.
848 1238 991 1275 Neillud
1007 1240 1140 1286 quidem
1155 1241 1231 1274 dare
1248 1237 1494 1288 poffumuspm-

97 1287 188 1321 nium
204 1298 308 1321 rerum
326 1286 412 1320 ideas
429 1299 484 1322 aut
502 1289 643 1321 rationes
654 1288 816 1323 mentibus
836 1289 946 1323 nosti-is
961 1287 1022 1323 effe
1036 1291 1196 1324 invenitis
1221 1303 1229 1324 :
1253 1301 1328 1323 cum
1339 1291 1427 1324 enim
1443 1292 1494 1324 in-

98 1332 198 1370 finitae
212 1335 265 1371 vel
281 1336 322 1370 de
342 1333 410 1370 solo
429 1336 590 1384 triangulo
605 1336 893 1373 demonstrationes
916 1336 985 1372 fieri
1002 1319 1121 1386 polsi’nt
1140 1367 1149 1382 ‚
1183 1349 1284 1385 atque
1304 1337 1436 1373 infinitae
1453 1337 1493 1373 il-

98 1382 157 1418 lius
177 1383 297 1432 species
324 1386 501 1433 excogitari
519 1414 528 1428 ,
569 1383 659 1420 nullo
676 1387 777 1422 modo
796 1385 968 1436 probabile
988 1387 1033 1422 est
1051 1386 1193 1423 infinitas
1212 1399 1320 1422 rerum
1338 1389 1493 1437 imagines

99 1431 264 1467 mentibus
290 1433 404 1468 nostris
431 1432 492 1468 else
511 1432 690 1481 insculptas.

135 1481 236 1528 Qod
249 1492 358 1515 autem
371 1489 531 1529 opponunt
542 1481 706 1516 Platonici
719 1494 778 1517 nos
793 1482 813 1517 ὲ
828 1494 941 1518 natura
956 1482 1018 1518 esse
1031 1484 1166 1518 edoaos
1183 1513 1193 1527 ,
1215 1495 1274 1518 nec
1298 1481 1384 1531 posse
1405 1496 1493 1531 quae-

91 1540 171 1563 rere
184 1529 272 1576 quod
287 1532 413 1578 penitus
428 1529 474 1564 est
488 1531 689 1577 incognitum
702 1559 710 1572 ‚
727 1529 832 1564 multo
848 1535 954 1566 minus
975 1533 1112 1567 inventa:
1123 1534 1252 1567 veritati
1270 1531 1471 1579 acquiescere
1484 1560 1493 1570 ,

99 1589 155 1613 aut
166 1579 298 1626 cognita
316 1577 497 1626 approbare
513 1577 599 1627 poil'e
612 1607 620 1621 ‚
645 1577 699 1613 nisi
714 1579 863 1626 quaedam
875 1591 984 1614 earum
1003 1592 1107 1614 rerum
1122 1593 1203 1627 quas
1222 1583 1412 1628 quaerimus,
1437 1592 1492 1616 aut

101 1629 281 1662 invenimus
293 1625 467 1662 mentifint
493 1625 637 1676 impressi
650 1628 794 1675 vestigia.
812 1630 901 1663 Hinc
910 1628 1004 1664 Plato
1017 1631 1049 1664 in
1069 1630 1229 1678 Dialogo,
1252 1632 1307 1676 qui
1326 1633 1430 1665 Meno
1441 1633 1493 1665 in-

98 1675 264 1720 scribitur,
285 1688 418 1725 puerum
433 1677 552 1711 inducit
569 1679 624 1724 qui
646 1675 666 1712 ἐι
692 1679 821 1711 Socrate
840 1678 880 1711 de
899 1680 1088 1713 Geonietria
1115 1680 1351 1727 interrogatus,
1375 1677 1413 1714 s1c
1432 1678 1498 1714 res-·

92 1725 244 1774 pendet,
263 1724 348 1772 quasi
371 1723 571 1774 peritiffimus
591 1724 667 1761 effer
681 1726 766 1760 illius
786 1726 967 1775 disciplinae.

150 1774 238 1820 Rcsp.
254 1775 298 1809 Ex
315 1773 364 1808 his
382 1787 447 1809 non
462 1774 548 1809 aliud
564 1773 666 1818 effici,
687 1775 786 1823 quam
799 1776 830 1809 id
846 1776 934 1822 quod
950 1774 1257 1818 volumus,animum
1272 1788 1339 1811 non
1353 1774 1413 1811 effe
1426 1805 1435 1819 ‚
1457 1787 1494 1811 ut

94 1822 230 1857 :videtur
245 1823 432 1866 Aristoteli,
447 1823 538 1858 velut
558 1822 703 1858 tabulam
715 1823 813 1858 rasam
823 1853 834 1868 ,
856 1827 889 1859 in
904 1837 966 1872 qua
980 1824 1058 1859 nulli
1070 1823 1129 1859 sint
1141 1823 1183 1858 ab
1207 1824 1354 1859 Aiitliore
1373 1836 1494 1859 naturae

100 1870 450 1919 impressicharaelaeres
465 1887 473 1908 ε
486 1872 536 1907 sed
548 1871 752 1907 scientiarum
767 1873 854 1921 quasi
865 1872 984 1909 semina
996 1902 1006 1916 ‚
1031 1885 1085 1908 aut
1097 1885 1284 1909 communes
1301 1871 1413 1908 saltem
1433 1886 1494 1908 iio-

100 1921 206 1956 tiones
225 1923 334 1957 animo
351 1919 410 1956 eise
427 1934 498 1970 cont
513 1923 624 1958 enitas.
653 1923 768 1969 Qare
792 1933 828 1957 ut
853 1921 966 1958 defixis
988 1924 1099 1958 intem
1115 1921 1259 1969 aliquam
1276 1921 1396 1966 oculis,
1419 1934 1491 1970 quae

101 1971 248 2017 proxima
263 1970 333 2006 sunt
346 1970 464 2005 eodem
473 1935 591 2006 obtutu
603 1970 805 2020 perspicimus
821 1985 829 2006 :
850 1970 890 2006 sic
911 1983 949 2006 ea
962 1972 999 2008 vi
1015 1983 1105 2007 mens
1115 1971 1219 2020 pollet
1229 2000 1238 2015 ,
1264 1982 1301 2006 ut
1314 1983 1387 2006 cum
1403 1973 1493 2019 prin..

101 2019 224 2065 cipinm
233 2019 366 2067 aliquod
379 2022 478 2054 acrius
496 2022 636 2056 intuetur
648 2050 658 2064 ,
673 2019 764 2055 simul
775 2033 827 2057 eas
836 2033 908 2069 quoe
920 2033 958 2056 ex
973 2020 1030 2055 illo
1044 2023 1191 2069 proxime
1201 2020 1494 2064 deducuntur‚con.

104 2065 255 2102 clusiones
266 2070 434 2117 percipiat.
456 2072 572 2118 Itaque
587 2099 597 2112 ,
616 2081 653 2105 ut
669 2069 784 2104 falsum
801 2070 848 2105 est
865 2072 1007 2105 animam
1021 2069 1125 2105 secum
1135 2082 1250 2105 omnes
1266 2081 1349 2104 artes
1359 2081 1412 2104 aut
1429 2068 1493 2104 dis-

95 2115 238 2162 ciplinas
255 2116 409 2160 attulisse,
426 2130 481 2153 aut
494 2131 603 2154 reruni
620 2117 810 2154 sensibilium
835 2122 990 2168 imagines
1002 2148 1012 2164 ‚
1042 2119 1093 2154 vel
1124 2118 1243 2167 species
1261 2116 1347 2165 quasi
1376 2117 1492 2154 infusas

106 2164 256 2213 accepisse
269 2182 277 2209 ;
288 2164 326 2200 fic
338 2167 434 2201 fateri
443 2170 588 2216 cogimur
598 2169 822 2216 cognitionem
831 2181 963 2203 omnem
978 2168 1115 2204 nostram
1125 2167 1144 2203 a
1157 2178 1266 2201 natura
1282 2165 1342 2201 esse
1360 2167 1495 2201 inchoa⁴

109 2214 291 2255 ta¹³1¹‚studi0
305 2220 337 2252 &
352 2216 501 2251 industria
510 2216 631 2266 perfici.
660 2219 705 2252 Ac
716 2220 894 2265 permirum
912 2218 1075 2252 videretur
1086 2246 1094 2259 ,
1116 2215 1137 2250 si
1153 2226 1230 2263 puer
1256 2214 1310 2249 ille
1328 2215 1347 2251 ἐι
1362 2217 1495 2250 Socrate

109 2260 321 2311 interrogatus
332 2265 372 2299 de
384 2264 480 2300 rebus
495 2266 628 2301 medicis
641 2295 650 2309 ‚
667 2277 722 2300 aut
736 2265 805 2300 aliis
820 2265 913 2300 rebus
925 2278 998 2312 qiiae
1022 2265 1109 2300 sensu
1127 2270 1160 2301 δε
1178 2264 1377 2311 experienti&
1400 2264 1493 2299 colli-

109 2320 224 2356 guntur
235 2339 243 2353 ‚
258 2322 324 2346 tam
334 2325 409 2360 apte
421 2313 634 2363 respondiffet,
652 2327 688 2348 ac
707 2315 747 2348 de
763 2317 791 2349 G
798 2316 955 2350 eonietria
968 2313 1061 2357 fingit
1077 2313 1179 2348 Plato.
1195 2314 1283 2348 Nam
1297 2312 1497 2348 demonstra-

110 2359 214 2394 tiones
225 2364 427 2407 geometricae
440 2365 486 2398 ita
503 2363 575 2400 sunt
587 2363 657 2398 aliae
677 2363 746 2399 aliis
764 2363 916 2401 consertae
933 2352 1130 2411 &coiligatae
1143 2391 1153 2407 ,
1185 2372 1220 2397 ur
1246 2373 1309 2397 una
1332 2360 1439 2410 persp<
1447 2363 1498 2397 &a
