1857 2745
340 150 395 184 158
893 141 921 177 L
939 142 973 178 O
988 142 1018 178 G
1035 141 1146 178 IC'AE

335 195 430 230 rebus
447 193 597 228 omnibns
609 190 787 241 applicatur
800 219 810 235 ,
829 189 929 239 quam
951 203 990 226 ex
1009 202 1121 227 natura
1133 189 1198 240 ipsa
1212 189 1367 227 oriuntur.
1397 189 1500 238 Qod
1523 187 1588 235 sol,
1607 201 1658 227 ex.
1680 195 1739 242 gr:

334 245 416 279 hanc
432 245 496 275 vini
510 242 645 277 liabent.
661 253 696 276 ut
710 253 818 275 ceram
832 239 982 275 emolliat
994 254 1009 284 ,·
1019 240 1122 275 lutum
1145 240 1274 275 induret
1285 269 1296 284 ‚
1316 252 1434 288 aquam
1459 242 1498 275 in.
1514 252 1651 290 vapores
1671 253 1730 278 ex-

338 304 451 325 renuet
463 320 471 333 ‚
499 290 618 325 fruetus
640 301 801 334 maturet,
817 288 1010 326 insectorum
1032 302 1096 325 ova
1111 288 1280 333 excludat,
1306 289 1384 325 hinc
1399 291 1522 333 vanas,
1535 301 1572 324 ut
1580 291 1737 336 diximus,

338 354 371 375 in
384 339 447 374 sole
463 342 626 387 potentias
640 369 649 382 ,
667 339 721 374 vel
735 341 886 375 entitates
897 338 1170 375 comminiscimur
1188 353 1200 375 τ
1219 351 1292 373 cum
1311 350 1419 374 tamen
1440 339 1508 374 haec
1520 341 1631 374 omnia
1646 352 1731 376 unus

341 389 470 426 &idem
483 389 571 424 calor
593 387 722 425 efficiat.
747 387 836 424 Nihil
855 392 941 423 enim
963 386 1061 423 nobis
1077 390 1178 437 magis
1197 387 1336 423 obvium
1359 388 1402 422 est
1422 417 1433 432 ‚
1456 387 1556 435 quam
1573 391 1656 423 entis
1680 391 1732 438 ip-

341 437 396 474 sius
407 440 501 474 notio
513 438 644 473 confusa
655 468 665 482 ,
676 451 745 486 quae
760 437 854 473 rebus
867 435 1019 472 omnibus
1029 437 1304 473 accommodatur.
1324 437 1386 472 Sed
1410 449 1447 471 ea
1471 438 1571 472 notio-
1612 436 1733 473 lerurna

343 500 407 536 que
425 486 555 530 obstat,
573 490 746 535 quominus
767 488 918 522 distinetae
933 492 1061 524 &verae
1077 499 1183 521 rerum
1204 487 1283 521 ideae
1305 487 1534 535 exprimantur.
1557 487 1584 521 A
1612 486 1741 524 straena

343 538 498 573 nimirum
511 541 544 574 &
556 539 645 586 vagis
661 566 670 581 ,
688 535 742 572 seu
753 539 835 572 entis
852 565 859 574 ‚
881 536 934 571 seu
951 534 1049 570 causae
1061 541 1095 573 &
1108 535 1239 571 effecitus
1253 564 1263 579 ‚
1281 533 1336 570 seu
1347 536 1434 571 aetus
1453 540 1487 571 ὅ(
1502 537 1658 583 potentiae
1672 548 1737 571 no.

345 584 492 622 tionibus
504 588 655 622 contenti
666 585 748 622 ultra
759 599 829 622 non
844 586 1085 635 progredimur:
1101 583 1315 634 quasrnatura
1325 583 1392 632 ipsa
1404 582 1567 620 abstraeta
1576 584 1685 630 foret,
1700 590 1742 623 ὄε-

344 635 366 672 a
377 633 471 670 rebus
490 634 626 684 praecifa.

384 698 416 729 30
432 685 593 734 Magnam
609 696 743 734 quoque
762 686 794 720 in
817 685 896 719 ideis
919 682 1150 721 obscuritatem
1172 686 1259 735 parit
1282 696 1400 720 vocum
1424 681 1628 732 ambiguitas.
1655 684 1747 721 Ideae*

344 735 464 783 quippe
475 734 593 769 nostrae
609 736 705 769 certis
722 734 793 769 sunt
807 734 939 769 addictae
957 733 1110 778 vocibus,
1131 747 1208 782 quas
1219 735 1407 782 imperittun
1429 731 1543 780 vulgus
1565 735 1609 767 im
1634 733 1714 769 osuit
1726 761 1741 778 ,

344 794 485 832 quaeque
497 783 706 832 imperfestas
723 779 900 818 admodum
917 785 1065 817 notiones
1076 784 1375 831 ingenerant-Nam
1389 792 1426 815 ut
1437 792 1487 815 res
1498 779 1576 829 ipsas
1588 794 1608 829 p
1624 794 1735 818 erum.

346 843 411 880 que
424 831 677 880 cogitationibus
688 833 798 868 nostris
819 862 830 876 ‚
847 830 886 866 fic
907 833 1121 880 cogitationes
1136 830 1273 867 vocibus
1292 830 1538 879 quodammodo
1562 829 1739 867 summitti-

347 894 418 917 mus
436 896 444 917 :
462 894 534 916 cum
548 893 657 917 tamen
666 893 763 915 voces
779 893 827 916 eo·
840 879 898 915 fint
917 881 1084 923 inffimtae,
1102 893 1169 927 quo
1183 882 1284 915 animi
1308 880 1533 928 perceptiones
1553 878 1740 929 defignent,

346 941 384 965 ut
400 932 616 978 cogitationes
628 930 739 965 nostrae
754 928 850 963 rebus
866 928 936 977 ipfis
949 927 1065 963 servire
1075 928 1200 964 debent
1214 957 1223 971 ,
1246 934 1280 964 &
1291 940 1344 962 eas
1363 925 1525 963 exhibere.
1549 928 1614 962 Sed
1625 941 1746 966 contra·

350 978 544 1027 plerumque
555 981 680 1015 evenit.
698 980 751 1013 Sic
760 991 829 1025 quae
847 980 982 1013 omnino
996 976 1071 1012 sunt
1085 977 1230 1020 diversa,
1257 976 1348 1024 quod
1364 976 1483 1010 eodem
1503 973 1664 1025 signentur
1677 992 1742 1014 no.

349 1027 585 1071 mine‚confusa
596 1028 736 1075 quadam
749 1029 886 1062 notione
903 1026 1112 1062 involvimus,
1134 1029 1222 1061 Hinc
1236 1024 1412 1061 verborum
1426 1036 1540 1073 pugnae
1554 1031 1588 1062 δέ
1601 1038 1743 1064 conten-

350 1078 476 1118 tiones,
497 1088 569 1122 quae
585 1086 624 1110 ex
644 1087 766 1111 vocum
775 1075 992 1122 homonymia
1014 1073 1190 1110 nascuntur.

393 1126 486 1172 Saepe
498 1126 597 1159 etiam
606 1124 767 1171 contingit
776 1135 811 1157 ut
829 1135 927 1157 voces
938 1120 998 1156 fint
1007 1124 1180 1159 notionum
1189 1153 1200 1168 ,
1211 1134 1280 1170 quae
1293 1134 1464 1172 perperam
1475 1122 1546 1158 sunt
1557 1122 1745 1168 abstractae,

351 1184 410 1208 nec
420 1171 507 1208 bene
518 1174 716 1214 terminatae,
739 1170 834 1220 figna.
850 1173 901 1206 Sic
915 1172 1061 1206 actiones
1080 1184 1164 1219 pene
1179 1175 1423 1207 omnesanimae
1437 1175 1631 1221 corporique
1645 1185 1743 1208 com-

352 1233 466 1257 munes
479 1250 489 1265 ,
507 1233 544 1256 ut
557 1221 660 1258 fames
676 1249 682 1259 ,
705 1219 767 1255 fitis
781 1248 790 1260 ‚
809 1220 922 1264 dolor,
939 1218 1070 1255 confusa
1080 1232 1204 1257 tantum
1217 1233 1256 1256 co
1280 1223 1408 1256 nitione
1419 1224 1650 1271 percipiuntur.
1663 1225 1742 1259 Do·

352 1271 428 1306 loris
441 1285 473 1307 v,
489 1285 525 1319 g..
534 1269 635 1306 sensus
651 1270 752 1306 clarus
762 1269 808 1304 est
824 1284 831 1306 :
847 1268 900 1304 sed
917 1280 1024 1304 utrum
1051 1273 1194 1318 corporis
1220 1234 1279 1306 ve}
1292 1272 1392 1305 animi
1406 1299 1414 1314 ,
1442 1270 1497 1305 vel
1521 1270 1686 1320 utriusque
1704 1269 1750 1307 fit:⁴

351 1320 484 1356 affectio
504 1336 513 1362 ;
544 1332 584 1354 an
603 1323 638 1355 in
652 1332 690 1354 ea
701 1330 792 1367 parte
807 1331 878 1367 quae
891 1317 1029 1354 afficitur
1040 1348 1049 1362 ‚
1070 1331 1110 1354 an
1125 1322 1233 1368 potius
1247 1318 1382 1354 cerebro
1395 1318 1451 1368 ipsi
1465 1318 1547 1363 infit,
1563 1320 1658 1356 valde
1675 1319 1742 1356 ob-

351 1369 475 1405 scurum
494 1369 546 1405 est.
563 1371 614 1403 Sic
627 1368 800 1417 qualitates
812 1380 927 1403 omnes
938 1366 1096 1402 sensibiles
1107 1397 1116 1411 ‚
1142 1380 1177 1403 ut
1194 1368 1265 1411 lux,
1280 1367 1369 1403 calor
1386 1396 1396 1411 ,
1425 1370 1589 1416 gravitas,
1609 1367 1743 1406 confusa

351 1419 527 1453 admodum
546 1419 756 1466 perceptione
769 1417 976 1452 involvuntur
994 1431 1001 1452 :
1018 1429 1207 1452 communes
1219 1429 1392 1465 corporum
1404 1416 1614 1461 affeetiones,
1631 1430 1744 1454 exten·-

352 1466 395 1503 fio
413 1496 422 1510 ‚
446 1466 551 1513 figura
564 1495 573 1510 ,
597 1466 668 1501 fitus
685 1495 695 1509 ‚
713 1477 819 1500 motus
839 1467 983 1501 distincte
992 1468 1094 1513 magis
1109 1471 1144 1502 &
1156 1465 1242 1500 clare
1260 1468 1479 1514 percipiuntur
1496 1479 1504 1501 ε
1519 1464 1639 1514 species
1659 1479 1744 1515 quo-

352 1528 417 1563 que
435 1514 556 1549 infimae
571 1544 580 1558 ‚
598 1527 635 1549 ut
653 1514 773 1557 homo,
799 1526 912 1548 aurum
925 1544 935 1558 ‚
955 1514 1088 1548 circulus
1102 1542 1112 1557 ,
1137 1527 1204 1549 non
1222 1515 1307 1549 adeo
1326 1513 1461 1549 confusis
1474 1544 1484 1559 ,
1511 1514 1563 1550 sed
1584 1515 1743 1553 distinctis

353 1563 486 1598 vocibus
499 1563 750 1599 efferuntur.Sed
767 1561 822 1597 ubi
838 1575 894 1597 aut
913 1575 1018 1597 terum
1029 1561 1214 1609 qualitates,
1226 1574 1283 1598 aut
1291 1564 1438 1598 actiones
1453 1575 1743 1614 corporum‚utge-

354 1615 568 1657 nerationem‚
583 1618 616 1650 δε
634 1613 873 1655 alterationem,
888 1617 921 1649 &
933 1610 1098 1658 utriusque
1107 1610 1285 1647 discrimina
1305 1612 1464 1662 explicare
1476 1613 1622 1649 volumus
1636 1643 1648 1659 ,
1672 1625 1744 1651 tum

354 1674 471 1711 magna
485 1661 564 1710 saepe
574 1675 689 1697 vocum
705 1659 919 1710 ambiguitate
930 1660 1120 1704 deludimur,
1135 1673 1172 1696 ut
1186 1660 1246 1696 suis
1263 1661 1340 1695 locis
1354 1662 1694 1699 ostendemus.Restat
1708 1675 1744 1701 ut

355 1723 418 1759 qua
436 1712 561 1746 ratione
584 1714 606 1746 ii
617 1712 889 1761 perceptionum,
914 1710 969 1747 vel
994 1710 1139 1745 idearum
1153 1709 1301 1747 defeetus
1323 1709 1423 1747 sanari
1439 1709 1582 1762 poffint.,
1597 1711 1750 1761 explice--

356 1773 438 1796 mus.

396 1809 484 1845 Cum
495 1811 526 1846 in
546 1813 637 1847 omni
654 1815 841 1862 cognitione
852 1811 955 1848 nostra
966 1841 975 1855 ‚
989 1813 1038 1846 uti
1052 1810 1130 1860 saepe
1143 1810 1267 1846 dietum
1280 1808 1337 1854 est,
1349 1810 1381 1846 id
1399 1823 1499 1847 unum
1515 1809 1550 1846 fit
1560 1809 1657 1847 nobis
1674 1813 1745 1848 mai

356 1861 442 1893 xime
456 1860 655 1908 propositum
667 1891 677 1905 ,
705 1874 739 1897 ut
752 1862 850 1898 claras
863 1867 895 1899 &
909 1860 1062 1896 dilucidas
1080 1873 1186 1895 rerum
1197 1863 1423 1907 perceptiones
1447 1859 1624 1894 habeamus
1643 1877 1653 1903 3
1679 1872 1743 1896 nec

356 1911 531 1956 quicquam
560 1912 662 1956 magis
687 1912 775 1945 ideas
797 1911 918 1945 nostras
937 1908 1110 1943 conturbet
1122 1936 1132 1950 ,
1160 1907 1259 1954 quam
1275 1910 1426 1956 evagatio
1442 1909 1543 1943 animi
1564 1921 1572 1943 :
1591 1908 1666 1944 huic
1683 1911 1742 1945 uni

356 1957 503 1992 medetur
526 1955 687 2001 attentio,
706 1956 909 2005 quae‘consuli
926 1956 1058 2001 quidem
1070 1955 1192 2003 potest,
1212 1968 1279 1990 non
1293 1957 1369 1992 dari.
1395 1957 1486 1991 Nam
1502 1956 1613 1992 frustra
1630 1958 1672 1992 de
1689 1969 1742 1994 ata

358 2009 504 2042 tentione
523 2007 692 2042 excitanda
705 2009 879 2053 quicquam
893 2006 1091 2052 praecipimus
1103 2033 1111 2047 ,
1133 2003 1157 2038 fi
1169 2006 1334 2053 ingenium
1352 2004 1388 2040 sit
1407 2017 1548 2054 praeceps
1563 2035 1574 2051 ‚
1603 2005 1742 2043 instabi-

358 2055 408 2099 le,
427 2068 576 2104 arrogans
589 2084 598 2098 ‚
616 2067 722 2102 neque
741 2058 774 2091 in
791 2055 881 2090 ullius
900 2055 947 2087 rei
967 2053 1247 2101 contemplatione
1276 2056 1474 2090 immoretur.

398 2105 433 2138 id
446 2117 555 2140 tamen
570 2108 602 2140 in
616 2104 795 2139 universum
809 2105 985 2139 admonere
1002 2116 1069 2138 non
1079 2104 1141 2137 erit
1154 2102 1278 2146 inutile,
1295 2107 1505 2140 attentiorem
1520 2102 1581 2140 etse
1593 2109 1742 2143 animum

357 2154 450 2187 aclea-
465 2166 535 2201 quae
548 2155 639 2189 illurn
656 2156 759 2203 magis
778 2151 925 2188 afficiunt
941 2169 950 2195 3
972 2164 1042 2199 quae
1061 2151 1160 2188 sensus
1198 2153 1311 2187 fortius
1329 2153 1507 2202 percellunt
1525 2171 1534 2197 3
1560 2165 1633 2200 quae
1659 2157 1743 2190 ima.

356 2205 557 2248 ginationem
571 2203 729 2251 implent,
747 2209 780 2240 &
798 2204 862 2238 alta
883 2200 1017 2236 cerebro
1031 2203 1219 2246 imprimunt
1246 2203 1389 2252 vestigia.
1422 2203 1519 2239 Unde
1538 2204 1593 2249 qui
1613 2202 1744 2240 fortiori

359 2249 428 2284 sunt
438 2255 738 2295 imaginatioxiqaut
749 2255 806 2300 qui
817 2255 898 2287 circa
910 2263 957 2285 res
968 2249 1125 2285 sensibile-s
1137 2253 1235 2299 magis
1246 2264 1510 2300 occupantur‚aut
1524 2252 1745 2300 perturbatio-

361 2312 438 2333 num
456 2302 530 2336 :estu
544 2301 748 2350 abripiuntur
762 2331 770 2345 ‚
792 2305 845 2337 vix
870 2303 1014 2334 animum
1032 2301 1070 2335 ad
1085 2314 1132 2335 ros
1155 2298 1385 2335 intellectuales
1414 2300 1540 2349 poffunt
1563 2303 1743 2339 intendere.

361 2347 522 2397 Qcirca
533 2354 655 2386 animus
667 2380 676 2394 ,
687 2364 845 2398 quantum
861 2349 931 2385 ficri
943 2350 1048 2397 potest
1069 2381 1076 2394 ,
1104 2349 1187 2384 liber
1205 2349 1240 2384 sir
1249 2349 1291 2384 ab
1305 2353 1396 2385 omni
1411 2350 1551 2386 sensuum
1563 2350 1744 2399 impresfio-

359 2408 419 2440 ne,
437 2410 491 2434 aut
508 2401 757 2448 perturbatione
770 2401 913 2439 violenta
927 2428 937 2443 ,
962 2411 1016 2435 aut
1032 2398 1190 2435 illecebris
1202 2428 1213 2445 ,
1248 2404 1281 2438 ὅ(
1300 2399 1453 2438 omnibus
1472 2413 1539 2450 quae
1561 2400 1645 2436 illius
1659 2402 1739 2484 hvim

1569 2449 1657 2484 distra
1684 2458 1743 2484 unt
