1857 2745
338 136 403 166 600
765 127 1273 165 METAPHYSICAE.
1358 164 1361 166 ,

332 191 387 213 aut
397 180 478 211 ratio
491 176 526 211 fit
537 176 627 211 velut
640 178 771 225 quidam
782 177 864 211 ordo
878 205 888 220 ‚
898 187 951 210 aut
966 175 1110 211 mensura
1126 173 1327 211 universalis:
1348 185 1384 210 ut
1393 184 1449 224 per
1458 173 1709 224 applicationem

333 226 483 261 mensura:
494 226 548 259 ali‹>
555 230 622 274 ujus
635 254 644 269 ,
655 226 735 273 puta
750 225 841 269 ulnae,
853 227 952 273 panni
964 224 1199 273 longitudinem
1213 253 1222 267 ‚
1241 223 1376 259 bilancis
1387 237 1449 273 ope
1460 236 1565 260 rerum
1581 228 1708 273 ponde.

331 288 363 309 ra
374 273 592 322 cognoscimus
612 289 619 310 ε
640 287 696 323 per
709 273 810 310 sensus
831 273 945 308 itidem
957 285 1129 321 corporum
1141 273 1328 309 affectiones
1346 274 1591 320 quodammodo
1605 275 1707 309 dime-

330 326 436 359 timur.
451 326 502 357 Sic
512 335 658 358 mentem
672 323 762 358 velut
774 325 932 357 rationem
945 323 1106 369 quandam
1123 350 1133 365 ‚
1151 334 1206 357 aut
1223 320 1401 357 mensuram
1421 322 1632 358 universalem
1642 324 1705 361 nd-

329 371 479 407 hibernus
492 401 501 415 ‚
514 384 548 407 ut
566 384 689 407 mutuas
701 385 806 407 rerum
822 371 1028 406 habitudines
1039 401 1048 415 ‚
1065 372 1144 409 &in
1156 369 1275 418 quibus
1288 373 1486 407 conveniant
1496 400 1506 415 ‚
1528 383 1583 406 aut
1596 371 1705 408 discre-

328 432 424 468 pent,
437 420 616 469 perspe&as
625 420 810 456 habeamus.
829 418 941 454 Sensus
954 420 1086 466 quidem
1110 419 1179 454 sunt
1196 421 1229 454 in
1245 418 1301 453 suo
1318 421 1439 466 quique
1450 432 1570 468 genere
1586 419 1705 456 limita,

328 472 372 513 ti,
388 470 468 505 visus
480 470 603 503 colores
615 498 625 512 ,
659 471 785 505 auditus
801 468 893 504 sonos
916 468 1084 503 dimetitur
1098 482 1106 504 ε
1132 468 1349 504 mens1nostra
1366 469 1406 502 ad
1421 481 1476 504 ens
1487 481 1585 504 omne
1604 473 1703 517 perti-

325 531 383 554 net
393 547 401 561 ,
419 524 452 555 &
463 519 621 566 quidquid
630 518 832 567 cognoscitur
843 546 853 561 ‚
867 517 909 552 est
921 521 985 565 ejus
997 517 1138 554 ditionis,
1686 549 1689 553 .

369 568 453 602 Cum
473 578 582 602 autem
596 569 748 602 veritates
767 566 913 615 plurimae
924 595 934 608 ,
951 565 1020 600 fere
1033 577 1069 601 ut
1081 565 1222 615 ejusdem
1233 577 1354 601 catenae
1370 564 1481 601 annuli
1495 563 1553 600 fint
1573 567 1656 601 inter
1668 567 1700 602 se

322 628 475 652 connexae
486 644 495 658 ,
510 615 565 650 ubi
576 628 666 651 mens
674 629 770 651 unam
786 617 923 664 percipit
935 643 945 658 ‚
968 614 1036 649 aliae
1049 615 1139 650 velut
1161 616 1194 649 in
1206 615 1319 649 eadem
1332 614 1409 649 serie
1427 614 1603 649 constitutae
1614 615 1700 663 quafi

323 664 407 699 ultro
427 663 488 699 sese
499 663 666 700 offerunt-2
690 665 772 699 adeo
794 675 833 699 ut
843 676 933 699 mens
947 662 1088 711 separata
1098 665 1309 711 proprietates
1324 675 1396 710 quae
1414 661 1580 698 effenuam
1591 664 1699 699 conse-

319 725 481 760 quuntur,
502 713 590 748 velut
602 716 634 748 in
648 715 713 748 ictu
727 713 815 748 oculi
832 714 1002 748 intueatur.
1029 713 1128 755 Quod
1144 711 1164 746 si
1178 714 1265 747 enim
1285 715 1342 760 qui
1354 712 1527 760 perspicaci
1543 717 1577 748 &
1598 711 1697 747 celeri

319 762 390 797 sunt
399 761 761 810 ingeni0,conclufiones
779 764 811 797 in
822 763 983 810 principiis
997 761 1192 809 conspiciant
1207 789 1216 803 ,
1228 763 1346 807 quique
1359 761 1400 794 de
1410 759 1503 795 rebus
1519 764 1698 808 geometri-

317 812 359 845 cis
370 823 443 845 cum
454 811 566 845 ordine
579 813 843 859 interrogatur‚ut
856 822 934 857 puer
945 809 1000 844 ille
1011 810 1094 857 apud
1107 809 1353 852 Platonem,rite
1364 808 1696 857 respondeat‚dubita..

316 871 349 892 re
367 872 435 894 non
453 857 609 907 possumus
627 862 704 907 quin
722 872 812 895 mens
825 859 924 894 soluta
936 857 956 893 a
970 870 1106 906 corpore
1124 869 1312 893 contextum
1322 858 1627 893 demonstrationum
1637 871 1696 907 per

315 907 446 955 seipsam
459 907 562 943 multo
571 911 671 943 acrius
682 908 867 957 perspiciat,
885 906 947 942 five
962 909 995 942 in
1004 909 1170 943 communi
1184 935 1194 950 ,
1206 912 1241 943 &
1251 906 1341 941 velut
1355 906 1486 954 publico
1500 906 1629 950 lumine,
1638 907 1693 942 vel

315 960 348 991 in
364 957 444 991 ideis
462 957 599 1000 divinis·‚
616 956 679 991 five
698 970 734 992 ea
757 957 876 1005 species
888 956 968 991 olim
987 967 1134 1004 acceptas
1148 954 1317 991 conservet
1329 984 1338 998 ‚
1354 953 1559 1003 utphantafia
1576 955 1692 1003 species

313 1017 484 1053 corporum
499 1018 555 1052 per
569 1006 669 1041 sensus
685 1017 830 1054 acceptas
849 1005 968 1040 retinet
983 1021 993 1049 3
1008 1004 1071 1039 sive
1091 1007 1125 1039 in
1141 1003 1340 1052 Angelorum
1368 1003 1486 1039 sortem
1498 1031 1507 1045 ,
1542 1003 1690 1039 transsata

312 1067 413 1089 novas
434 1052 475 1087 ab
486 1055 631 1090 Authore
649 1066 766 1090 naturae
782 1054 906 1089 hauriat
924 1055 1096 1099 imagines:
1117 1064 1312 1100 quocunque
1330 1053 1361 1087 id
1378 1053 1477 1087 modo
1494 1050 1571 1095 fiat,
1594 1051 1689 1088 nobis

312 1114 435 1137 certum
445 1103 491 1137 est
503 1115 648 1140 mentem
659 1105 799 1151 corporis
824 1102 957 1139 vinculis
980 1101 1114 1140 solutam
1127 1130 1136 1145 ‚
1157 1106 1191 1138 δε
1205 1101 1357 1149 seipsam,
1394 1107 1428 1141 δε
1445 1099 1544 1137 multa
1563 1101 1686 1138 intelli-

311 1163 401 1199 gere.

789 1249 976 1285 Diluuntur
994 1247 1186 1294 objeffiones.

355 1347 403 1379 Ex
416 1347 453 1379 iis
468 1347 547 1382 solvi
559 1347 686 1395 possunt
700 1357 770 1392 quae
780 1347 1016 1391 Pomponatius
1030 1356 1148 1392 magno
1165 1343 1266 1378 studio
1279 1343 1473 1391 conquisivit
1484 1355 1681 1393 argumenta,

306 1403 341 1427 ut
356 1396 519 1430 evinceret
539 1396 623 1430 nulla
643 1397 768 1429 ratione
787 1393 918 1442 probari
935 1391 1021 1441 poise
1049 1395 1190 1427 animam
1213 1392 1341 1427 existere
1363 1393 1558 1441 separatam,
1582 1395 1681 1441 idque

303 1441 369 1476 sola
380 1441 443 1477 fide
456 1455 580 1479 certum
591 1443 713 1479 habeti.
731 1443 833 1489 Qod
842 1454 1002 1489 utcunque
1017 1441 1185 1477 ferendum
1196 1437 1272 1475 effer
1283 1470 1293 1484 ,
1308 1440 1362 1476 nisi
1375 1447 1408 1478 &
1423 1453 1610 1490 argumenta
1620 1455 1681 1477 un·-

304 1490 403 1537 dique
425 1492 636 1541 comparasset
662 1492 809 1527 adversus
830 1493 1014 1526 animorum
1039 1488 1368 1533 immortalitatem,&
1383 1492 1500 1538 impios
1512 1488 1678 1534 armaffet,

302 1542 360 1586 qui
378 1539 504 1576 sublato
520 1544 611 1577 omni
629 1552 721 1576 metu
735 1551 823 1575 totos
842 1538 873 1574 se
892 1539 1115 1587 voluptatibus
1130 1538 1253 1573 dedunt
1266 1567 1275 1581 ,
1305 1550 1405 1585 atque
1429 1538 1543 1573 abillo
1565 1538 1678 1587 sempi-

302 1599 395 1623 terno
406 1600 526 1624 terrore
536 1589 566 1624 se
575 1590 730 1625 liberatos
744 1588 880 1626 volunt:
898 1601 970 1624 cum
978 1588 1153 1626 humanam
1164 1587 1282 1630 vitam,
1296 1598 1332 1622 ut
1344 1587 1489 1635 loquitur
1501 1589 1676 1631 Lucretius,

303 1635 407 1671 turbet
421 1637 461 1671 ab
484 1642 554 1675 imo.

335 1687 405 1720 Nos
416 1686 494 1722 vero
505 1690 647 1723 animam
665 1686 726 1722 effe
740 1687 956 1734 incorruptam
967 1697 1018 1721 tot
1032 1686 1225 1734 argumentis
1236 1685 1460 1721 confirmatum
1470 1683 1675 1731 arbitramur,

299 1744 333 1767 ut
346 1733 451 1769 mimis
462 1738 643 1772 mirandum
659 1734 713 1779 fit,
731 1734 751 1769 sl
763 1734 1006 1784 praestantissimi
1025 1737 1148 1781 quique
1159 1733 1364 1782 Philosophi,
1388 1733 1544 1769 Platonici
1562 1737 1674 1782 impri-

297 1784 357 1816 mis
375 1789 408 1820 δε
419 1786 521 1819 Sto'ici
532 1814 542 1828 ,
562 1786 592 1819 id
607 1784 782 1831 persuasum
796 1783 968 1819 habuerint
983 1797 990 1818 :
1008 1784 1214 1830 quantumvis
1225 1785 1409 1817 minutiores
1420 1783 1494 1825 alii,
1517 1795 1551 1817 ur
1559 1786 1673 1831 Epicu-

299 1833 344 1864 rei
365 1859 374 1873 ,
397 1832 608 1868 reclamarint.
622 1831 765 1868 Tametsi
785 1832 870 1867 forte
889 1844 1000 1867 omnes
1014 1831 1249 1865 circumstantias
1273 1844 1343 1877 quae
1359 1832 1399 1865 ad
1420 1832 1531 1865 statum
1554 1834 1669 1867 anima:

299 1879 446 1927 separata:
459 1881 603 1929 spectant
618 1911 627 1925 ‚
644 1895 709 1917 non
723 1880 793 1916 satis
806 1893 986 1928 compertas
1002 1879 1174 1915 habemus:
1189 1880 1219 1913 id
1237 1882 1325 1914 enim
1336 1882 1469 1914 minime
1480 1880 1522 1913 est
1532 1880 1667 1915 necess‘a..

297 1930 377 1963 rium
399 1946 406 1972 3
424 1942 461 1964 ac
470 1931 539 1965 satis
553 1931 599 1966 est
612 1930 707 1966 nobis
721 1930 810 1978 quod
826 1931 970 1964 animam
982 1929 1145 1975 &corpore
1162 1927 1334 1976 sejunctam
1350 1928 1493 1971 existere,
1503 1939 1536 1962 ut
1546 1939 1667 1964 certum

295 1983 328 2014 &c
342 1979 555 2014 inconcuffiim
567 1992 731 2014 teneamus
746 1993 753 2014 :
773 1979 856 2013 adeo
864 1990 899 2013 ut
910 1990 1024 2013 omnes
1036 1979 1243 2024 Pomponatii
1264 1982 1296 2013 ὅ(
1310 1977 1445 2012 aliorum
1457 1975 1599 2010 molestae
1616 1979 1667 2019 im

296 2029 527 2074 terrogationes
543 2030 712 2075 &argutiae
726 2027 797 2062 satis
819 2027 951 2061 inutiles
968 2025 1028 2061 esse
1039 2026 1219 2061 videantur.
1237 2029 1288 2061 De
1306 2039 1340 2060 re
1351 2028 1436 2060 enini
1447 2024 1665 2073 constat:quo

295 2086 403 2110 autem
415 2076 515 2110 modo
527 2075 555 2110 se
568 2075 687 2110 habeat
696 2078 802 2110 anima
813 2075 953 2122 separata
966 2104 975 2117 ,
995 2087 1063 2109 non
1073 2074 1212 2108 nostrum
1226 2075 1269 2108 est
1281 2086 1346 2108 tam
1358 2071 1478 2108 curiose
1493 2075 1662 2119 inquirere.

296 2124 360 2157 Sed
379 2136 488 2158 tamen
506 2137 546 2158 ne
572 2122 776 2160 difficultates
799 2122 1017 2172 subterfugere
1030 2122 1213 2165 videamur,
1240 2134 1292 2156 eas
1310 2122 1451 2157 breviter
1469 2120 1662 2159 summatim-

294 2184 358 2218 que
374 2173 587 2209 decurramus.

330 2222 375 2254 Ac
389 2224 527 2267 primum
537 2224 767 2270 Pomponatius
789 2220 997 2256 Aristotelem
1011 2223 1044 2256 in
1055 2220 1119 2255 suas
1139 2233 1245 2269 partes
1259 2219 1383 2253 trahere
1401 2221 1458 2253 niti
1465 2230 1522 2261 tur⁷
1530 2224 1600 2268 jure
1619 2233 1660 2255 an

295 2268 428 2312 merito,
445 2271 627 2318 expendere
642 2284 707 2305 non
724 2283 815 2305 vacat
835 2284 842 2305 :
864 2283 937 2305 cum
951 2269 1023 2304 sane
1041 2270 1134 2304 valde
1152 2271 1324 2315 ancipitem
1343 2280 1377 2301 ac
1399 2267 1531 2302 dubium
1547 2270 1580 2303 in
1600 2268 1660 2303 hac

293 2317 492 2362 disptiatione
506 2331 579 2354 eum
596 2318 681 2353 fuiffe
698 2318 768 2353 satis
779 2318 1117 2354 constetJntellestum
1127 2318 1318 2363 quandoque
1330 2317 1349 2351 a
1365 2318 1496 2350 materia
1508 2315 1658 2351 secretum

296 2366 408 2409 tradit,
430 2368 516 2415 quod
538 2366 682 2404 universa
703 2367 859 2417 intelligat
874 2383 884 2411 ·,
899 2368 994 2414 idque
1010 2378 1049 2401 ex
1066 2379 1106 2400 eo
1117 2365 1255 2414 probat,
1276 2365 1364 2412 quod
1385 2365 1550 2412 objectum
1570 2369 1658 2412 juxta
