1857 2745
66 181 219 228 primam
242 209 252 225 ,
265 181 300 215 in
316 192 381 229 qua
408 192 500 216 mens
513 180 592 227 qnid
609 183 678 215 veri
696 180 731 214 sit
743 209 754 224 ,
774 182 938 215 intueatur
952 207 962 223 ‚
977 188 1109 226 quaeque
1139 185 1285 211 mentem
1306 175 1457 223 irradiet,

71 239 143 266 -nec
154 227 242 264 aliud
263 229 298 264 fit
311 241 410 277 quam
426 232 513 264 Deus
529 257 538 271 ,
561 241 578 262 a
603 227 688 263 nosci
705 239 857 276 oportere
879 228 1091 275 pertendunt:
1107 236 1180 260 cum
1198 227 1315 259 veritas
1331 224 1386 259 illa
1405 231 1467 264 im..

82 276 191 311 mensa
203 306 214 322 ,
231 290 348 314 aeterna
360 306 371 322 ‚
387 276 532 327 spiritalis
541 305 551 321 ‚
567 242 688 324 uzique
701 276 737 312 sit
751 288 832 320 tota,
844 275 976 325 qualern
985 277 1119 311 omnino
1134 276 1244 310 Deum
1253 285 1364 308 niente
1387 290 1467 315 con,

83 326 229 373 cipimus,

110 375 200 409 ‘Huc
211 378 310 410 etiam
321 375 462 422 pertinet
479 372 533 408 illa
542 373 676 409 Cartesii
694 376 779 410 ratio
789 403 799 417 ‚
816 386 886 421 quae
897 385 933 409 ut
945 371 1002 422 ipsi
1017 371 1168 414 videtur,
1179 381 1256 406 vera
1266 371 1313 405 est
1327 371 1466 411 demon-

81 421 210 460 stratio:
228 434 369 469 cumque
386 423 406 458 ἐι
424 421 586 457 Gaffendo
597 451 606 466 ‚
622 423 734 459 &aliis
747 422 886 458 multum
900 423 1000 458 fuerit
1011 422 1172 469 exagitata
1186 448 1196 463 ,
1215 432 1283 454 non
1301 422 1361 454 erit
1386 423 1468 458 alie-

80 483 161 505 num
173 474 253 518 quid
266 471 359 509 nobis
377 471 417 506 de
431 471 490 506 hac
506 470 699 519 probatione
726 472 872 506 videatur
891 500 901 515 ‚
935 469 1034 519 paulo
1064 467 1193 502 uberius
1220 468 1380 516 explicare
1392 500 1403 514 ,
1433 479 1468 509 ὃς

81 523 221 600 ¹pixperiri
250 535 291 557 an
314 519 402 555 forte
421 531 490 569 quae
509 521 539 554 ei
567 520 681 555 desunt
700 520 740 555 ad
761 518 1217 560 veramdemonstrationem,
1241 515 1376 566 suppleri
1392 519 1467 568 pos.

103 579 148 604 nt.

117 616 154 649 ld
168 619 351 664 argumenti
369 617 501 653 inhanc
525 630 607 667 pene
618 619 760 654 formam
774 616 921 653 contta'hi
940 617 1050 665 potest·
1074 615 1185 662 'Qod
1198 614 1283 650 clare
1298 620 1333 652 &
1351 617 1467 653 distin-

80 664 134 698 &e
153 664 360 713 intelligimus
379 668 541 715 pertinere
564 668 605 701 ad
623 667 754 714 alicujus
779 670 827 700 rei
840 678 971 710 veram,
988 671 1022 702 &
1041 662 1280 699 immutabilem
1298 676 1460 711 naturam,

81 712 135 748 vel
148 710 313 749 elsentiam
326 743 336 758 ‚
350 716 384 749 id
403 716 510 763 potest
523 716 563 749 de
578 728 615 750 ea
632 728 664 750 te
676 745 685 758 ,
703 721 827 752 &vere
840 744 850 759 ,
862 720 902 751 ⁴&
930 725 1019 748 certo
1034 712 1202 748 affirmari:
1227 711 1279 746 sed
1298 714 1468 760 postquam

82 763 198 796 acriori
216 764 325 797 animo
340 763 703 812 investigatumzinobis
721 764 801 807 fuit,
819 761 951 810 quid·lit
966 766 1076 805 Dens,
1096 761 1180 795 clare
1200 766 1233 797 δε
1250 760 1397 797 distinete
1416 766 1467 799 in-

83 809 253 858 telligimus
271 811 311 844 ad
323 816 387 860 ejus
401 823 547 847 naturam
559 814 761 860 pertinerent
771 813 894 846 existat.
916 812 1002 846 Cum
1017 814 1106 845 enim
1118 813 1225 845 Deum
1245 820 1281 843 ut
1297 821 1366 845 rem
1385 811 1470 848 sum-

81 870 135 892 me
154 859 331 905 perfefflmi
349 872 460 895 mente
477 863 676 908 concipimus
697 890 707 904 ‚
735 872 802 895 tum
823 873 898 895 eum
922 860 1054 894 existere
1073 861 1208 893 omnino
1238 857 1461 907 intelligimus.-

81 907 347 955 quan'doquidem
364 909 529 944 existentia
546 910 592 943 est
607 911 804 944 maxima-rei
828 909 1002 956 perfeetio.
1026 911 1096 942 Imo
1113 905 1195 941 nihil
1211 906 1344 954 potest&⁴
1365 908 1463 944 nobis

81 956 224 990 distinete
241 958 365 1004 percipi
385 985 395 1000 ,
415 957 472 991 nifi
487 958 518 991 id
542 958 742 992 existentiam
776 956 888 991 saltem
907 955 1090 1004 poffibileni
1108 954 1229 990 habere
1258 955 1467 1004 intelligatur.

82 1004 394 1040 Unde&<m0ntem
403 1005 487 1040 valle
500 1006 689 1041 destitutum
703 1005 850 1040 'distinete
869 1018 934 1039 non
949 1006 1146 1053 concipimus
1164 1019 1171 1039 :
1192 1015 1264 1037 cum
1284 1006 1311 1038 is
1333 1018 1399 1040 non
1426 1005 1462 1040 sit

82 1050 346 1100 poffibilis.E1-go
359 1053 416 1087 ubi
443 1067 497 1089 ens
513 1054 631 1088 summe
660 1054 843 1102 perfeChrm
861 1056 1032 1087 attentiori
1052 1055 1163 1087 animo
1190 1053 1462 1100 contemplamur,

83 1100 129 1134 illi
146 1101 351 1136 existentiam
368 1101 477 1137 saltem
497 1102 678 1150 possibilem
701 1100 892 1136 tribuimus:
912 1100 969 1135 ubi
988 1114 1066 1135 vero
1084 1100 1162 1134 illud
1173 1111 1229 1133 ens
1251 1100 1270 1134 ἐι
1286 1100 1380 1135 nobis
1391 1115 1465 1136 om-

78 1151 232 1197 nipotens
251 1151 538 1197 cogitatur‚statim
553 1150 750 1203 agnoscimus
763 1150 794 1184 id
805 1149 855 1184 sua
873 1152 905 1185 vi
922 1147 1008 1197 posse
1034 1149 1165 1183 existere
1178 1158 1296 1195 :atque
1315 1150 1398 1184 adeo
1414 1163 1465 1185 re-

82 1210 159 1231 vera
181 1197 261 1241 effe,
273 1204 307 1234 δε
319 1197 442 1247 semper
465 1200 610 1234 extitisle.
631 1202 719 1235 Nam
734 1199 766 1232 id
776 1197 896 1233 iumine
909 1198 1047 1232 naturali
1068 1208 1181 1232 notum
1200 1195 1263 1239 est,
1282 1198 1371 1245 quod
1387 1211 1464 1247 pro-

82 1248 151 1294 pria
170 1248 203 1281 vi
220 1247 324 1294 potest
341 1246 421 1291 effe,
441 1247 518 1282 illud
537 1246 659 1296 semper
683 1246 828 1283 existere.

120 1297 165 1330 Ex
180 1294 295 1342 quibus
318 1294 389 1330 stitis
405 1308 480 1343 apte
497 1296 689 1332 concludere
704 1296 832 1332 videtur
847 1293 1016 1338 Catienus,
1033 1307 1098 1329 non
1111 1297 1211 1343 magis
1223 1295 1311 1344 polse
1327 1296 1464 1332 existen-

82 1345 162 1378 tiam
192 1343 234 1377 ab
263 1342 392 1378 effentia
416 1347 479 1379 Dei
505 1344 664 1392 separari,
688 1357 786 1390 quam
808 1342 849 1376 ab
876 1341 1005 1376 effentia
1029 1344 1178 1391 trianguli
1204 1344 1462 1393 magnitudinem

84 1394 180 1426 trium
200 1397 266 1439 ejus
286 1392 475 1440 angulorum
497 1392 668 1439 :equalium
691 1389 813 1426 duobus
846 1390 961 1425 reem,-
983 1389 1046 1425 five
1065 1389 1106 1423 ab
1128 1392 1200 1425 idea
1218 1394 1337 1427 montis
1355 1393 1462 1428 ideam

81 1439 198 1475 vallis:
211 1440 293 1474 adeo
307 1451 342 1474 ut
357 1454 421 1475 non
431 1443 536 1476 minus
550 1452 705 1488 repugnet
717 1442 826 1474 Deum
840 1440 974 1486 cogitari
1000 1450 1035 1473 ut
1054 1451 1108 1472 ens
1124 1439 1243 1474 summe
1264 1439 1462 1488 perfeetum,

82 1490 131 1522 cui
145 1487 222 1522 defit
240 1488 422 1531 existentia,
438 1490 502 1523 hoc
514 1489 556 1523 est
571 1517 581 1532 ‚
600 1491 650 1524 cui
673 1488 750 1523 defit
767 1487 877 1535 aliqua
892 1487 1074 1535 perfectio«,
1090 1500 1190 1535 quam
1203 1491 1346 1536 cogitare
1365 1502 1461 1524 mon*

85 1547 152 1570 tem
178 1538 230 1571 cni
246 1535 324 1571 defit
340 1536 442 1573 vallis.

119 1584 298 1633 Objecerat
313 1584 488 1620 Gassendus
506 1590 622 1634 ptimo,
633 1599 705 1622 non
723 1586 793 1622 satis
810 1587 922 1634 justam
935 1583 996 1619 esse
1015 1588 1305 1632 comparationem.
1319 1589 1411 1623 Nam
1426 1599 1460 1622 ut

83 1636 260 1682 proprietas
278 1634 426 1682 trianguli
443 1648 515 1669 cum
534 1640 596 1684 ejus
608 1635 738 1670 essentia
752 1638 814 1680 ‚ita
826 1637 1001 1683 proprietas
1019 1635 1095 1675 Dei,
1111 1646 1140 1665 v.
1152 1646 1201 1681 gr.
1220 1638 1461 1682 omnipotentia

81 1694 158 1716 cuni
168 1686 231 1729 ejus
243 1681 372 1716 elsentia
391 1682 507 1718 debuit
526 1686 703 1732 comparati
717 1700 724 1726 3
738 1696 794 1720 ant
819 1682 1193 1730 existentinnitrizfnguli
1222 1683 1362 1731 exempli
1388 1684 1462 1718 loco

83 1730 162 1765 sumi
179 1733 324 1777 oportuit
335 1745 342 1766 ;
355 1734 445 1778 atqui
458 1733 620 1767 existentia
631 1745 697 1767 non
714 1734 756 1768 est
770 1735 816 1767 rei
827 1732 958 1779 alicujus
973 1732 1151 1778 proprietas
1164 1760 1173 1773 ,
1186 1743 1254 1764 imo
1274 1744 1334 1765 nec
1354 1733 1462 1780 perfe-

86 1780 152 1813 ἃίο
167 1779 237 1821 ,sed
256 1780 285 1812 id
302 1779 365 1814 fine
377 1793 441 1826 quo
454 1793 501 1814 res
522 1793 583 1816 nec
597 1781 741 1829 perfecita
755 1780 842 1823 effer,
856 1792 915 1815 nec
936 1779 1128 1827 imperfeota
1145 1793 1154 1815 z
1174 1778 1261 1814 nulla
1284 1780 1331 1814 est
1346 1783 1433 1815 enim
1451 1810 1462 1823 ,

84 1826 139 1861 ubi
168 1841 236 1862 non
254 1829 378 1871 cx÷stit3
393 1841 528 1875 cumque
541 1832 760 1877 >proprietates
784 1827 936 1876 trianguli
959 1839 1206 1870 enumerantur,
1226 1827 1309 1862 illius
1328 1829 1463 1864 existen-

85 1877 129 1910 tia
146 1878 304 1911 numerari
320 1890 384 1913 non
403 1876 511 1911 debet.
529 1878 597 1912 Cur
609 1880 705 1925 igitur
718 1879 916 1913 existentiam
927 1878 959 1910 in
969 1878 1044 1911 Deo
1060 1887 1094 1910 nt
1112 1876 1350 1924 perfeetionem
1370 1876 1462 1924 ipsius

84 1923 177 1959 affert
191 1924 348 1959 Cartesins
360 1935 377 1960 ’Ξ
401 1927 503 1972 Qod
517 1939 595 1960 vero
605 1929 650 1960 ait
661 1938 726 1961 tam
741 1927 938 1961 existentiam
949 1951 958 1962 ,
981 1937 1078 1971 quam
1116 1925 1311 1959 erfeetiones
1330 1936 1462 1960 caeteras

85 1975 118 2007 in
131 1973 201 2006 idea
215 1975 296 2008 entis
310 1973 431 2008 summe
450 1975 587 2022 perfeeli
595 1975 846 2023 comprehendi,
863 1973 989 2009 videtur
1008 1937 1241 2009 conciiifionem
1258 1985 1317 2022 pro
1339 1977 1460 2022 princi-

85 2023 142 2069 pio
158 2019 320 2066 affiimere.
948 2066 950 2069 v

119 2070 206 2104 Cum
215 2082 323 2106 autem
337 2072 541 2120 responderet
552 2072 706 2108 Cartefius
725 2073 925 2108 existentiam
943 2072 1005 2107 Dei
1020 2082 1084 2105 tam
1098 2070 1157 2106 effe
1178 2071 1262 2106 illius
1279 2073 1460 2119 proprieta-

86 2129 153 2152 tem
167 2147 176 2161 ‚
193 2131 290 2165 qnam
304 2124 596 2168 omnipotentiam,
622 2133 677 2156 aut
700 2121 918 2168 :equalitatem
951 2119 1141 2167 angulorum
1167 2120 1293 2154 duobus
1313 2122 1407 2154 restis
1426 2123 1460 2154 in

87 2167 247 2213 triangulo
260 2197 268 2210 ‚
282 2182 353 2203 cum
372 2170 412 2203 ad
431 2168 594 2204 elsentiam
611 2171 753 2204 divinam
764 2172 941 2217 pertineat:
959 2168 1046 2215 quod
1063 2180 1122 2202 nec
1135 2169 1175 2202 de
1194 2167 1354 2216 triangulo
1371 2196 1380 2211 ‚
1400 2180 1459 2203 nec

87 2214 127 2251 de
141 2213 203 2248 nlla
220 2228 253 2249 re
269 2230 383 2263 praeter
393 2222 502 2253 Deum
513 2248 522 2261 ‚
535 2221 591 2265 qui
606 2219 651 2252 est
665 2217 751 2252 snum
765 2216 825 2252 else
842 2246 851 2259 ‚
867 2219 930 2251 dici
951 2215 1064 2265 potest.

115 2262 265 2310 Urgebat
281 2265 450 2301 Gaffendus
468 2266 573 2314 primo
586 2296 595 2310 ,
612 2265 697 2313 qnod
711 2278 745 2300 ut
757 2266 974 2300 enumerando
992 2266 1202 2313 proprietates
1212 2293 1221 2307 ‚
1235 2270 1269 2301 δε
1281 2264 1459 2313 perfeetio-

88 2323 142 2345 nes
167 2312 331 2359 trianguli,
352 2314 437 2347 nulla
454 2316 539 2351 faeta
556 2317 598 2350 est
615 2316 634 2350 ἐι
653 2314 795 2349 (ΞΜ-ῑείῐο
817 2315 986 2350 existentiae
997 2316 1122 2348 mentio
1144 2330 1153 2356 3
1173 2315 1217 2347 ita
1238 2315 1459 2349 enumerando

85 2362 151 2396 1501
161 2360 377 2409 perfetffiones
388 2390 398 2406 ,
417 2374 492 2398 eum
509 2378 573 2400 uon
597 2362 736 2399 debuiffe
755 2365 791 2399 in
811 2365 848 2397 iis
862 2375 982 2412 ponere
1002 2363 1218 2404 existentiam,
1246 2373 1282 2396 ut
1306 2361 1458 2410 probaret

1133 2412 1162 2444 Y
1179 2423 1230 2458 ry
1279 2413 1311 2459 iij
