1857 2745
7 1268 9 1287 -
5 1231 9 1260 „-
0 1049 10 1212 m-„-—=

389 150 821 191 TRACTATUS
861 153 1194 192 SECUNDUS.
1433 171 1482 202 513

106 207 230 249 stantia,
247 204 368 240 ferrum
385 217 417 240 v.
433 215 480 253 gr.
494 215 551 238 aut
564 204 685 254 lignum
708 219 716 240 :
737 215 773 239 ut
789 203 888 253 figura
908 205 1017 240 statuae
1031 204 1074 238 est
1096 204 1180 239 illius
1200 203 1305 238 forma
1319 232 1328 247 ,
1345 215 1480 252 propter

106 267 205 301 quam
220 255 336 290 dicitur
355 265 409 289 aut
425 252 574 296 Caesaris,
596 265 650 287 aut
664 252 802 288 alterius.
827 254 940 300 Qare
954 265 991 288 ut
1008 263 1080 287 cera
1094 254 1207 287 eadem
1229 264 1361 287 manens
1386 256 1479 288 variis

105 302 240 338 subinde
255 303 363 352 figuris
378 303 573 351 imprimitur
591 317 599 338 :
617 300 656 338 sic
673 302 788 337 eadem
799 303 932 336 materia
945 304 1048 339 varias
1062 301 1182 337 formas
1201 300 1424 336 substantiales
1435 314 1492 337 ex-

106 353 195 400 cipit.

140 402 248 447 Atque
258 411 294 434 ut
304 412 343 435 ex
354 411 437 443 cera,
453 410 507 434 aut
523 411 562 434 ex
575 398 637 433 alia
654 400 791 434 materia
807 397 991 440 secunda,&
1004 397 1160 447 ex1figura
1178 398 1290 433 itidem
1309 398 1345 433 fit
1356 411 1491 448 compo-

101 447 198 484 situm
208 448 425 484 accidentale:
441 446 480 482 fic
497 460 536 482 ex
552 450 685 482 materia
695 450 816 496 prima,
837 453 870 484 &
884 447 990 482 forma
1006 446 1202 483 substantiali
1226 446 1263 481 fit
1277 448 1490 496 compositum

105 496 303 533 substantiale
317 525 327 540 ‚
347 497 436 544 quod
461 496 654 544 plerumque
667 509 750 531 voce
760 495 816 531 fiib
823 496 958 531 stantiva
969 498 1174 543 exprimitur,
1188 508 1222 530 ut
1234 496 1335 530 homo
1351 525 1360 540 ,
1378 509 1491 544 equuS,

105 551 169 583 &c-
187 546 478 593 Qemadmodum
498 551 648 582 &totum
657 545 858 580 accidentale
877 556 959 579 voce
975 545 1137 593 adjedtiva
1152 543 1306 592 designari
1324 544 1404 580 soiet
1419 575 1428 589 ‚
1454 558 1490 580 ut

104 596 280 629 rotundum
292 623 302 637 ‚
322 593 448 629 album.
473 596 538 630 Aut
555 606 642 628 certe
657 594 677 629 fi
691 606 812 628 nomen
831 593 1061 628 substantivum
1081 591 1291 628 adhibeamus
1304 621 1313 636 ‚
1335 596 1403 628 vim
1431 594 1489 628 ha-

104 642 166 677 bet
175 643 326 690 adjectivi
341 657 348 678 ε
377 654 411 677 ιιι
426 642 542 690 globus
559 643 647 677 idem
658 643 702 677 est
718 655 755 676 ac
768 654 880 690 corpus
893 640 1065 691 globosum
1075 670 1086 685 ‚
1105 642 1194 689 quod
1217 641 1337 676 scilicet
1351 642 1489 691 figuram

106 690 208 726 habet
231 691 413 727 rotundam.
700 716 704 719 -

113 750 118 753 ’
148 742 226 774 Haec
240 740 280 774 de
291 742 463 775 notatione
478 740 617 774 nominis
633 737 745 774 formae
755 737 962 781 substantialis
981 754 989 775 :
1015 752 1052 774 ex
1072 751 1137 786 qua
1147 741 1261 786 utique
1274 738 1398 774 diversa
1416 743 1492 786 qui-

103 787 165 823 bus
176 787 287 836 [ignari
307 787 393 829 solet?
402 790 536 822 nomina
549 816 559 830 ‚
579 787 673 822 facile
693 787 927 836 intelliguntur.
951 788 1096 824 Primum
1115 790 1202 824 enim
1218 787 1324 822 forma
1347 788 1462 822 dicitur
1482 818 1491 831 ‚

103 835 192 884 quod
207 837 328 871 formet
343 842 376 873 δε
389 835 727 884 perficiatmateriam.
742 851 766 872 2-
779 839 950 872 Terminus
961 837 1004 871 ob
1016 838 1154 871 eandem
1170 839 1328 870 rationem
1342 839 1492 871 nomina-

107 896 158 919 tur
169 899 176 920 :
188 884 275 932 quod
288 897 404 933 vagam
422 890 455 921 &
468 884 663 919 illimitatam
674 887 843 919 materiam
854 888 948 920 certis
959 885 1076 920 finibus
1088 888 1247 922 co'e‘rceat.
1270 899 1295 928 3.
1314 885 1493 920 character

106 946 237 981 quoque
255 934 317 968 dici
336 933 436 969 solet:
459 932 549 980 quod
565 945 638 967 eam
652 931 787 979 speciem
799 962 809 976 ‚
833 947 869 968 ac
884 934 973 968 velut
988 946 1101 969 notam
1120 933 1299 982 compofito
1311 936 1489 982 imprimat,

104 995 177 1030 quae
188 981 264 1015 illud
277 981 318 1015 ab
332 981 399 1015 aliis
421 981 573 1015 omnibus
588 980 793 1016 discriminat.
815 983 978 1017 Postremo
1003 981 1045 1016 ab
1068 982 1244 1017 Aristotele
1272 988 1306 1019 &
1327 981 1490 1017 veteribus

106 1032 345 1078 Peripateticis,
360 1032 426 1064 imo
444 1029 464 1064 ἐι
482 1029 671 1072 S.Thoma‚
685 1031 767 1062 ratio
785 1059 793 1072 ,
811 1030 971 1075 definitio,
997 1031 1081 1076 quod
1096 1031 1176 1076 quid
1193 1030 1234 1073 est
1248 1033 1382 1078 ,species
1396 1031 1492 1065 deni-

105 1091 171 1126 que
190 1079 369 1112 identidem
379 1077 578 1125 appellatur:
595 1078 682 1124 quod
694 1076 813 1112 scilicet
828 1077 864 1112 sit
878 1081 960 1112 ratio
973 1091 1028 1112 cur
1042 1092 1090 1113 res
1104 1078 1140 1114 fit
1150 1082 1257 1126 potius
1275 1080 1363 1123 haec,
1387 1080 1489 1125 quam

104 1126 184 1171 illa,
207 1139 262 1160 cur
285 1125 320 1161 fit
345 1126 465 1160 ferrum
487 1155 496 1169 ‚
529 1138 595 1160 non
623 1125 744 1174 lignum
763 1139 771 1160 τ
797 1126 883 1173 quod
906 1126 942 1160 fit
963 1130 1046 1161 ratio
1060 1130 1106 1161 rei
1121 1128 1350 1171 constitutiva,
1370 1139 1489 1175 nempe

107 1187 162 1210 aut
183 1177 236 1222 ff'
254 1177 300 1209 rei
320 1204 330 1218 ,
365 1186 418 1209 aut
445 1177 527 1209 ratio
543 1174 687 1209 formalis
708 1172 800 1222 ipsius
824 1176 876 1222 effi
895 1188 903 1209 :
928 1185 964 1208 ut
983 1174 1105 1209 albedo
1117 1176 1159 1209 est
1182 1179 1266 1210 ratio
1289 1188 1355 1223 qua
1381 1174 1492 1210 album

102 1224 152 1258 ¹est
173 1239 181 1260 ε
207 1224 315 1258 forma
344 1225 424 1271 ignis
442 1251 452 1266 ,
476 1224 559 1257 ratio
582 1235 644 1269 qua
661 1223 704 1258 est
726 1224 805 1270 ignis
826 1251 835 1264 ,
868 1224 954 1258 unde
972 1227 1005 1259 &
1027 1226 1060 1261 in
1079 1223 1273 1260 definitione
1289 1227 1408 1273 primas
1433 1223 1491 1258 ob-

105 1274 199 1309 tinet.

144 1322 313 1355 Hactenus
328 1349 337 1364 ‚
357 1331 501 1369 utputo,
522 1331 635 1355 omnes
653 1322 872 1356 conveniunt-2
893 1320 1016 1356 tametfi
1031 1334 1069 1355 ex
1082 1322 1142 1356 hac
1154 1321 1318 1370 generali,
1336 1333 1396 1356 nec
1407 1321 1491 1355 mul-

110 1380 180 1404 tum
195 1368 342 1404 involuta
360 1369 471 1403 formae
489 1371 623 1403 notione
641 1369 746 1401 dirimi
764 1368 860 1404 facile
881 1369 999 1416 poffint
1020 1382 1131 1405 omnes
1154 1369 1394 1412 conuoverfiae,
1419 1382 1489 1416 quae

109 1421 192 1452 circa
203 1417 379 1451 formarum
389 1417 587 1451 existentiam
603 1445 612 1458 ,
628 1427 772 1451 naturam
789 1421 822 1452 &
849 1419 1008 1465 originem
1034 1420 1232 1461 excitantur,
1251 1431 1382 1465 quaeque
1402 1420 1491 1454 Peri-

109 1468 268 1514 pateticos
288 1477 353 1500 non
370 1467 453 1500 inter
467 1464 495 1498 se
506 1463 606 1499 modo
619 1493 628 1507 ‚
647 1464 698 1498 sed
718 1466 816 1499 eriam
835 1478 908 1500 cuni
929 1466 996 1500 aliis
1010 1466 1209 1514 Philosophis
1224 1466 1390 1502 collidunt.
1421 1471 1490 1501 Ve-

110 1513 184 1548 rum
194 1526 243 1547 eae
268 1513 471 1548 commodius
492 1515 523 1547 in
537 1512 665 1560 Physica
683 1515 894 1552 excutientur.
917 1516 998 1549 Satis
1013 1515 1078 1550 hoc
1099 1514 1172 1549 loco
1194 1514 1294 1550 fuerit
1310 1516 1490 1550 formarum

109 1562 320 1598 existentiam
338 1560 572 1600 demonstraffe.
599 1564 646 1596 Sit
662 1563 758 1609 igitur
1345 1563 1349 1566 ”

613 1659 725 1694 Prima
740 1658 911 1704 Conclusio,

147 1757 278 1791 Dantur
291 1756 401 1791 formae
415 1755 644 1793 substantiales.

150 1804 246 1840 Proh.
263 1807 354 1839 concl.
373 1820 394 1841 1.
409 1810 512 1842 Datur
523 1809 689 1854 generatio
703 1835 712 1849 ‚
735 1806 788 1840 seu
813 1806 949 1840 mutatio
973 1807 1072 1840 totius
1098 1804 1249 1841 sensibilis
1264 1836 1273 1851 ‚
1299 1819 1334 1843 ιιι
1354 1811 1489 1843 mutatio

108 1853 191 1900 'ligni
208 1856 240 1888 in
258 1856 364 1901 ignem
379 1869 386 1889 :
411 1855 461 1889 scd
472 1858 636 1903 generatio
648 1855 732 1890 nulla
746 1853 806 1889 effe
818 1855 918 1901 potest
929 1883 937 1896 ‚
951 1853 1006 1888 nisi
1023 1854 1131 1890 forma
1148 1854 1357 1891 substantialis
1377 1859 1491 1904 acqui-

112 1913 197 1936 ratur
210 1931 220 1944 ‚
244 1915 313 1949 quae
336 1904 378 1937 est
401 1903 482 1938 illius
506 1907 658 1939 terminus
675 1932 684 1947 ‚
705 1915 805 1950 quem
820 1905 954 1936 materia
967 1901 1095 1950 respicit
1112 1915 1147 1938 ut
1159 1902 1244 1938 suum
1255 1906 1372 1940 actum.
1386 1908 1423 1940 In
1434 1917 1489 1953 ge-

111 1953 281 1986 neratione
299 1954 384 1986 enim
399 1951 435 1987 fit
452 1955 590 1987 mutatio
602 1953 696 1988 anon
708 1951 770 1987 esse
782 1951 822 1984 ad
837 1949 914 1986 esse:
936 1951 968 1984 id
979 1950 1058 1986 vero
1067 1950 1128 1986 effe
1144 1963 1199 1986 aut
1218 1953 1263 1987 est
1282 1953 1389 1988 forma
1400 1982 1410 1997 ,
1435 1965 1489 1988 aur

112 1997 155 2032 ab
165 2011 204 2033 ea
214 1999 348 2047 profluit.
359 2003 441 2049 Ergo
450 2012 485 2036 ut
495 2013 534 2035 ex
545 2003 757 2049 generatione
767 2002 902 2035 materia
913 2029 922 2037 Ἴ
949 2001 993 2033 ira
1004 2004 1037 2035 &
1050 1999 1155 2034 forma
1177 2004 1301 2049 optime
1322 2001 1489 2036 concludi-

114 2058 165 2081 tur
176 2061 183 2082 :
194 2047 247 2082 illa
259 2060 293 2083 ut
305 2052 490 2084 mutationis
502 2048 706 2084 substantialis
721 2061 892 2084 commune
906 2047 1102 2096 subjeCkum,
1124 2049 1189 2084 haec
1210 2062 1245 2084 ut
1270 2053 1424 2087 terminus
1448 2049 1490 2084 il-

109 2095 172 2130 iius
181 2100 378 2135 mutationis.

152 2145 302 2190 Confirm.
318 2149 350 2181 Si
360 2147 448 2183 nulla
466 2145 542 2181 effer
563 2147 668 2182 forma
687 2145 894 2182 substantialis
913 2174 923 2188 ‚
937 2145 1018 2180 nihil
1037 2144 1112 2181 effer
1131 2147 1314 2182 discriminis
1332 2150 1416 2182 inter
1431 2160 1488 2196 ge-

110 2196 317 2230 'metationem
331 2196 599 2233 &alterationem
614 2210 622 2231 ε
643 2209 809 2243 nunquam
821 2197 907 2229 enim
924 2207 1008 2229 nova
1021 2194 1189 2229 substantia
1202 2198 1387 2244 gigneretur
1405 2211 1413 2232 ε
1436 2196 1489 2231 sed

115 2249 184 2286 quae
197 2245 261 2287 jam
272 2256 338 2279 etat
348 2274 357 2288 ‚
372 2246 616 2279 accidentariam
628 2245 785 2279 duntaxat
793 2245 1009 2278 mutationem
1021 2242 1155 2279 subiret:
1181 2245 1269 2291 quod
1289 2246 1425 2279 omnino
1435 2243 1488 2279 ab·

115 2289 237 2324 surdum
249 2318 258 2332 ,
277 2296 310 2327 &
327 2295 534 2341 experientiae
547 2295 740 2327 contrarium
756 2294 892 2328 videtur.
1220 2307 1236 2323 ο

157 2337 314 2372 Probatur
327 2354 354 2375 2.
373 2344 473 2375 Datur
493 2355 605 2390 corpus
628 2341 791 2385 naturale,
815 2353 849 2376 ut
868 2342 986 2377 ferrum
1009 2354 1016 2376 :
1047 2338 1096 2374 sed
1124 2344 1206 2375 ratio
1227 2353 1296 2388 quae
1327 2342 1414 2376 ferto
1433 2342 1488 2376 dat

110 2385 173 2420 effe
192 2386 282 2431 ferri,
305 2401 436 2436 quaeque
455 2388 501 2423 illi
518 2389 654 2437 speciem
678 2397 711 2428 &
730 2391 826 2427 talem
839 2402 982 2427 naturam
1003 2388 1135 2434 tribuit,
1151 2390 1265 2425 dicitur
1285 2389 1390 2425 forma
1403 2389 1476 2425 sub-

1222 2438 1340 2489 Sssiij
