1857 2745
568 133 596 164 G
613 133 638 166 E
654 131 689 166 N
707 131 730 165 E
748 130 782 165 R
798 130 827 165 A
845 132 875 166 T
892 132 906 165 I
925 131 975 166 M.
1451 146 1484 178 73

87 176 216 230 speeie,
226 191 262 214 ut
278 178 374 216 Plato
384 207 396 222 ,
411 184 444 217 &
459 180 609 214 Socrates
623 182 660 214 in
674 191 792 214 natura
806 179 956 215 humana.
967 179 1081 213 Tertia
1102 179 1268 213 Generica
1278 207 1289 221 ‚
1312 190 1368 227 per
1385 191 1485 227 quam

118 230 184 265 lura
194 227 298 276 specie
314 227 439 264 diversa
449 230 483 264 in
493 241 560 264 uno
571 240 693 277 genere
713 231 917 264 conveniunt
935 257 945 271 ‚
962 240 1002 263 ut
1019 228 1121 263 homo
1134 233 1168 264 δε
1185 239 1287 274 equus
1315 230 1350 262 in
1371 240 1487 263 natura

93 243 250 315 {insitiva
271 280 320 312 Sic
334 280 439 313 onmis
453 280 560 313 unitas
572 289 628 312 aut
646 278 688 312 est
699 280 866 312 numerica
882 307 892 321 ‚
907 277 1010 325 qualis
1021 277 1064 311 est
1077 277 1226 325 cujusque
1242 276 1415 320 mdiv-idun
1433 289 1488 312 aut

93 327 140 363 est
155 329 259 362 unitas
271 326 385 376 gradus
398 348 416 369 ·‚
448 339 521 362 cum
535 325 624 375 plura
638 328 673 361 in
682 339 748 361 uno
761 327 874 375 gradu,
889 326 942 362 vel
954 326 1158 375 perfectione
1170 324 1232 361 five
1242 327 1394 374 gemetica
1407 354 1417 368 ,
1426 325 1489 361 sive

95 375 244 424 specifica
264 378 472 411 conveniunt.

134 438 179 462 22-
204 423 399 461 Univei‘sale
420 425 536 459 dicitur
549 435 660 474 aptum
675 436 715 459 ια’
721 425 765 470 fit
776 425 808 457 in
824 424 944 459 multis.
966 426 1057 460 Nam
1074 422 1177 471 potest
1196 421 1306 457 multis
1325 423 1490 459 inferiori-

95 473 156 508 bus
167 475 402 509 communicari
417 503 426 516 ‚
438 479 470 510 δε
484 473 588 508 multa
601 472 690 508 finiul
702 473 829 522 respicit.
839 502 848 516 ‚
873 485 970 519 atque
985 473 1028 506 ad
1046 484 1086 506 ea
1107 472 1290 506 extenditur
1303 487 1321 514 5⁴
1332 485 1385 507 aur
1403 486 1490 509 certe

99 535 199 571 capax
220 523 262 557 est
275 553 284 566 ‚
301 534 337 556 ut
346 522 386 557 de
399 523 508 557 multis
522 523 716 570 praedicetur
730 553 738 567 ,
756 533 809 557 aut
823 521 1213 556 multisvcomrnunicetur.

135 585 177 616 3⁰·
192 571 330 607 Additur
343 574 474 605 univoce
490 600 498 614 ‚
510 572 572 606 hoc
587 572 631 606 est
641 572 814 607 secundum
828 571 914 605 idem
932 583 1056 606 nomen
1070 575 1103 606 &
1128 568 1268 603 eandem
1283 567 1493 617 significatio..

95 632 174 658 nem
190 622 331 656 nominis
341 634 354 656 .:
367 632 403 654 ut
413 619 553 655 hominis
569 623 734 657 rationem
748 651 758 665 ,
773 619 825 656 vel
837 632 987 655 naturam
1001 632 1042 654 ex
1063 631 1156 666 aequo
1177 620 1372 666 participant
1397 618 1492 655 Plato

100 675 135 706 δ’(
152 671 318 704 Socrates„

133 731 184 764 40.
204 718 356 752 Tandem
368 730 431 751 vox
453 718 507 752 illa
518 747 527 761 ‚
546 718 584 753 &
599 717 731 761 divtssm
747 747 756 759 ,
770 716 823 752 seu
833 715 995 765 sigillatim
1010 744 1020 758 ‚
1038 715 1224 752 definitioni
1234 718 1390 764 adjicitur:
1402 716 1493 763 quod

100 777 216 802 natura
232 764 271 800 sic
292 767 327 799 in
340 764 547 800 inferioribus
560 765 598 800 fit
613 766 711 799 divisa
728 771 762 802 &
777 764 995 814 multiplicata
1008 793 1019 808 ‚
1038 777 1073 799 ut
1084 766 1122 799 de
1132 779 1200 800 uno
1219 769 1253 801 in
1278 765 1440 816 lingulati,
1453 766 1494 800 de

100 813 210 851 multis
229 817 264 849 in
276 812 389 862 plurali
410 826 547 849 nurnero
564 814 729 863 praedicari
746 813 865 863 poffit:
887 815 1022 848 dicimus
1036 816 1123 849 enim
1146 815 1320 851 Platonem
1347 814 1409 850 effe
1434 815 1494 850 ho,-

101 865 225 900 minem
241 893 251 907 ,
269 865 439 897 Socratem
452 862 515 899 effe
538 863 708 899 hominem
720 864 917 906 ,Platonem
928 868 960 899 ὃ(
982 864 1152 899 Socratem
1167 862 1227 899 effe
1238 865 1493 901 homi11es.Nam

102 912 285 947 universale
305 924 406 946 unum
421 909 511 946 fimul
526 917 559 948 ὃς
578 912 680 946 multa
693 912 746 946 suo
763 912 932 946 intellectu
942 911 1169 958 compledb'tur
1187 942 1195 955 ‚
1214 925 1313 960 atque
1329 927 1431 948 unum
1451 913 1494 947 est

59 995 76 1003 ,.
103 962 139 996 in
155 959 379 996 multis..Uno
390 958 494 994 verbo
505 959 800 1008 ‚iquaeuniversalia
822 960 956 995 dicimus
973 989 982 1002 ‚
1002 959 1192 995 nominibus
1214 962 1419 1010 appellativis
1437 974 1494 996 ex-

104 1011 287 1056 primuntur
299 1036 309 1051 ‚
323 1008 472 1043 unhomo
484 1038 494 1051 ,
506 1020 609 1056 equus
620 1038 643 1051 ‚.
654 1008 682 1043 la
709 1011 733 1042 is
746 1021 808 1043 :utv
823 1008 1002 1043 individua*
1016 1007 1171 1054 suntquae
1190 1013 1325 1056 propriis
1351 1012 1496 1045 nomini-

104 1057 165 1091 bus
175 1055 406 1104 fignantur.Sic
416 1067 531 1091 natura
542 1023 729 1091 universalis
740 1055 829 1091 simul
845 1069 909 1091 una
922 1058 1015 1098 est,&
1033 1056 1131 1090 divisa
1150 1071 1157 1091 ;
1182 1069 1243 1091 una
1252 1079 1265 1100 -,
1283 1070 1440 1104 quatenus
1453 1059 1496 1092 est

103 1107 300 1155 principium
312 1103 523 1140 similitudinis
539 1103 658 1149 ;divisa
667 1105 711 1139 est
727 1116 913 1152 ‚quatenus
936 1106 979 1138 est
1006 1106 1174 1140 commeta
1191 1117 1250 1152 per
1275 1105 1495 1142 differentiam

105 1157 314 1190 numericam.
339 1156 377 1188 In
398 1166 514 1189 natura
530 1154 641 1189 divina
655 1166 704 1188 res
726 1154 819 1188 aliter
833 1153 862 1188 se
873 1152 973 1188 habet
987 1182 995 1195 ‚
1007 1166 1081 1190 cum
1098 1166 1137 1188 ea
1158 1152 1192 1188 sit
1218 1156 1251 1189 in
1268 1155 1367 1190 tribus
1387 1155 1495 1202 perso.

106 1205 155 1239 nis
170 1202 312 1238 indivisa.
331 1203 434 1240 Unde
447 1203 580 1240 dicimus
599 1205 730 1239 Patrem
744 1233 753 1246 ,
771 1202 882 1239 Filium
893 1208 926 1240 &
941 1204 1093 1251 Spiritum
1114 1202 1259 1239 sanetum
1280 1208 1389 1241 Deum
1408 1203 1468 1240 else
1482 1233 1493 1248 ,

107 1265 177 1289 non
193 1255 294 1290 Deos.

574 1304 927 1352 QUAESTiO
987 1304 1041 1338 11.

600 1377 655 1410 De
666 1378 778 1422 forma
804 1376 1024 1424 univerfizlis‚-

161 1450 456 1488 Nuniversaliduo
469 1450 537 1486 sunt
550 1481 559 1494 ,
578 1453 721 1487 Materia
736 1455 770 1486 &
786 1450 905 1485 forina-
928 1449 986 1485 llla
1001 1450 1043 1485 cst
1061 1461 1174 1485 natura
1185 1478 1194 1493 ,
1211 1463 1282 1497 quae
1297 1451 1412 1486 dicitur
1425 1453 1496 1487 uni-

164 1498 291 1535 versalis
305 1531 314 1544 ‚
326 1513 361 1535 ut
372 1511 488 1536 natura
500 1499 665 1542 humana,
683 1499 723 1531 de
740 1511 804 1545 qua
816 1498 983 1545 hucusque
1003 1501 1126 1546 egimus
1145 1513 1152 1533 :
1173 1500 1289 1533 Forma
1321 1511 1432 1533 autern
1454 1501 1496 1533 est

111 1546 176 1595 ipsa
193 1548 411 1584 universalitas
424 1576 434 1590 ,
449 1559 514 1593 qua
533 1545 651 1582 scilicet
667 1558 780 1581 natura
797 1545 834 1580 fit
851 1548 1032 1580 communis
1047 1545 1199 1593 pluribus.
1218 1548 1316 1581 Nunc
1331 1549 1497 1594 quaeritur,

113 1595 200 1630 unde
214 1595 270 1631 illa
288 1596 396 1631 forma
411 1594 557 1645 profluat.
577 1597 629 1631 An
640 1605 753 1630 natura
768 1607 797 1628 v.
809 1607 840 1641 g.
857 1594 997 1628 humana
1012 1606 1052 1628 ex
1063 1593 1152 1636 se,&
1169 1597 1303 1629 nemine
1332 1598 1498 1643 cogitante

114 1642 237 1678 habeat
248 1646 401 1693 quidquid
415 1644 454 1679 ad
469 1645 628 1679 rationem
639 1641 821 1678 universalis
837 1644 1029 1689 requiritu13
1046 1655 1087 1678 an
1105 1645 1210 1691 potius
1221 1646 1421 1692 cogitatione
1433 1643 1497 1692 ipsa

115 1690 169 1726 seu
186 1693 326 1738 quadam
341 1694 459 1728 mentis
472 1694 600 1727 actione
616 1704 731 1727 natura
741 1704 876 1739 quaeque
891 1690 927 1727 fit
939 1690 1122 1726 universalis
1135 1691 1238 1727 :adeo
1251 1705 1286 1727 ut
1302 1693 1498 1728 fundamen-

118 1751 188 1775 tum
204 1741 391 1777 universalis
412 1740 448 1776 sit
463 1740 700 1790 anaturaipfa,
718 1740 823 1775 forma
844 1745 877 1776 &
895 1741 1055 1788 perfectio
1075 1740 1118 1775 ab
1141 1741 1321 1778 intellectu.
1353 1743 1436 1778 Haec
1456 1743 1498 1776 est

116 1788 249 1837 quaestio
264 1793 300 1827 in
314 1790 438 1827 Scholis
456 1790 538 1825 adeo
556 1793 675 1839 agitata
689 1793 773 1825 inter
783 1791 870 1824 Scoti
881 1795 914 1826 &
927 1792 959 1827 S.
977 1789 1116 1825 Thomae
1134 1789 1328 1838 diso‘pulos..

152 1839 265 1874 Scotus
288 1843 377 1876 enim
393 1843 428 1875 in
452 1852 488 1873 ea
503 1839 546 1873 est
555 1842 711 1887 opinione
727 1868 736 1882 ,
753 1850 789 1873 ut
811 1850 902 1887 putet
920 1850 1068 1873 naturam
1079 1853 1112 1875 V.
1124 1852 1154 1887 g.
1166 1838 1274 1873 circuli
1292 1867 1302 1881 ‚
1315 1851 1370 1874 aut
1390 1839 1499 1874 homi-

118 1889 167 1923 nis
183 1899 253 1924 non
266 1887 335 1924 fieri
352 1888 394 1924 ab
413 1887 579 1924 intelleffii
590 1887 803 1923 universalem
815 1916 824 1929 ,
834 1886 885 1921 sed
898 1889 1034 1923 inveniri
1048 1916 1060 1930 ,
1073 1893 1108 1924 ὅ(
1117 1886 1203 1934 quafi
1217 1888 1323 1936 detegi
1335 1902 1342 1924 :
1353 1899 1426 1922 cum
1440 1887 1500 1922 ab·

119 1937 233 1980 strasta
257 1938 414 1973 videlicet
427 1966 436 1981 ‚
463 1943 497 1975 ὃς
530 1936 656 1986 ptaecisa
686 1936 729 1971 ab
767 1936 937 1970 individuis
957 1964 966 1979 ,
996 1938 1174 1983 concipitur
1203 1935 1320 1972 relietis
1346 1935 1500 1971 differen-

123 1986 173 2019 tiis
188 2013 198 2027 ‚
220 1998 292 2033 quae
317 1989 350 2023 in
378 1999 578 2034 unoquoque
602 1986 769 2021 individuo
786 1984 891 2019 insunt
918 1999 926 2020 :
958 1996 993 2020 ut
1013 1997 1087 2019 curn
1110 1984 1245 2020 circulus
1274 1984 1449 2020 secundum
1469 1984 1500 2019 se

122 2031 283 2081 spetlum·
298 2047 477 2084 ‚quatenus
492 2036 536 2069 est
560 2034 661 2084 figura
675 2064 684 2078 ‚
707 2040 791 2083 cujus
810 2033 1071 2069 circumferentia
1089 2034 1256 2081 aeqnaliter
1278 2034 1298 2070 ὸ.
1318 2045 1428 2069 centro
1449 2041 1505 2068 re-'

122 2093 274 2118 movetur
285 2097 293 2119 :
304 2095 414 2132 neque
428 2097 535 2120 utrum
544 2086 578 2120 in
590 2084 700 2119 charta
712 2113 722 2126 ‚
739 2085 836 2118 autin
849 2095 910 2118 :ere
924 2082 1000 2126 fiat',
1012 2084 1220 2120 attendimus.
1235 2084 1326 2118 Idem
1335 2084 1375 2118 de
1386 2094 1499 2117 natura

123 2130 264 2167 hominis
277 2133 450 2169 dicendum
456 2146 566 2180 ,qua-m
576 2136 632 2181 qui
649 2132 691 2167 ab
707 2133 875 2168 individuis
895 2131 1053 2167 secretam
1065 2131 1306 2180 contemplatur
1319 2161 1328 2175 ‚
1339 2131 1500 2166 universa-

123 2178 269 2216 lemnon
282 2182 427 2225 facit,sed
444 2184 564 2218 faustam
580 2184 755 2217 invenit:ut
770 2182 823 2229 qui
839 2181 998 2216 fodiendo
1010 2179 1191 2216 thefiwrum
1201 2183 1340 2225 invenit,
1352 2182 1377 2214 is
1387 2182 1500 2228 utique

126 2228 307 2267 thesaurum
324 2245 392 2267 non
408 2231 506 2275 facit,
540 2231 643 2267 fed'ea
658 2244 730 2278 quae
750 2229 921 2266 obstabant
940 2260 950 2273 ‚
963 2233 1133 2277 quominus
1150 2228 1205 2265 sub
1226 2230 1334 2266 oculos
1352 2232 1476 2264 veniret
1490 2258 1501 2272 ,

128 2277 287 2316 amolitur.
300 2283 352 2314 Sic
364 2310 374 2324 ,
386 2283 539 2327 inquiunt
552 2282 641 2317 Scoti
655 2279 816 2328 discipuli,
833 2282 887 2326 qui
905 2291 1053 2315 naturam
1071 2278 1212 2326 aliquam
1225 2308 1235 2322 ‚
1254 2284 1288 2316 δε
1308 2279 1388 2314 illius
1408 2280 1500 2313 attri-

128 2323 207 2359 buta
224 2328 516 2377 intuetur,quceque
526 2342 586 2365 nos
598 2328 640 2363 ab
650 2329 731 2363 illius
742 2327 897 2364 arcebant
909 2327 1094 2376 conspeetu,
1109 2333 1144 2364 &
1157 2331 1214 2363 uni
1228 2328 1394 2364 individuo
1413 2327 1502 2362 addi-

130 2372 249 2411 cebant
260 2404 271 2419 ,
278 2377 424 2460 {letrahit
435 2408 444 2423 ‚
456 2381 480 2414 is
490 2390 640 2416 naturam
651 2377 861 2416 universalem
870 2391 937 2417 nou
948 2376 1040 2423 facit,
1054 2376 1106 2413 sed
1126 2376 1247 2414 factam
1261 2379 1408 2415 intuetur.

310 2438 368 2463 om.
385 2428 413 2462 I.
1340 2428 1370 2462 K
