1857 2745
602 99 755 136 PARS
791 99 1036 138 TERTIA.
1452 113 1519 147 197

109 153 148 191 in
159 152 250 190 omni
268 151 460 201 cognitione
476 149 595 192 nostra,
617 161 686 185 turn
702 151 845 184 maxime
860 152 892 184 in
908 150 1184 187 demonstratione
1199 150 1264 199 ipsa
1280 149 1430 186 vitiosum
1449 152 1508 186 est.

106 201 261 240 -Circulus
273 204 363 236 enim
379 200 433 235 ille
446 199 549 235 nihilo
565 200 727 235 doctiores
743 212 801 234 nos
815 197 913 234 efficit
927 213 935 236 ε
952 211 987 235 ut
1007 199 1028 235 fi
1042 200 1146 237 stellas
1165 199 1242 235 fixas
1265 199 1360 249 longe
1381 198 1401 234 Ξι
1414 198 1510 234 nobis

111 250 173 288 effe
189 249 307 286 diffitas
325 251 400 287 hinc
423 248 613 298 colligamus
635 278 645 292 ,
674 249 760 296 quod
777 247 972 294 stintillen15
1000 261 1068 284 tum
1089 263 1141 285 eas
1158 249 1332 285 scintillare
1352 261 1509 283 conemur

108 300 296 343 ostendere,
319 300 410 347 quod
434 299 453 334 a
482 297 578 333 nobis
606 296 787 348 longissime
798 297 938 343 distent,
958 298 1121 335 nonaliud
1131 298 1231 348 quam
1246 298 1403 334 circulum
1415 300 1510 334 vitio.

108 347 179 385 sum
198 354 232 385 δε
247 349 396 384 inutilem
414 346 600 384 efficiemus.

143 398 234 446 Resp.
253 397 419 433 Circulum
434 399 466 433 in
484 397 735 433 demonstrando
753 396 906 432 vitiosum
923 395 1005 441 esse,
1023 409 1091 434 non
1111 396 1194 432 item
1215 394 1397 445 regreffiim.
1418 398 1507 432 Tum

107 445 249 483 enimfit
258 446 393 482 circulus
403 476 414 490 ,
427 447 603 482 cumidem
613 446 659 481 est
674 458 775 495 genus
794 446 1079 482 demonstrationis
1093 462 1102 490 3
1116 458 1182 480 non
1195 447 1275 480 item
1296 445 1352 479 ubi
1371 445 1441 480 sunt
1455 446 1505 479 di-

106 495 198 533 versa
228 496 471 532 demonstrandi
498 508 627 544 genera.
660 498 749 532 Nam
770 496 860 543 quod
880 498 912 532 in
935 508 1003 531 uno
1025 506 1146 544 genere
1177 496 1282 529 notius
1302 495 1345 528 est
1364 523 1374 538 ,
1400 495 1505 542 potest

107 547 143 581 in
157 545 267 580 <altero
294 544 355 580 else
384 547 485 594 magis
518 546 733 595 incognitum.
767 547 819 580 Sic
850 547 883 580 in
901 545 1174 580 demonstratione
1202 542 1223 578 ἓι
1249 543 1425 591 posteriore
1444 557 1505 579 no..

107 605 141 630 ta
173 594 216 629 est
234 593 367 631 effeetus
387 595 557 631 existentia
580 624 590 638 ,
619 606 658 630 ex
686 607 750 642 qua
772 593 863 642 ipfius
884 593 983 629 causa:
1001 593 1175 628 existentia
1192 591 1405 640 cognoscitur.
1418 593 1502 627 Cum

105 655 215 679 autem
250 656 308 692 per
342 644 652 679 demonstrationem
682 644 702 679 a
735 644 902 692 posteriori
947 644 1081 692 cognita
1117 641 1161 677 cst
1190 640 1285 677 causa:
1310 652 1348 676 ex
1356 641 1479 676 istcntia
1493 670 1502 683 ,

103 704 159 728 aut
178 695 284 741 potius
313 693 396 728 illius
424 706 498 728 curn
519 693 648 734 effectu:
664 695 826 727 connexio
850 709 859 737 3
886 693 921 727 in
942 689 1079 740 regreffu
1096 719 1106 734 ,
1151 689 1206 726 seu
1226 703 1282 739 per
1301 690 1498 726 demonstra-

97 742 231 778 sionem
250 741 270 777 ὲ
300 745 406 790 priore
433 746 500 791 Jam
529 739 708 775 distinctius
735 741 813 788 quid
846 739 882 776 fit
911 738 1045 777 effictus
1079 738 1310 789 cognoscimus.
1345 740 1456 790 Qre
1479 739 1499 775 ἐι

103 792 293 840 cognitione
307 789 438 826 confusa
450 788 591 839 primum
605 789 833 839 progredimur
844 818 854 834 ,
873 801 943 825 tum
956 802 996 825 ex
1013 791 1203 838 cognitione
1219 789 1316 824 causae
1335 791 1375 824 ad
1391 790 1502 824 distin-

103 841 191 876 &am
202 838 340 876 effectus
351 842 575 889 cognitionem
584 839 794 888 regredimur.
804 841 852 875 Ac
862 851 903 875 ne
913 837 956 873 ab
967 838 1119 887 exemplo
1129 837 1293 887 proposito
1302 839 1500 874 recedamus:

101 900 222 926 notum
232 889 276 923 est
287 887 384 924 nobis
405 888 510 923 stellas
519 888 689 923 scintillare
703 917 714 932 ‚
726 900 793 924 non
814 890 893 923 item
908 887 1071 936 planetas:
1085 887 1211 922 causam
1225 889 1500 935 inquirimus,quae

104 949 174 973 non
188 949 228 972 ex
238 949 354 985 magna
363 936 524 972 stellarum
534 937 684 971 distantia
700 939 819 980 oritur,
835 948 871 970 ut
886 936 985 983 vulgo
1002 936 1205 985 supponunt3
1221 934 1319 971 sedin
1336 947 1377 970 eo
1391 938 1497 970 maxi..

101 997 159 1021 me
175 984 275 1033 polita
285 986 330 1020 est
344 1014 354 1028 ,
375 985 462 1033 quod
473 985 564 1020 stellae
573 986 702 1034 propria
713 983 784 1020 luce
799 984 945 1033 fulgeant
958 1014 967 1028 ‚
987 999 1055 1020 non
1074 987 1153 1020 item
1167 984 1428 1032 planetae.Q10d
1443 985 1500 1020 ubi

102 1046 309 1082 compertum
321 1035 382 1077 est,
401 1038 468 1080 jam
490 1034 566 1068 illud
580 1036 731 1068 novimus
744 1033 847 1067 stellas
859 1032 1032 1068 scintillare
1045 1062 1055 1075 ‚
1074 1037 1107 1069 &
1126 1045 1180 1067 cur
1195 1032 1388 1069 scintillent:
1408 1033 1498 1079 quod

103 1093 213 1118 tamen
235 1095 302 1119 non
326 1081 363 1118 fit
379 1085 459 1116 citra
477 1082 620 1130 aliquam
643 1084 759 1116 mentis
775 1083 1004 1116 attentionem.
1020 1083 1108 1117 Nam
1125 1080 1267 1129 primum
1286 1081 1498 1129 expendimus

101 1132 182 1180 quid
194 1131 246 1167 lux
257 1143 375 1180 vegeta
385 1129 522 1175 efficiat,
546 1129 635 1179 quod
647 1131 732 1166 visus
742 1143 897 1179 organum
910 1159 918 1173 ‚
938 1129 990 1165 seu
1001 1129 1154 1165 nervulos
1167 1132 1200 1165 in
1221 1130 1324 1165 fundo
1340 1129 1424 1164 oculi
1442 1143 1498 1164 va-

101 1179 198 1217 lidius
216 1180 390 1229 percellat,
405 1180 505 1229 quarn
519 1180 629 1215 lumen
640 1179 774 1215 debilius
787 1208 796 1223 ,
815 1178 993 1228 cujusmodi
1004 1179 1046 1213 est
1065 1178 1266 1227 planetarum
1278 1179 1404 1214 lumen:
1422 1178 1498 1215 hinc

101 1233 191 1266 enim
200 1232 300 1266 oritur
318 1230 493 1266 tremulum
503 1229 584 1264 illud
597 1231 631 1264 in
642 1228 737 1265 stellis
750 1228 860 1264 lumen
870 1257 879 1272 ,
893 1228 982 1276 quod
993 1227 1220 1263 vehementius
1236 1229 1322 1264 visus
1337 1241 1493 1277 organum

100 1278 211 1315 afficit.
239 1281 349 1328 Qare
366 1291 401 1314 ut
421 1278 572 1328 regreffus
598 1276 633 1312 fit
653 1278 738 1313 utilis
760 1307 770 1321 ,
792 1278 961 1325 quoddam
981 1279 1099 1312 mentis
1119 1290 1253 1313 examen
1269 1307 1278 1321 ,
1297 1289 1332 1312 ut
1352 1277 1495 1325 loquitur

101 1328 275 1365 Zarabella
292 1357 300 1368 .
324 1328 378 1365 seu
387 1340 514 1365 attenta
523 1326 621 1363 causae
641 1326 732 1377 ipsius
753 1327 927 1363 meditatio
941 1326 1097 1376 praecedat
1120 1325 1243 1363 necesse
1255 1328 1298 1362 est
1315 1342 1322 1363 :
1345 1325 1429 1362 secus
1449 1326 1495 1361 nil

99 1380 181 1414 novi
199 1378 406 1415 addiscemus.

139 1430 184 1462 Ex
194 1427 316 1475 duplici
325 1428 378 1462 illa
389 1427 666 1463 demonstratione
683 1426 799 1474 duplex
811 1426 983 1461 methodus
999 1454 1008 1469 ‚
1037 1427 1089 1462 seu
1101 1429 1184 1462 ratio
1195 1425 1422 1475 progrediendi
1442 1437 1495 1460 or-

101 1485 134 1510 ta
145 1475 212 1510 est:
232 1475 417 1524 analytica,
436 1489 507 1523 qure
522 1477 743 1517 inventionis;
765 1480 798 1510 &
815 1475 1018 1522 synthetica,
1035 1488 1107 1521 quae
1128 1481 1162 1511 &
1179 1476 1331 1509 doctrinae
1346 1474 1426 1508 ordo
1445 1475 1495 1507 di-

100 1525 194 1560 citur.
217 1527 278 1560 Per
289 1523 442 1572 analyfim
457 1537 496 1558 ex
510 1522 630 1558 effectu
640 1524 678 1556 ad
693 1521 798 1556 causas
809 1551 817 1564 ‚
841 1534 896 1569 per
918 1521 1089 1570 synthesim
1104 1536 1142 1557 ex
1157 1521 1244 1557 causa
1264 1523 1304 1556 ad
1314 1521 1490 1562 effectuum

101 1585 158 1620 per
172 1572 260 1608 illam
271 1585 311 1607 ex
327 1584 397 1608 toto
411 1572 451 1606 ad
464 1583 571 1620 partes
586 1589 594 1614 ;
614 1583 670 1619 par
686 1569 857 1618 synthesim
870 1583 908 1605 ex
924 1569 1066 1618 partibus
1083 1572 1123 1605 ad
1139 1582 1245 1606 totum
1259 1571 1492 1620 progredimur.

99 1624 137 1657 In
154 1620 291 1670 synthesi
304 1624 467 1657 axiomata
483 1620 630 1668 quaedam
648 1621 833 1654 communia
850 1631 1002 1667 tanquam
1017 1621 1134 1667 primas
1151 1622 1304 1654 veritates
1322 1621 1492 1670 praemitti-

98 1682 171 1706 mus
182 1699 192 1715 ,
216 1683 255 1705 ex
265 1669 381 1717 quibus
394 1670 426 1705 id
437 1670 524 1717 quod
537 1668 687 1704 volumus
701 1697 711 1711 ,
731 1667 877 1703 concludi
887 1667 985 1716 poffit.
1006 1671 1044 1703 ln
1057 1667 1175 1717 analysi
1185 1681 1252 1704 non
1261 1680 1330 1704 tam
1341 1669 1381 1703 ad
1390 1680 1492 1718 gene-

99 1718 179 1754 ralia
197 1720 357 1768 principia
367 1748 377 1764 ,
395 1718 494 1767 quam
506 1719 545 1753 ad
559 1730 596 1753 ea
608 1730 677 1766 quae
690 1715 857 1766 propofitae
873 1716 1121 1766 quaesti01iisunt
1131 1720 1278 1766 propria,
1288 1719 1494 1754 animumin-

101 1769 276 1804 tendimus.
1334 1767 1337 1769 ”

142 1818 254 1866 Qre
273 1830 315 1853 ex
329 1828 455 1853 attenta
468 1816 598 1862 alicujus
622 1818 667 1851 rei
684 1815 964 1864 contemplatione
982 1818 1081 1850 oritur
1103 1814 1237 1864 analyfis
1256 1812 1491 1849 recentioribus

102 1868 289 1902 Geometris
303 1867 386 1901 adeo
401 1865 567 1901 familiaris
580 1894 590 1909 ,
607 1877 742 1913 quaeque
754 1865 877 1900 utiliter
899 1865 939 1899 ad
953 1864 1029 1900 alias
1047 1863 1193 1900 scientias
1210 1864 1318 1913 potest
1333 1862 1491 1898 adhiberi.

100 1916 263 1963 roirca
278 1928 345 1951 non
357 1917 419 1950 erit
432 1914 570 1949 alienum
587 1916 695 1962 paucis
706 1926 867 1963 exponere
878 1942 888 1957 ‚
915 1916 948 1949 in
967 1926 1032 1961 quo
1048 1912 1247 1962 potiffirrnim
1270 1925 1308 1947 ea
1322 1911 1423 1961 posita
1443 1910 1490 1949 fit.

100 1967 150 2001 Ac
160 1977 246 2000 certe
261 1964 415 2012 quiddam
432 1964 503 1999 huic
511 1962 706 1998 simillimum
714 1965 872 1998 cernimus
895 1964 928 1998 in
946 1962 1098 2011 propoliti
1109 1964 1286 2011 aenigmatis
1298 1960 1489 2010 explicatio-

100 2026 143 2051 ne
152 2043 162 2057 ,
171 2013 229 2048 ubi
246 2027 286 2049 ex
303 2015 343 2048 iis
354 2026 426 2061 quae
435 2016 467 2048 in
483 2011 604 2047 tabella
619 2012 686 2047 sunt
694 2011 834 2061 exposita
844 2041 853 2056 ,
863 2012 943 2059 quid
954 2011 1068 2047 author
1082 2010 1294 2061 designaverit
1304 2040 1314 2054 ,
1326 2022 1380 2046 aut
1393 2022 1488 2046 rnen-

100 2073 134 2097 te
144 2065 347 2111 conceperit,
364 2064 559 2109 conjicimus,
578 2063 662 2096 Cum
681 2063 792 2109 itaque
801 2063 849 2096 rei
862 2061 996 2109 alicujus
1014 2059 1125 2105 causa,
1144 2073 1200 2096 aut
1209 2060 1489 2108 naturaindagan-

101 2112 143 2146 da
166 2114 374 2160 proponitur,
395 2110 537 2160 primum
559 2111 763 2146 conditiones
782 2122 897 2146 omnes
924 2109 1090 2158 propositae
1114 2111 1291 2157 quaestionis
1317 2108 1489 2157 diligenter

102 2159 172 2194 sunt
186 2160 383 2209 inspiciendae
396 2178 405 2205 ;
418 2160 528 2196 alienis
541 2189 549 2203 ,
567 2165 601 2196 &
621 2172 692 2207 quae
707 2159 749 2192 ad
764 2160 969 2206 quaestionem
986 2159 1067 2194 nihil
1080 2161 1263 2206 pertinent,
1284 2160 1419 2194 omnino
1441 2169 1490 2191 te-

101 2209 202 2255 jetstis-
227 2218 259 2245 20
270 2214 352 2259 Qae
368 2212 495 2259 cognita
510 2209 580 2244 sunt
593 2214 626 2245 &
636 2205 800 2256 perspeosta
820 2208 861 2242 ab
873 2210 910 2242 iis
922 2221 992 2256 quae
1005 2207 1103 2242 dubia
1114 2206 1184 2242 sunt
1199 2213 1232 2244 Sc
1245 2204 1395 2250 obscura,
1416 2206 1487 2241 sunt

104 2254 410 2306 secernenda,atque
424 2271 462 2293 ex
475 2256 713 2293 conditionibus
730 2255 925 2304 appositis,&
939 2259 1024 2291 exiis
1038 2269 1107 2303 quae
1117 2255 1186 2290 sunt
1201 2256 1376 2303 cognita‚id
1387 2254 1487 2303 ipsum

104 2304 191 2351 quod
201 2309 347 2350 quaeritur
357 2337 366 2351 ‚
376 2308 618 2343 inveniendum.
640 2305 710 2342 Nisi
720 2308 807 2340 enim
818 2306 965 2352 quaedam
977 2308 1022 2339 rei
1038 2304 1167 2339 occultae
1178 2305 1359 2352 vestigia,ex
1371 2303 1487 2346 Quibus

98 2352 284 2397 ,innoteseat
305 2357 338 2390 id
349 2357 438 2405 quod
449 2357 496 2392 est
516 2358 728 2406 incognitum,
738 2352 962 2404 persequamur
976 2369 984 2390 ;
998 2352 1079 2390 nihil
1087 2355 1356 2437 agiinus,<15)tirrito
1376 2352 1487 2390 labore

1192 2405 1216 2438 Β
1278 2403 1312 2452 iij
