<?xml version="1.0" encoding="UTF-8"?>
<!DOCTYPE html PUBLIC "-//W3C//DTD XHTML 1.0 Transitional//EN"
    "http://www.w3.org/TR/xhtml1/DTD/xhtml1-transitional.dtd">
<html xmlns="http://www.w3.org/1999/xhtml" xml:lang="en" lang="en">
 <head>
  <title>
</title>
<meta http-equiv="Content-Type" content="text/html;charset=utf-8" />
  <meta name='ocr-system' content='tesseract 3.04.00' />
  <meta name='ocr-capabilities' content='ocr_page ocr_carea ocr_par ocr_line ocrx_word'/>
</head>
<body>
  <div class='ocr_page' id='page_1' title='image "./philosophiavetus01duhauoft_0084.png"; bbox 0 0 1857 2745; ppageno 0'>
   <div class='ocr_carea' id='block_1_1' title="bbox 311 118 1759 2432">
    <p class='ocr_par' dir='ltr' id='par_1_1' title="bbox 357 118 1259 162">
     <span class='ocr_line' id='line_1_1' title="bbox 357 118 1259 162; baseline 0.004 -10"><span class='ocrx_word' id='word_1_1' title='bbox 357 132 402 162; x_wconf 50' lang='grc' dir='ltr'>σι,</span> <span class='ocrx_word' id='word_1_2' title='bbox 814 119 848 155; x_wconf 92' lang='lat' dir='ltr'>D</span> <span class='ocrx_word' id='word_1_3' title='bbox 868 121 892 154; x_wconf 87' lang='lat' dir='ltr'>E</span> <span class='ocrx_word' id='word_1_4' title='bbox 951 118 988 154; x_wconf 95' lang='lat' dir='ltr'>N</span> <span class='ocrx_word' id='word_1_5' title='bbox 1014 119 1043 154; x_wconf 91' lang='lat' dir='ltr'>A</span> <span class='ocrx_word' id='word_1_6' title='bbox 1067 120 1098 156; x_wconf 90' lang='lat' dir='ltr'>T</span> <span class='ocrx_word' id='word_1_7' title='bbox 1116 119 1151 157; x_wconf 90' lang='lat' dir='ltr'>U</span> <span class='ocrx_word' id='word_1_8' title='bbox 1175 120 1208 155; x_wconf 87' lang='lat' dir='ltr'>R</span> <span class='ocrx_word' id='word_1_9' title='bbox 1231 119 1259 156; x_wconf 86' lang='lat' dir='ltr'>A</span> 
     </span>
    </p>

    <p class='ocr_par' dir='ltr' id='par_1_2' title="bbox 351 164 1753 316">
     <span class='ocr_line' id='line_1_2' title="bbox 351 164 1753 217; baseline -0.003 -7"><span class='ocrx_word' id='word_1_10' title='bbox 351 174 422 210; x_wconf 82' lang='lat' dir='ltr'>sunt</span> <span class='ocrx_word' id='word_1_11' title='bbox 439 171 501 208; x_wconf 69' lang='lat' dir='ltr'>fine</span> <span class='ocrx_word' id='word_1_12' title='bbox 517 170 658 217; x_wconf 76' lang='lat' dir='ltr'>Logica:</span> <span class='ocrx_word' id='word_1_13' title='bbox 674 169 755 203; x_wconf 72' lang='lat' dir='ltr'>cum&#39;</span> <span class='ocrx_word' id='word_1_14' title='bbox 770 178 880 202; x_wconf 84' lang='lat' dir='ltr'>earum</span> <span class='ocrx_word' id='word_1_15' title='bbox 900 169 1057 216; x_wconf 83' lang='lat' dir='ltr'>principia</span> <span class='ocrx_word' id='word_1_16' title='bbox 1070 183 1136 205; x_wconf 88' lang='lat' dir='ltr'>non</span> <span class='ocrx_word' id='word_1_17' title='bbox 1153 168 1212 205; x_wconf 84' lang='lat' dir='ltr'>sint</span> <span class='ocrx_word' id='word_1_18' title='bbox 1225 170 1307 204; x_wconf 87' lang='lat' dir='ltr'>adeo</span> <span class='ocrx_word' id='word_1_19' title='bbox 1324 164 1608 212; x_wconf 66' lang='lat' dir='ltr'>nora‘,&#39;‚nec-tanta</span> <span class='ocrx_word' id='word_1_20' title='bbox 1620 167 1656 204; x_wconf 74' lang='lat' dir='ltr'>fit</span> <span class='ocrx_word' id='word_1_21' title='bbox 1672 170 1753 206; x_wconf 65' lang='lat' dir='ltr'>con³</span> 
     </span>
     <span class='ocr_line' id='line_1_3' title="bbox 355 215 1749 268; baseline -0.002 -10"><span class='ocrx_word' id='word_1_22' title='bbox 355 222 526 258; x_wconf 82' lang='lat' dir='ltr'>elusionum</span> <span class='ocrx_word' id='word_1_23' title='bbox 545 217 779 261; x_wconf 85' lang='lat' dir='ltr'>evidentia‚ut</span> <span class='ocrx_word' id='word_1_24' title='bbox 801 230 868 254; x_wconf 89' lang='lat' dir='ltr'>non</span> <span class='ocrx_word' id='word_1_25' title='bbox 883 215 1029 252; x_wconf 79' lang='lat' dir='ltr'>habeant</span> <span class='ocrx_word' id='word_1_26' title='bbox 1045 218 1186 254; x_wconf 77' lang='lat' dir='ltr'>multum</span> <span class='ocrx_word' id='word_1_27' title='bbox 1200 218 1413 255; x_wconf 77' lang='lat' dir='ltr'>obscuritatis,</span> <span class='ocrx_word' id='word_1_28' title='bbox 1438 221 1521 266; x_wconf 79' lang='lat' dir='ltr'>Ergo</span> <span class='ocrx_word' id='word_1_29' title='bbox 1543 218 1591 254; x_wconf 90' lang='lat' dir='ltr'>his</span> <span class='ocrx_word' id='word_1_30' title='bbox 1609 218 1749 268; x_wconf 81' lang='lat' dir='ltr'>discipli-</span> 
     </span>
     <span class='ocr_line' id='line_1_4' title="bbox 355 265 806 316; baseline -0.013 -10"><span class='ocrx_word' id='word_1_31' title='bbox 355 273 404 308; x_wconf 85' lang='lat' dir='ltr'>nis</span> <span class='ocrx_word' id='word_1_32' title='bbox 416 265 586 306; x_wconf 81' lang='lat' dir='ltr'>necelsaria</span> <span class='ocrx_word' id='word_1_33' title='bbox 604 267 646 300; x_wconf 88' lang='lat' dir='ltr'>est</span> <span class='ocrx_word' id='word_1_34' title='bbox 665 267 806 316; x_wconf 26' lang='lat' dir='ltr'>Logicagi</span> 
     </span>
    </p>

    <p class='ocr_par' dir='ltr' id='par_1_3' title="bbox 355 316 1754 513">
     <span class='ocr_line' id='line_1_5' title="bbox 404 316 1754 366; baseline 0.001 -15"><span class='ocrx_word' id='word_1_35' title='bbox 404 316 632 362; x_wconf 73' lang='lat' dir='ltr'>Confirmatur.</span> <span class='ocrx_word' id='word_1_36' title='bbox 662 317 740 353; x_wconf 83' lang='lat' dir='ltr'>Una</span> <span class='ocrx_word' id='word_1_37' title='bbox 756 316 962 364; x_wconf 16' lang='lat' dir='ltr'>estrLogica‚</span> <span class='ocrx_word' id='word_1_38' title='bbox 979 327 1051 362; x_wconf 83' lang='lat' dir='ltr'>quae</span> <span class='ocrx_word' id='word_1_39' title='bbox 1070 316 1182 354; x_wconf 83' lang='lat' dir='ltr'>harum</span> <span class='ocrx_word' id='word_1_40' title='bbox 1205 316 1444 366; x_wconf 83' lang='lat' dir='ltr'>disciplinarum</span> <span class='ocrx_word' id='word_1_41' title='bbox 1463 316 1754 353; x_wconf 81' lang='lat' dir='ltr'>demonstrationes</span> 
     </span>
     <span class='ocr_line' id='line_1_6' title="bbox 355 363 1752 418; baseline -0.003 -15"><span class='ocrx_word' id='word_1_42' title='bbox 355 366 451 418; x_wconf 83' lang='lat' dir='ltr'>poffit</span> <span class='ocrx_word' id='word_1_43' title='bbox 472 365 654 414; x_wconf 82' lang='lat' dir='ltr'>expendere</span> <span class='ocrx_word' id='word_1_44' title='bbox 666 365 807 414; x_wconf 80' lang='lat' dir='ltr'>,easque</span> <span class='ocrx_word' id='word_1_45' title='bbox 823 365 865 400; x_wconf 84' lang='lat' dir='ltr'>ad</span> <span class='ocrx_word' id='word_1_46' title='bbox 878 363 1001 413; x_wconf 81' lang='lat' dir='ltr'>regulas</span> <span class='ocrx_word' id='word_1_47' title='bbox 1015 370 1050 402; x_wconf 86' lang='lat'>&amp;</span> <span class='ocrx_word' id='word_1_48' title='bbox 1065 364 1152 414; x_wconf 83' lang='lat' dir='ltr'>leges</span> <span class='ocrx_word' id='word_1_49' title='bbox 1172 368 1482 404; x_wconf 83' lang='lat' dir='ltr'>demonstrationum</span> <span class='ocrx_word' id='word_1_50' title='bbox 1494 396 1502 410; x_wconf 89' lang='lat'><strong>‚</strong></span> <span class='ocrx_word' id='word_1_51' title='bbox 1517 378 1593 415; x_wconf 80' lang='lat' dir='ltr'>quas</span> <span class='ocrx_word' id='word_1_52' title='bbox 1607 366 1672 414; x_wconf 90' lang='lat' dir='ltr'>ipsa</span> <span class='ocrx_word' id='word_1_53' title='bbox 1686 379 1752 402; x_wconf 83' lang='lat' dir='ltr'>tta-</span> 
     </span>
     <span class='ocr_line' id='line_1_7' title="bbox 355 414 1754 466; baseline -0.003 -14"><span class='ocrx_word' id='word_1_54' title='bbox 355 418 404 452; x_wconf 89' lang='lat' dir='ltr'>dit</span> <span class='ocrx_word' id='word_1_55' title='bbox 413 446 422 460; x_wconf 87' lang='lat'>,</span> <span class='ocrx_word' id='word_1_56' title='bbox 437 418 565 464; x_wconf 84' lang='lat' dir='ltr'>exigere</span> <span class='ocrx_word' id='word_1_57' title='bbox 578 431 587 458; x_wconf 86' lang='lat'>;</span> <span class='ocrx_word' id='word_1_58' title='bbox 604 427 665 450; x_wconf 87' lang='lat' dir='ltr'>nec</span> <span class='ocrx_word' id='word_1_59' title='bbox 679 414 784 450; x_wconf 90' lang='lat' dir='ltr'>solum</span> <span class='ocrx_word' id='word_1_60' title='bbox 797 428 865 464; x_wconf 84' lang='lat' dir='ltr'>quae</span> <span class='ocrx_word' id='word_1_61' title='bbox 879 415 919 448; x_wconf 93' lang='lat' dir='ltr'>ad</span> <span class='ocrx_word' id='word_1_62' title='bbox 938 416 1107 451; x_wconf 80' lang='lat' dir='ltr'>materiam</span> <span class='ocrx_word' id='word_1_63' title='bbox 1123 445 1132 460; x_wconf 86' lang='lat'>‚</span> <span class='ocrx_word' id='word_1_64' title='bbox 1152 416 1205 452; x_wconf 90' lang='lat' dir='ltr'>sed</span> <span class='ocrx_word' id='word_1_65' title='bbox 1216 419 1315 453; x_wconf 89' lang='lat' dir='ltr'>etiarn</span> <span class='ocrx_word' id='word_1_66' title='bbox 1324 430 1396 466; x_wconf 85' lang='lat' dir='ltr'>quae</span> <span class='ocrx_word' id='word_1_67' title='bbox 1406 419 1447 452; x_wconf 84' lang='lat' dir='ltr'>ad</span> <span class='ocrx_word' id='word_1_68' title='bbox 1460 418 1600 453; x_wconf 89' lang='lat' dir='ltr'>formam</span> <span class='ocrx_word' id='word_1_69' title='bbox 1612 416 1754 453; x_wconf 84' lang='lat' dir='ltr'>demon-</span> 
     </span>
     <span class='ocr_line' id='line_1_8' title="bbox 358 464 1754 513; baseline -0.003 -12"><span class='ocrx_word' id='word_1_70' title='bbox 358 466 521 501; x_wconf 82' lang='lat' dir='ltr'>strationis</span> <span class='ocrx_word' id='word_1_71' title='bbox 533 467 698 513; x_wconf 75' lang='lat' dir='ltr'>pertinent</span> <span class='ocrx_word' id='word_1_72' title='bbox 708 493 718 508; x_wconf 84' lang='lat'>,</span> <span class='ocrx_word' id='word_1_73' title='bbox 736 464 931 513; x_wconf 76' lang='lat' dir='ltr'><strong>cognoscere</strong></span> <span class='ocrx_word' id='word_1_74' title='bbox 941 493 950 508; x_wconf 82' lang='lat'>,</span> <span class='ocrx_word' id='word_1_75' title='bbox 965 464 1190 501; x_wconf 79' lang='lat' dir='ltr'>cavillationes</span> <span class='ocrx_word' id='word_1_76' title='bbox 1207 467 1339 502; x_wconf 86' lang='lat' dir='ltr'>demum</span> <span class='ocrx_word' id='word_1_77' title='bbox 1350 466 1604 502; x_wconf 86' lang='lat' dir='ltr'>adversariorum</span> <span class='ocrx_word' id='word_1_78' title='bbox 1622 464 1754 500; x_wconf 80' lang='lat' dir='ltr'><strong>refelle.</strong></span> 
     </span>
    </p>

    <p class='ocr_par' dir='ltr' id='par_1_4' title="bbox 348 512 1754 612">
     <span class='ocr_line' id='line_1_9' title="bbox 348 512 1754 565; baseline 0 -15"><span class='ocrx_word' id='word_1_79' title='bbox 348 518 392 550; x_wconf 69' lang='lat' dir='ltr'>&#39;re</span> <span class='ocrx_word' id='word_1_80' title='bbox 407 530 415 552; x_wconf 70' lang='grc' dir='ltr'>ε</span> <span class='ocrx_word' id='word_1_81' title='bbox 427 528 504 563; x_wconf 82' lang='lat' dir='ltr'>ergo</span> <span class='ocrx_word' id='word_1_82' title='bbox 516 515 639 562; x_wconf 82' lang='lat' dir='ltr'>Logica</span> <span class='ocrx_word' id='word_1_83' title='bbox 655 515 698 549; x_wconf 88' lang='lat' dir='ltr'>est</span> <span class='ocrx_word' id='word_1_84' title='bbox 715 513 864 549; x_wconf 87' lang='lat' dir='ltr'>absolute</span> <span class='ocrx_word' id='word_1_85' title='bbox 875 512 1055 550; x_wconf 69' lang='lat' dir='ltr'>necessaria,</span> <span class='ocrx_word' id='word_1_86' title='bbox 1064 515 1105 549; x_wconf 90' lang='lat' dir='ltr'>ad</span> <span class='ocrx_word' id='word_1_87' title='bbox 1115 515 1294 565; x_wconf 70' lang='lat' dir='ltr'>hujusmodi</span> <span class='ocrx_word' id='word_1_88' title='bbox 1305 516 1454 552; x_wconf 85' lang='lat' dir='ltr'>scientias</span> <span class='ocrx_word' id='word_1_89' title='bbox 1466 518 1499 552; x_wconf 87' lang='lat' dir='ltr'>in</span> <span class='ocrx_word' id='word_1_90' title='bbox 1510 516 1590 551; x_wconf 86' lang='lat' dir='ltr'>statu</span> <span class='ocrx_word' id='word_1_91' title='bbox 1603 514 1754 562; x_wconf 67' lang='lat' dir='ltr'>perfesto</span> 
     </span>
     <span class='ocr_line' id='line_1_10' title="bbox 359 563 605 612; baseline -0.004 -12"><span class='ocrx_word' id='word_1_92' title='bbox 359 563 605 612; x_wconf 81' lang='lat' dir='ltr'>comparandas.</span> 
     </span>
    </p>

    <p class='ocr_par' dir='ltr' id='par_1_5' title="bbox 356 612 1755 762">
     <span class='ocr_line' id='line_1_11' title="bbox 395 612 1754 663; baseline -0.001 -15"><span class='ocrx_word' id='word_1_93' title='bbox 395 616 486 649; x_wconf 89' lang='lat' dir='ltr'>Hinc</span> <span class='ocrx_word' id='word_1_94' title='bbox 504 612 713 648; x_wconf 75' lang='lat' dir='ltr'>Parmenides</span> <span class='ocrx_word' id='word_1_95' title='bbox 731 613 816 663; x_wconf 86' lang='lat' dir='ltr'>apud</span> <span class='ocrx_word' id='word_1_96' title='bbox 829 612 1000 650; x_wconf 83' lang='lat' dir='ltr'>Platonem</span> <span class='ocrx_word' id='word_1_97' title='bbox 1014 613 1053 650; x_wconf 87' lang='lat' dir='ltr'>fic</span> <span class='ocrx_word' id='word_1_98' title='bbox 1068 616 1216 651; x_wconf 85' lang='lat' dir='ltr'>hortatur</span> <span class='ocrx_word' id='word_1_99' title='bbox 1229 617 1396 650; x_wconf 80' lang='lat' dir='ltr'>Socratem</span> <span class='ocrx_word' id='word_1_100' title='bbox 1409 628 1416 649; x_wconf 93' lang='lat'>:</span> <span class='ocrx_word' id='word_1_101' title='bbox 1429 615 1557 662; x_wconf 80' lang='lat' dir='ltr'><em>Collige</em></span> <span class='ocrx_word' id='word_1_102' title='bbox 1567 641 1576 652; x_wconf 89' lang='lat'><em>‚</em></span> <span class='ocrx_word' id='word_1_103' title='bbox 1589 613 1754 659; x_wconf 44' lang='lat' dir='ltr'>inquiete</span> 
     </span>
     <span class='ocr_line' id='line_1_12' title="bbox 356 661 1755 712; baseline 0.002 -16"><span class='ocrx_word' id='word_1_104' title='bbox 356 663 462 712; x_wconf 65' lang='lat' dir='ltr'>ipfiae&#39;m</span> <span class='ocrx_word' id='word_1_105' title='bbox 475 690 483 701; x_wconf 89' lang='lat'><em>,</em></span> <span class='ocrx_word' id='word_1_106' title='bbox 503 661 542 697; x_wconf 51' lang='lat'>6⁸</span> <span class='ocrx_word' id='word_1_107' title='bbox 558 663 633 696; x_wconf 80' lang='lat' dir='ltr'>dum</span> <span class='ocrx_word' id='word_1_108' title='bbox 641 666 776 706; x_wconf 72' lang='lat' dir='ltr'>juvenis</span> <span class='ocrx_word' id='word_1_109' title='bbox 797 677 827 698; x_wconf 83' lang='lat' dir='ltr'>es</span> <span class='ocrx_word' id='word_1_110' title='bbox 842 690 851 702; x_wconf 90' lang='lat'><em>‚</em></span> <span class='ocrx_word' id='word_1_111' title='bbox 869 663 1185 712; x_wconf 69' lang='lat' dir='ltr'>diligentiusex-erce</span> <span class='ocrx_word' id='word_1_112' title='bbox 1209 676 1239 699; x_wconf 84' lang='lat' dir='ltr'>te</span> <span class='ocrx_word' id='word_1_113' title='bbox 1259 667 1349 699; x_wconf 60' lang='lat' dir='ltr'>inea</span> <span class='ocrx_word' id='word_1_114' title='bbox 1366 663 1536 712; x_wconf 77' lang='lat' dir='ltr'><em>disciplina</em></span> <span class='ocrx_word' id='word_1_115' title='bbox 1557 673 1620 710; x_wconf 79' lang='lat' dir='ltr'>quae</span> <span class='ocrx_word' id='word_1_116' title='bbox 1644 662 1755 700; x_wconf 62' lang='lat' dir='ltr'>multis</span> 
     </span>
     <span class='ocr_line' id='line_1_13' title="bbox 360 712 1292 762; baseline 0.001 -16"><span class='ocrx_word' id='word_1_117' title='bbox 360 712 496 746; x_wconf 77' lang='lat' dir='ltr'>videtur</span> <span class='ocrx_word' id='word_1_118' title='bbox 508 712 712 759; x_wconf 64' lang='lat' dir='ltr'>garrulitas„</span> <span class='ocrx_word' id='word_1_119' title='bbox 719 713 881 759; x_wconf 75' lang='lat' dir='ltr'><em>Alioquin</em></span> <span class='ocrx_word' id='word_1_120' title='bbox 893 715 976 747; x_wconf 84' lang='lat' dir='ltr'>enim</span> <span class='ocrx_word' id='word_1_121' title='bbox 985 717 1111 748; x_wconf 77' lang='lat' dir='ltr'>veritas</span> <span class='ocrx_word' id='word_1_122' title='bbox 1112 714 1157 758; x_wconf 80' lang='lat' dir='ltr'>fu</span> <span class='ocrx_word' id='word_1_123' title='bbox 1159 716 1226 762; x_wconf 83' lang='lat' dir='ltr'>giet</span> <span class='ocrx_word' id='word_1_124' title='bbox 1236 724 1276 749; x_wconf 82' lang='lat' dir='ltr'>te.</span> <span class='ocrx_word' id='word_1_125' title='bbox 1286 743 1292 747; x_wconf 89' lang='lat'><strong>.</strong></span> 
     </span>
    </p>

    <p class='ocr_par' dir='ltr' id='par_1_6' title="bbox 358 758 1759 993">
     <span class='ocr_line' id='line_1_14' title="bbox 396 758 1759 810; baseline -0.006 -12"><span class='ocrx_word' id='word_1_126' title='bbox 396 765 450 798; x_wconf 87' lang='lat' dir='ltr'>De</span> <span class='ocrx_word' id='word_1_127' title='bbox 465 762 514 797; x_wconf 91' lang='lat' dir='ltr'>his</span> <span class='ocrx_word' id='word_1_128' title='bbox 531 759 669 796; x_wconf 77' lang='lat' dir='ltr'>scientiis</span> <span class='ocrx_word' id='word_1_129' title='bbox 682 761 912 810; x_wconf 80' lang='lat' dir='ltr'>intelligendus</span> <span class='ocrx_word' id='word_1_130' title='bbox 925 761 969 795; x_wconf 90' lang='lat' dir='ltr'>est</span> <span class='ocrx_word' id='word_1_131' title='bbox 981 761 1126 798; x_wconf 85' lang='lat' dir='ltr'>Galenus</span> <span class='ocrx_word' id='word_1_132' title='bbox 1140 790 1149 805; x_wconf 87' lang='lat'>‚</span> <span class='ocrx_word' id='word_1_133' title='bbox 1162 774 1235 797; x_wconf 89' lang='lat' dir='ltr'>cum</span> <span class='ocrx_word' id='word_1_134' title='bbox 1253 758 1401 795; x_wconf 83' lang='lat' dir='ltr'>adversus</span> <span class='ocrx_word' id='word_1_135' title='bbox 1426 758 1640 796; x_wconf 81' lang='lat' dir='ltr'>Erasistratum</span> <span class='ocrx_word' id='word_1_136' title='bbox 1654 760 1759 808; x_wconf 77' lang='lat' dir='ltr'>Logi-</span> 
     </span>
     <span class='ocr_line' id='line_1_15' title="bbox 358 807 1756 858; baseline -0.001 -13"><span class='ocrx_word' id='word_1_137' title='bbox 358 823 405 845; x_wconf 85' lang='lat' dir='ltr'>cae</span> <span class='ocrx_word' id='word_1_138' title='bbox 421 807 645 857; x_wconf 82' lang='lat' dir='ltr'>neceffitatem</span> <span class='ocrx_word' id='word_1_139' title='bbox 663 809 870 858; x_wconf 85' lang='lat' dir='ltr'>probat..Vel</span> <span class='ocrx_word' id='word_1_140' title='bbox 881 809 1074 857; x_wconf 84' lang='lat' dir='ltr'>quodlibet,</span> <span class='ocrx_word' id='word_1_141' title='bbox 1086 813 1208 858; x_wconf 82' lang='lat' dir='ltr'>inquit,</span> <span class='ocrx_word' id='word_1_142' title='bbox 1219 809 1361 857; x_wconf 87' lang='lat' dir='ltr'>sequitur</span> <span class='ocrx_word' id='word_1_143' title='bbox 1370 821 1409 843; x_wconf 87' lang='lat' dir='ltr'>ex</span> <span class='ocrx_word' id='word_1_144' title='bbox 1426 808 1596 856; x_wconf 87' lang='lat' dir='ltr'>quolibet,</span> <span class='ocrx_word' id='word_1_145' title='bbox 1612 808 1665 843; x_wconf 86' lang='lat' dir='ltr'>vel</span> <span class='ocrx_word' id='word_1_146' title='bbox 1674 821 1756 852; x_wconf 77' lang='lat' dir='ltr'>non3</span> 
     </span>
     <span class='ocr_line' id='line_1_16' title="bbox 362 858 1756 908; baseline -0.001 -14"><span class='ocrx_word' id='word_1_147' title='bbox 362 859 385 894; x_wconf 83' lang='lat' dir='ltr'>fi</span> <span class='ocrx_word' id='word_1_148' title='bbox 401 860 554 908; x_wconf 84' lang='lat' dir='ltr'>posterius</span> <span class='ocrx_word' id='word_1_149' title='bbox 573 888 586 902; x_wconf 86' lang='lat'>,</span> <span class='ocrx_word' id='word_1_150' title='bbox 599 872 680 907; x_wconf 80' lang='lat' dir='ltr'>opus</span> <span class='ocrx_word' id='word_1_151' title='bbox 704 859 747 894; x_wconf 86' lang='lat' dir='ltr'>est</span> <span class='ocrx_word' id='word_1_152' title='bbox 763 871 832 894; x_wconf 85' lang='lat' dir='ltr'>arte</span> <span class='ocrx_word' id='word_1_153' title='bbox 857 871 928 905; x_wconf 86' lang='lat' dir='ltr'>quae</span> <span class='ocrx_word' id='word_1_154' title='bbox 942 860 1058 894; x_wconf 86' lang='lat' dir='ltr'>doceat</span> <span class='ocrx_word' id='word_1_155' title='bbox 1071 860 1150 906; x_wconf 88' lang='lat' dir='ltr'>quid</span> <span class='ocrx_word' id='word_1_156' title='bbox 1172 859 1342 906; x_wconf 87' lang='lat' dir='ltr'>sequatur,</span> <span class='ocrx_word' id='word_1_157' title='bbox 1364 863 1398 894; x_wconf 64' lang='grc' dir='ltr'>ὃς</span> <span class='ocrx_word' id='word_1_158' title='bbox 1416 858 1496 905; x_wconf 89' lang='lat' dir='ltr'>quid</span> <span class='ocrx_word' id='word_1_159' title='bbox 1517 871 1595 894; x_wconf 86' lang='lat' dir='ltr'>non.</span> <span class='ocrx_word' id='word_1_160' title='bbox 1625 859 1756 892; x_wconf 80' lang='lat' dir='ltr'>sivero</span> 
     </span>
     <span class='ocr_line' id='line_1_17' title="bbox 361 905 1757 957; baseline -0.001 -15"><span class='ocrx_word' id='word_1_161' title='bbox 361 911 450 957; x_wconf 79' lang='lat' dir='ltr'>ptius</span> <span class='ocrx_word' id='word_1_162' title='bbox 468 925 476 950; x_wconf 80' lang='lat'><em>3</em></span> <span class='ocrx_word' id='word_1_163' title='bbox 493 920 536 942; x_wconf 89' lang='lat' dir='ltr'>ex</span> <span class='ocrx_word' id='word_1_164' title='bbox 550 908 707 954; x_wconf 85' lang='lat' dir='ltr'>e0,quod</span> <span class='ocrx_word' id='word_1_165' title='bbox 726 920 840 944; x_wconf 85' lang='lat' dir='ltr'>corvus</span> <span class='ocrx_word' id='word_1_166' title='bbox 860 906 896 942; x_wconf 85' lang='lat' dir='ltr'>fit</span> <span class='ocrx_word' id='word_1_167' title='bbox 907 910 1000 956; x_wconf 78' lang='lat' dir='ltr'>niger</span> <span class='ocrx_word' id='word_1_168' title='bbox 1017 913 1050 946; x_wconf 68' lang='grc' dir='ltr'>ὃς</span> <span class='ocrx_word' id='word_1_169' title='bbox 1064 921 1187 957; x_wconf 80' lang='lat' dir='ltr'>cygnus</span> <span class='ocrx_word' id='word_1_170' title='bbox 1205 907 1297 943; x_wconf 85' lang='lat' dir='ltr'>albus</span> <span class='ocrx_word' id='word_1_171' title='bbox 1309 936 1318 951; x_wconf 85' lang='lat'>‚</span> <span class='ocrx_word' id='word_1_172' title='bbox 1331 906 1582 954; x_wconf 11' lang='lat' dir='ltr'>,sequitui-equod</span> <span class='ocrx_word' id='word_1_173' title='bbox 1600 905 1757 943; x_wconf 80' lang='lat' dir='ltr'>Erasistra-</span> 
     </span>
     <span class='ocr_line' id='line_1_18' title="bbox 365 955 607 993; baseline -0.004 -1"><span class='ocrx_word' id='word_1_174' title='bbox 365 969 414 992; x_wconf 85' lang='lat' dir='ltr'>tus</span> <span class='ocrx_word' id='word_1_175' title='bbox 425 955 461 991; x_wconf 85' lang='lat' dir='ltr'>fit</span> <span class='ocrx_word' id='word_1_176' title='bbox 471 955 607 993; x_wconf 65' lang='lat' dir='ltr'>stulms„</span> 
     </span>
    </p>

    <p class='ocr_par' dir='ltr' id='par_1_7' title="bbox 366 1004 1758 1104">
     <span class='ocr_line' id='line_1_19' title="bbox 401 1004 1758 1052; baseline -0.001 -12"><span class='ocrx_word' id='word_1_177' title='bbox 401 1008 455 1041; x_wconf 83' lang='lat' dir='ltr'>Sic</span> <span class='ocrx_word' id='word_1_178' title='bbox 474 1007 557 1052; x_wconf 82' lang='lat' dir='ltr'>Aug.</span> <span class='ocrx_word' id='word_1_179' title='bbox 569 1005 729 1051; x_wconf 67' lang='lat' dir='ltr'>Qomodo</span> <span class='ocrx_word' id='word_1_180' title='bbox 741 1033 748 1043; x_wconf 93' lang='lat'><em>,</em></span> <span class='ocrx_word' id='word_1_181' title='bbox 758 1007 877 1052; x_wconf 88' lang='lat' dir='ltr'>inquit,</span> <span class='ocrx_word' id='word_1_182' title='bbox 891 1009 974 1041; x_wconf 76' lang='lat' dir='ltr'>ratio</span> <span class='ocrx_word' id='word_1_183' title='bbox 991 1005 1036 1041; x_wconf 83' lang='lat' dir='ltr'>ad</span> <span class='ocrx_word' id='word_1_184' title='bbox 1053 1007 1119 1040; x_wconf 83' lang='lat' dir='ltr'>alia</span> <span class='ocrx_word' id='word_1_185' title='bbox 1123 1005 1325 1052; x_wconf 71' lang='lat' dir='ltr'>fabricanda</span> <span class='ocrx_word' id='word_1_186' title='bbox 1340 1006 1489 1051; x_wconf 58' lang='lat' dir='ltr'>tranfiiet</span> <span class='ocrx_word' id='word_1_187' title='bbox 1499 1032 1508 1044; x_wconf 91' lang='lat'><em>,</em></span> <span class='ocrx_word' id='word_1_188' title='bbox 1523 1004 1582 1049; x_wconf 83' lang='lat' dir='ltr'>nist</span> <span class='ocrx_word' id='word_1_189' title='bbox 1599 1005 1758 1052; x_wconf 79' lang='lat' dir='ltr'>priusfha</span> 
     </span>
     <span class='ocr_line' id='line_1_20' title="bbox 366 1052 1431 1104; baseline 0.001 -17"><span class='ocrx_word' id='word_1_190' title='bbox 366 1053 456 1101; x_wconf 81' lang='lat' dir='ltr'>quast</span> <span class='ocrx_word' id='word_1_191' title='bbox 471 1053 613 1098; x_wconf 66' lang='lat' dir='ltr'>quadam</span> <span class='ocrx_word' id='word_1_192' title='bbox 623 1052 831 1092; x_wconf 68' lang='lat' dir='ltr'>instrumenta</span> <span class='ocrx_word' id='word_1_193' title='bbox 842 1081 852 1091; x_wconf 91' lang='lat'><em>,</em></span> <span class='ocrx_word' id='word_1_194' title='bbox 876 1053 915 1088; x_wconf 62' lang='grc' dir='ltr'>ὠ·</span> <span class='ocrx_word' id='word_1_195' title='bbox 929 1054 1189 1088; x_wconf 73' lang='lat' dir='ltr'>machinamenta</span> <span class='ocrx_word' id='word_1_196' title='bbox 1211 1056 1431 1104; x_wconf 82' lang='lat' dir='ltr'>distingueret.</span> 
     </span>
    </p>

    <p class='ocr_par' dir='ltr' id='par_1_8' title="bbox 366 1100 1757 1249">
     <span class='ocr_line' id='line_1_21' title="bbox 408 1100 1757 1150; baseline -0.001 -13"><span class='ocrx_word' id='word_1_197' title='bbox 408 1100 558 1146; x_wconf 85' lang='lat' dir='ltr'>Confirm.</span> <span class='ocrx_word' id='word_1_198' title='bbox 573 1106 616 1136; x_wconf 84' lang='lat'>20.</span> <span class='ocrx_word' id='word_1_199' title='bbox 631 1104 698 1135; x_wconf 79' lang='lat' dir='ltr'>Vix</span> <span class='ocrx_word' id='word_1_200' title='bbox 712 1103 889 1148; x_wconf 87' lang='lat' dir='ltr'>quicquam</span> <span class='ocrx_word' id='word_1_201' title='bbox 906 1114 964 1137; x_wconf 87' lang='lat' dir='ltr'>nos</span> <span class='ocrx_word' id='word_1_202' title='bbox 979 1101 1055 1137; x_wconf 89' lang='lat' dir='ltr'>scire</span> <span class='ocrx_word' id='word_1_203' title='bbox 1071 1105 1102 1137; x_wconf 88' lang='lat' dir='ltr'>in</span> <span class='ocrx_word' id='word_1_204' title='bbox 1118 1102 1167 1137; x_wconf 89' lang='lat' dir='ltr'>his</span> <span class='ocrx_word' id='word_1_205' title='bbox 1177 1102 1318 1139; x_wconf 83' lang='lat' dir='ltr'>scientiis</span> <span class='ocrx_word' id='word_1_206' title='bbox 1329 1105 1408 1138; x_wconf 85' lang='lat' dir='ltr'>certi</span> <span class='ocrx_word' id='word_1_207' title='bbox 1426 1104 1544 1137; x_wconf 85' lang='lat' dir='ltr'>erimus</span> <span class='ocrx_word' id='word_1_208' title='bbox 1557 1103 1637 1136; x_wconf 89' lang='lat' dir='ltr'>citra</span> <span class='ocrx_word' id='word_1_209' title='bbox 1656 1102 1757 1150; x_wconf 74' lang='lat' dir='ltr'>Logi-</span> 
     </span>
     <span class='ocr_line' id='line_1_22' title="bbox 366 1147 1756 1199; baseline 0.001 -13"><span class='ocrx_word' id='word_1_210' title='bbox 366 1163 456 1186; x_wconf 89' lang='lat' dir='ltr'>cam:</span> <span class='ocrx_word' id='word_1_211' title='bbox 475 1162 542 1185; x_wconf 93' lang='lat' dir='ltr'>non</span> <span class='ocrx_word' id='word_1_212' title='bbox 561 1151 647 1184; x_wconf 88' lang='lat' dir='ltr'>enim</span> <span class='ocrx_word' id='word_1_213' title='bbox 671 1147 832 1199; x_wconf 83' lang='lat' dir='ltr'>possumus</span> <span class='ocrx_word' id='word_1_214' title='bbox 858 1151 1024 1186; x_wconf 91' lang='lat' dir='ltr'>ostendere</span> <span class='ocrx_word' id='word_1_215' title='bbox 1052 1153 1175 1187; x_wconf 63' lang='lat' dir='ltr'>rectam</span> <span class='ocrx_word' id='word_1_216' title='bbox 1193 1152 1255 1188; x_wconf 82' lang='lat' dir='ltr'>esse</span> <span class='ocrx_word' id='word_1_217' title='bbox 1275 1152 1556 1195; x_wconf 82' lang='lat' dir='ltr'>consecutionem,</span> <span class='ocrx_word' id='word_1_218' title='bbox 1574 1151 1756 1199; x_wconf 80' lang='lat' dir='ltr'>legitimam</span> 
     </span>
     <span class='ocr_line' id='line_1_23' title="bbox 367 1198 1332 1249; baseline 0.005 -15"><span class='ocrx_word' id='word_1_219' title='bbox 367 1198 834 1244; x_wconf 59' lang='lat' dir='ltr'>effe&#39;demonstrationemmifi</span> <span class='ocrx_word' id='word_1_220' title='bbox 849 1199 868 1235; x_wconf 70' lang='grc' dir='ltr'>ὲ</span> <span class='ocrx_word' id='word_1_221' title='bbox 879 1202 1002 1249; x_wconf 82' lang='lat' dir='ltr'>Logica</span> <span class='ocrx_word' id='word_1_222' title='bbox 1019 1199 1110 1236; x_wconf 78' lang='lat' dir='ltr'>simus</span> <span class='ocrx_word' id='word_1_223' title='bbox 1123 1201 1275 1238; x_wconf 69' lang='lat' dir='ltr'>instruffi.</span> <span class='ocrx_word' id='word_1_224' title='bbox 1327 1242 1332 1248; x_wconf 53' lang='grc'><em>,</em></span> 
     </span>
    </p>

    <p class='ocr_par' dir='ltr' id='par_1_9' title="bbox 782 1251 1255 1297">
     <span class='ocr_line' id='line_1_24' title="bbox 782 1251 1255 1297; baseline 0.006 -14"><span class='ocrx_word' id='word_1_225' title='bbox 782 1255 784 1257; x_wconf 85' lang='grc'><em>“</em></span> <span class='ocrx_word' id='word_1_226' title='bbox 909 1251 1055 1285; x_wconf 83' lang='lat' dir='ltr'>Secunda</span> <span class='ocrx_word' id='word_1_227' title='bbox 1079 1252 1255 1297; x_wconf 71' lang='lat' dir='ltr'>Com-lusto:</span> 
     </span>
    </p>

    <p class='ocr_par' dir='ltr' id='par_1_10' title="bbox 367 1298 1754 1398">
     <span class='ocr_line' id='line_1_25' title="bbox 401 1298 1754 1348; baseline 0.003 -16"><span class='ocrx_word' id='word_1_228' title='bbox 401 1299 523 1347; x_wconf 83' lang='lat' dir='ltr'>Logica</span> <span class='ocrx_word' id='word_1_229' title='bbox 539 1298 627 1334; x_wconf 85' lang='lat' dir='ltr'>utilis</span> <span class='ocrx_word' id='word_1_230' title='bbox 641 1299 685 1333; x_wconf 81' lang='lat' dir='ltr'>est</span> <span class='ocrx_word' id='word_1_231' title='bbox 696 1328 705 1342; x_wconf 88' lang='lat'>,</span> <span class='ocrx_word' id='word_1_232' title='bbox 717 1311 784 1336; x_wconf 90' lang='lat' dir='ltr'>non</span> <span class='ocrx_word' id='word_1_233' title='bbox 792 1299 939 1335; x_wconf 82' lang='lat' dir='ltr'>absolute</span> <span class='ocrx_word' id='word_1_234' title='bbox 956 1298 1126 1335; x_wconf 76' lang='lat' dir='ltr'>neceffaria</span> <span class='ocrx_word' id='word_1_235' title='bbox 1141 1300 1180 1334; x_wconf 86' lang='lat' dir='ltr'>ad</span> <span class='ocrx_word' id='word_1_236' title='bbox 1196 1299 1341 1335; x_wconf 79' lang='lat' dir='ltr'>scientias</span> <span class='ocrx_word' id='word_1_237' title='bbox 1363 1300 1574 1347; x_wconf 76' lang='lat' dir='ltr'>acquirendas</span> <span class='ocrx_word' id='word_1_238' title='bbox 1594 1328 1604 1343; x_wconf 95' lang='lat'>,</span> <span class='ocrx_word' id='word_1_239' title='bbox 1621 1312 1691 1348; x_wconf 83' lang='lat' dir='ltr'>quae</span> <span class='ocrx_word' id='word_1_240' title='bbox 1703 1312 1754 1336; x_wconf 78' lang='lat' dir='ltr'>ex</span> 
     </span>
     <span class='ocr_line' id='line_1_26' title="bbox 367 1345 1525 1398; baseline 0.003 -17"><span class='ocrx_word' id='word_1_241' title='bbox 367 1345 423 1381; x_wconf 81' lang='lat' dir='ltr'>usu</span> <span class='ocrx_word' id='word_1_242' title='bbox 443 1352 478 1384; x_wconf 72' lang='grc' dir='ltr'>δε</span> <span class='ocrx_word' id='word_1_243' title='bbox 499 1347 732 1383; x_wconf 87' lang='lat' dir='ltr'>observatione</span> <span class='ocrx_word' id='word_1_244' title='bbox 745 1352 846 1397; x_wconf 82' lang='lat' dir='ltr'>magis</span> <span class='ocrx_word' id='word_1_245' title='bbox 858 1379 867 1393; x_wconf 86' lang='lat'>‚</span> <span class='ocrx_word' id='word_1_246' title='bbox 881 1349 982 1396; x_wconf 62' lang='lat' dir='ltr'>quam</span> <span class='ocrx_word' id='word_1_247' title='bbox 995 1361 1037 1384; x_wconf 86' lang='lat' dir='ltr'>ex</span> <span class='ocrx_word' id='word_1_248' title='bbox 1047 1352 1328 1398; x_wconf 77' lang='lat' dir='ltr'>argumentatione</span> <span class='ocrx_word' id='word_1_249' title='bbox 1340 1349 1507 1385; x_wconf 86' lang='lat' dir='ltr'>fluxerunt.</span> <span class='ocrx_word' id='word_1_250' title='bbox 1522 1378 1525 1379; x_wconf 16' lang='grc' dir='ltr'><em>γ</em></span> 
     </span>
    </p>

    <p class='ocr_par' dir='ltr' id='par_1_11' title="bbox 367 1395 1758 1685">
     <span class='ocr_line' id='line_1_27' title="bbox 404 1395 1758 1447; baseline 0.004 -18"><span class='ocrx_word' id='word_1_251' title='bbox 404 1395 565 1431; x_wconf 83' lang='lat' dir='ltr'>Probatur</span> <span class='ocrx_word' id='word_1_252' title='bbox 599 1398 772 1443; x_wconf 78' lang='lat' dir='ltr'>Conclufio.</span> <span class='ocrx_word' id='word_1_253' title='bbox 799 1401 861 1433; x_wconf 82' lang='lat' dir='ltr'>Hae</span> <span class='ocrx_word' id='word_1_254' title='bbox 882 1398 1020 1434; x_wconf 68' lang='lat' dir='ltr'>scientias</span> <span class='ocrx_word' id='word_1_255' title='bbox 1045 1401 1145 1447; x_wconf 80' lang='lat' dir='ltr'>magis</span> <span class='ocrx_word' id='word_1_256' title='bbox 1177 1398 1431 1441; x_wconf 71' lang='lat' dir='ltr'>inductionibus,</span> <span class='ocrx_word' id='word_1_257' title='bbox 1445 1398 1547 1445; x_wconf 61' lang='lat' dir='ltr'>quam</span> <span class='ocrx_word' id='word_1_258' title='bbox 1565 1397 1758 1447; x_wconf 79' lang='lat' dir='ltr'>syllogismis</span> 
     </span>
     <span class='ocr_line' id='line_1_28' title="bbox 367 1445 1758 1496; baseline 0.001 -18"><span class='ocrx_word' id='word_1_259' title='bbox 367 1445 513 1480; x_wconf 84' lang='lat' dir='ltr'>constant</span> <span class='ocrx_word' id='word_1_260' title='bbox 530 1445 604 1481; x_wconf 90' lang='lat' dir='ltr'>:sed</span> <span class='ocrx_word' id='word_1_261' title='bbox 628 1447 751 1494; x_wconf 75' lang='lat' dir='ltr'>Logica</span> <span class='ocrx_word' id='word_1_262' title='bbox 766 1447 919 1482; x_wconf 84' lang='lat' dir='ltr'>naturalis</span> <span class='ocrx_word' id='word_1_263' title='bbox 939 1446 1133 1495; x_wconf 85' lang='lat' dir='ltr'>plerumque</span> <span class='ocrx_word' id='word_1_264' title='bbox 1150 1446 1266 1483; x_wconf 87' lang='lat' dir='ltr'>sufficit</span> <span class='ocrx_word' id='word_1_265' title='bbox 1284 1460 1320 1483; x_wconf 88' lang='lat' dir='ltr'>ut</span> <span class='ocrx_word' id='word_1_266' title='bbox 1342 1448 1553 1494; x_wconf 85' lang='lat' dir='ltr'>dijudicemus</span> <span class='ocrx_word' id='word_1_267' title='bbox 1566 1459 1606 1481; x_wconf 90' lang='lat' dir='ltr'>an</span> <span class='ocrx_word' id='word_1_268' title='bbox 1626 1450 1758 1496; x_wconf 78' lang='lat' dir='ltr'>expeti-</span> 
     </span>
     <span class='ocr_line' id='line_1_29' title="bbox 367 1493 1758 1544; baseline 0.003 -16"><span class='ocrx_word' id='word_1_269' title='bbox 367 1504 477 1528; x_wconf 82' lang='lat' dir='ltr'>menta</span> <span class='ocrx_word' id='word_1_270' title='bbox 496 1493 555 1528; x_wconf 83' lang='lat' dir='ltr'>sint</span> <span class='ocrx_word' id='word_1_271' title='bbox 568 1497 633 1529; x_wconf 85' lang='lat' dir='ltr'>rire</span> <span class='ocrx_word' id='word_1_272' title='bbox 647 1494 744 1537; x_wconf 57' lang='lat' dir='ltr'>facta,</span> <span class='ocrx_word' id='word_1_273' title='bbox 762 1508 802 1530; x_wconf 86' lang='lat' dir='ltr'>an</span> <span class='ocrx_word' id='word_1_274' title='bbox 817 1509 876 1543; x_wconf 87' lang='lat' dir='ltr'>per</span> <span class='ocrx_word' id='word_1_275' title='bbox 899 1496 1126 1531; x_wconf 68' lang='lat' dir='ltr'>inductionem</span> <span class='ocrx_word' id='word_1_276' title='bbox 1149 1497 1312 1532; x_wconf 80' lang='lat' dir='ltr'>conclusio</span> <span class='ocrx_word' id='word_1_277' title='bbox 1325 1499 1413 1531; x_wconf 71' lang='lat' dir='ltr'>recte</span> <span class='ocrx_word' id='word_1_278' title='bbox 1433 1496 1627 1532; x_wconf 81' lang='lat' dir='ltr'>deducatur:</span> <span class='ocrx_word' id='word_1_279' title='bbox 1650 1509 1758 1544; x_wconf 87' lang='lat' dir='ltr'>neque</span> 
     </span>
     <span class='ocr_line' id='line_1_30' title="bbox 367 1541 1758 1594; baseline 0.004 -19"><span class='ocrx_word' id='word_1_280' title='bbox 367 1554 449 1588; x_wconf 87' lang='lat' dir='ltr'>opus</span> <span class='ocrx_word' id='word_1_281' title='bbox 468 1542 510 1576; x_wconf 90' lang='lat' dir='ltr'>est</span> <span class='ocrx_word' id='word_1_282' title='bbox 535 1541 794 1591; x_wconf 81' lang='lat' dir='ltr'>syllogismorum</span> <span class='ocrx_word' id='word_1_283' title='bbox 812 1544 938 1593; x_wconf 75' lang='lat' dir='ltr'>reguias</span> <span class='ocrx_word' id='word_1_284' title='bbox 949 1544 1113 1579; x_wconf 90' lang='lat' dir='ltr'>consulere</span> <span class='ocrx_word' id='word_1_285' title='bbox 1129 1547 1358 1594; x_wconf 21' lang='lat' dir='ltr'>:ergossLogica</span> <span class='ocrx_word' id='word_1_286' title='bbox 1369 1575 1378 1589; x_wconf 93' lang='lat'><strong>‚</strong></span> <span class='ocrx_word' id='word_1_287' title='bbox 1397 1543 1483 1580; x_wconf 77' lang='lat' dir='ltr'>ursit</span> <span class='ocrx_word' id='word_1_288' title='bbox 1493 1545 1601 1578; x_wconf 74' lang='lat' dir='ltr'>adeas</span> <span class='ocrx_word' id='word_1_289' title='bbox 1613 1544 1758 1581; x_wconf 82' lang='lat' dir='ltr'>scientias</span> 
     </span>
     <span class='ocr_line' id='line_1_31' title="bbox 367 1591 1758 1643; baseline 0.005 -19"><span class='ocrx_word' id='word_1_290' title='bbox 367 1591 454 1625; x_wconf 85' lang='lat' dir='ltr'>utilis</span> <span class='ocrx_word' id='word_1_291' title='bbox 467 1620 476 1634; x_wconf 86' lang='lat'>‚</span> <span class='ocrx_word' id='word_1_292' title='bbox 488 1594 564 1638; x_wconf 84' lang='lat' dir='ltr'>quia</span> <span class='ocrx_word' id='word_1_293' title='bbox 578 1591 660 1626; x_wconf 84' lang='lat' dir='ltr'>illius</span> <span class='ocrx_word' id='word_1_294' title='bbox 674 1605 740 1640; x_wconf 88' lang='lat' dir='ltr'>ope</span> <span class='ocrx_word' id='word_1_295' title='bbox 753 1592 867 1628; x_wconf 85' lang='lat' dir='ltr'>melius</span> <span class='ocrx_word' id='word_1_296' title='bbox 887 1595 1103 1642; x_wconf 83' lang='lat' dir='ltr'>cogitationes</span> <span class='ocrx_word' id='word_1_297' title='bbox 1114 1595 1231 1630; x_wconf 87' lang='lat' dir='ltr'>nostras</span> <span class='ocrx_word' id='word_1_298' title='bbox 1250 1595 1448 1643; x_wconf 83' lang='lat' dir='ltr'>disponimus</span> <span class='ocrx_word' id='word_1_299' title='bbox 1456 1617 1467 1638; x_wconf 86' lang='lat'>,-</span> <span class='ocrx_word' id='word_1_300' title='bbox 1486 1599 1520 1630; x_wconf 89' lang='lat'>&amp;</span> <span class='ocrx_word' id='word_1_301' title='bbox 1530 1593 1758 1641; x_wconf 66' lang='lat' dir='ltr'>objectionum</span> 
     </span>
     <span class='ocr_line' id='line_1_32' title="bbox 368 1639 1391 1685; baseline 0.004 -10"><span class='ocrx_word' id='word_1_302' title='bbox 368 1639 504 1675; x_wconf 83' lang='lat' dir='ltr'>nebulas</span> <span class='ocrx_word' id='word_1_303' title='bbox 518 1640 722 1685; x_wconf 75' lang='lat' dir='ltr'>discutimus,</span> <span class='ocrx_word' id='word_1_304' title='bbox 740 1655 807 1677; x_wconf 92' lang='lat' dir='ltr'>non</span> <span class='ocrx_word' id='word_1_305' title='bbox 817 1643 863 1678; x_wconf 89' lang='lat' dir='ltr'>est</span> <span class='ocrx_word' id='word_1_306' title='bbox 874 1654 985 1678; x_wconf 86' lang='lat' dir='ltr'>tamen</span> <span class='ocrx_word' id='word_1_307' title='bbox 993 1641 1140 1679; x_wconf 88' lang='lat' dir='ltr'>absolute</span> <span class='ocrx_word' id='word_1_308' title='bbox 1151 1642 1331 1679; x_wconf 73' lang='lat' dir='ltr'>neceffaria.</span> <span class='ocrx_word' id='word_1_309' title='bbox 1345 1672 1347 1674; x_wconf 89' lang='lat'>.</span> <span class='ocrx_word' id='word_1_310' title='bbox 1390 1644 1391 1647; x_wconf 68' lang='grc'>’</span> 
     </span>
    </p>

    <p class='ocr_par' dir='ltr' id='par_1_12' title="bbox 366 1688 1759 1987">
     <span class='ocr_line' id='line_1_33' title="bbox 403 1688 1758 1741; baseline 0.005 -19"><span class='ocrx_word' id='word_1_311' title='bbox 403 1688 556 1734; x_wconf 80' lang='lat' dir='ltr'>Confirm.</span> <span class='ocrx_word' id='word_1_312' title='bbox 577 1692 797 1739; x_wconf 84' lang='lat' dir='ltr'>Hippocrates</span> <span class='ocrx_word' id='word_1_313' title='bbox 826 1695 974 1728; x_wconf 88' lang='lat' dir='ltr'>omnium</span> <span class='ocrx_word' id='word_1_314' title='bbox 992 1692 1198 1727; x_wconf 82' lang='lat' dir='ltr'>Medicorum</span> <span class='ocrx_word' id='word_1_315' title='bbox 1215 1694 1369 1738; x_wconf 83' lang='lat' dir='ltr'>Princeps</span> <span class='ocrx_word' id='word_1_316' title='bbox 1391 1701 1495 1725; x_wconf 86' lang='lat' dir='ltr'>artem</span> <span class='ocrx_word' id='word_1_317' title='bbox 1521 1691 1607 1726; x_wconf 88' lang='lat' dir='ltr'>suam</span> <span class='ocrx_word' id='word_1_318' title='bbox 1629 1696 1758 1741; x_wconf 87' lang='lat' dir='ltr'>optime</span> 
     </span>
     <span class='ocr_line' id='line_1_34' title="bbox 368 1737 1757 1781; baseline 0.001 -9"><span class='ocrx_word' id='word_1_319' title='bbox 368 1737 478 1772; x_wconf 85' lang='lat' dir='ltr'>calluit</span> <span class='ocrx_word' id='word_1_320' title='bbox 491 1768 500 1781; x_wconf 89' lang='lat'>,</span> <span class='ocrx_word' id='word_1_321' title='bbox 517 1740 655 1775; x_wconf 85' lang='lat' dir='ltr'>necdum</span> <span class='ocrx_word' id='word_1_322' title='bbox 669 1752 778 1778; x_wconf 87' lang='lat' dir='ltr'>tamen</span> <span class='ocrx_word' id='word_1_323' title='bbox 796 1741 876 1777; x_wconf 90' lang='lat' dir='ltr'>ullus</span> <span class='ocrx_word' id='word_1_324' title='bbox 895 1741 1085 1777; x_wconf 66' lang='lat' dir='ltr'>Dialefficae</span> <span class='ocrx_word' id='word_1_325' title='bbox 1105 1753 1172 1776; x_wconf 85' lang='lat' dir='ltr'>erat</span> <span class='ocrx_word' id='word_1_326' title='bbox 1187 1740 1254 1776; x_wconf 88' lang='lat' dir='ltr'>usus</span> <span class='ocrx_word' id='word_1_327' title='bbox 1269 1739 1434 1777; x_wconf 82' lang='lat' dir='ltr'>:nondum</span> <span class='ocrx_word' id='word_1_328' title='bbox 1449 1742 1536 1775; x_wconf 86' lang='lat' dir='ltr'>enim</span> <span class='ocrx_word' id='word_1_329' title='bbox 1545 1739 1587 1774; x_wconf 83' lang='lat' dir='ltr'>ab</span> <span class='ocrx_word' id='word_1_330' title='bbox 1601 1743 1757 1778; x_wconf 79' lang='lat' dir='ltr'>Aristote-</span> 
     </span>
     <span class='ocr_line' id='line_1_35' title="bbox 367 1787 1757 1827; baseline 0.005 -6"><span class='ocrx_word' id='word_1_331' title='bbox 367 1787 399 1822; x_wconf 87' lang='lat' dir='ltr'>le</span> <span class='ocrx_word' id='word_1_332' title='bbox 420 1798 474 1822; x_wconf 87' lang='lat' dir='ltr'>aut</span> <span class='ocrx_word' id='word_1_333' title='bbox 495 1790 629 1824; x_wconf 87' lang='lat' dir='ltr'>inventa</span> <span class='ocrx_word' id='word_1_334' title='bbox 642 1816 649 1827; x_wconf 83' lang='lat'><em>,</em></span> <span class='ocrx_word' id='word_1_335' title='bbox 668 1792 773 1826; x_wconf 85' lang='lat' dir='ltr'>aut-in</span> <span class='ocrx_word' id='word_1_336' title='bbox 792 1792 940 1826; x_wconf 86' lang='lat' dir='ltr'>ordinem</span> <span class='ocrx_word' id='word_1_337' title='bbox 953 1792 1079 1826; x_wconf 60' lang='lat' dir='ltr'>coacta</span> <span class='ocrx_word' id='word_1_338' title='bbox 1098 1790 1206 1825; x_wconf 87' lang='lat' dir='ltr'>fuerat</span> <span class='ocrx_word' id='word_1_339' title='bbox 1231 1805 1239 1826; x_wconf 73' lang='grc' dir='ltr'>ε</span> <span class='ocrx_word' id='word_1_340' title='bbox 1265 1802 1327 1826; x_wconf 90' lang='lat' dir='ltr'>nec</span> <span class='ocrx_word' id='word_1_341' title='bbox 1340 1788 1532 1823; x_wconf 79' lang='lat' dir='ltr'>crediderim</span> <span class='ocrx_word' id='word_1_342' title='bbox 1550 1789 1592 1823; x_wconf 86' lang='lat' dir='ltr'>ad</span> <span class='ocrx_word' id='word_1_343' title='bbox 1605 1791 1757 1827; x_wconf 74' lang='lat' dir='ltr'>Astrono-</span> 
     </span>
     <span class='ocr_line' id='line_1_36' title="bbox 366 1837 1759 1888; baseline 0.002 -17"><span class='ocrx_word' id='word_1_344' title='bbox 366 1839 466 1872; x_wconf 75' lang='lat' dir='ltr'>miani</span> <span class='ocrx_word' id='word_1_345' title='bbox 487 1866 497 1879; x_wconf 90' lang='lat'>,</span> <span class='ocrx_word' id='word_1_346' title='bbox 515 1850 587 1885; x_wconf 79' lang='lat' dir='ltr'>quae</span> <span class='ocrx_word' id='word_1_347' title='bbox 603 1837 889 1875; x_wconf 83' lang='lat' dir='ltr'>observationibus</span> <span class='ocrx_word' id='word_1_348' title='bbox 912 1852 980 1876; x_wconf 85' lang='lat' dir='ltr'>tota</span> <span class='ocrx_word' id='word_1_349' title='bbox 999 1842 1170 1883; x_wconf 86' lang='lat' dir='ltr'>innititur,</span> <span class='ocrx_word' id='word_1_350' title='bbox 1185 1851 1240 1875; x_wconf 88' lang='lat' dir='ltr'>aut</span> <span class='ocrx_word' id='word_1_351' title='bbox 1259 1840 1300 1873; x_wconf 87' lang='lat' dir='ltr'>ad</span> <span class='ocrx_word' id='word_1_352' title='bbox 1326 1837 1555 1881; x_wconf 83' lang='lat' dir='ltr'>Mechanicas‚</span> <span class='ocrx_word' id='word_1_353' title='bbox 1571 1851 1629 1874; x_wconf 82' lang='lat' dir='ltr'>aut</span> <span class='ocrx_word' id='word_1_354' title='bbox 1653 1843 1759 1888; x_wconf 87' lang='lat' dir='ltr'>Opti-</span> 
     </span>
     <span class='ocr_line' id='line_1_37' title="bbox 366 1887 1755 1938; baseline 0.003 -18"><span class='ocrx_word' id='word_1_355' title='bbox 366 1899 439 1921; x_wconf 85' lang='lat' dir='ltr'>cam</span> <span class='ocrx_word' id='word_1_356' title='bbox 450 1916 460 1929; x_wconf 88' lang='lat'>‚</span> <span class='ocrx_word' id='word_1_357' title='bbox 471 1898 526 1921; x_wconf 90' lang='lat' dir='ltr'>aut</span> <span class='ocrx_word' id='word_1_358' title='bbox 539 1887 729 1935; x_wconf 84' lang='lat' dir='ltr'>Chymiam,</span> <span class='ocrx_word' id='word_1_359' title='bbox 744 1902 800 1924; x_wconf 81' lang='lat' dir='ltr'>aut</span> <span class='ocrx_word' id='word_1_360' title='bbox 819 1891 953 1924; x_wconf 87' lang='lat' dir='ltr'>demum</span> <span class='ocrx_word' id='word_1_361' title='bbox 967 1890 1006 1923; x_wconf 83' lang='lat' dir='ltr'>ad</span> <span class='ocrx_word' id='word_1_362' title='bbox 1030 1889 1099 1924; x_wconf 89' lang='lat' dir='ltr'>illas</span> <span class='ocrx_word' id='word_1_363' title='bbox 1118 1888 1298 1938; x_wconf 87' lang='lat' dir='ltr'>disciplinas</span> <span class='ocrx_word' id='word_1_364' title='bbox 1312 1917 1322 1931; x_wconf 91' lang='lat'>,</span> <span class='ocrx_word' id='word_1_365' title='bbox 1338 1899 1408 1935; x_wconf 86' lang='lat' dir='ltr'>quae</span> <span class='ocrx_word' id='word_1_366' title='bbox 1421 1889 1651 1934; x_wconf 83' lang='lat' dir='ltr'>experimentis</span> <span class='ocrx_word' id='word_1_367' title='bbox 1674 1902 1755 1924; x_wconf 90' lang='lat' dir='ltr'>con-</span> 
     </span>
     <span class='ocr_line' id='line_1_38' title="bbox 367 1936 1754 1987; baseline 0.003 -18"><span class='ocrx_word' id='word_1_368' title='bbox 367 1936 446 1970; x_wconf 87' lang='lat' dir='ltr'>stant</span> <span class='ocrx_word' id='word_1_369' title='bbox 459 1964 467 1978; x_wconf 82' lang='lat'>,</span> <span class='ocrx_word' id='word_1_370' title='bbox 489 1937 646 1984; x_wconf 81' lang='lat' dir='ltr'>Logicam</span> <span class='ocrx_word' id='word_1_371' title='bbox 661 1937 743 1970; x_wconf 86' lang='lat' dir='ltr'>adeo</span> <span class='ocrx_word' id='word_1_372' title='bbox 759 1936 820 1971; x_wconf 80' lang='lat' dir='ltr'>effe</span> <span class='ocrx_word' id='word_1_373' title='bbox 832 1937 1035 1972; x_wconf 76' lang='lat' dir='ltr'>necessariam</span> <span class='ocrx_word' id='word_1_374' title='bbox 1045 1952 1052 1973; x_wconf 73' lang='grc' dir='ltr'>ε</span> <span class='ocrx_word' id='word_1_375' title='bbox 1063 1951 1137 1973; x_wconf 88' lang='lat' dir='ltr'>cum</span> <span class='ocrx_word' id='word_1_376' title='bbox 1151 1938 1244 1975; x_wconf 88' lang='lat' dir='ltr'>multi</span> <span class='ocrx_word' id='word_1_377' title='bbox 1258 1941 1290 1973; x_wconf 90' lang='lat' dir='ltr'>in</span> <span class='ocrx_word' id='word_1_378' title='bbox 1304 1940 1342 1972; x_wconf 89' lang='lat' dir='ltr'>iis</span> <span class='ocrx_word' id='word_1_379' title='bbox 1354 1936 1493 1974; x_wconf 82' lang='lat' dir='ltr'>scientiis</span> <span class='ocrx_word' id='word_1_380' title='bbox 1508 1936 1680 1978; x_wconf 79' lang='lat' dir='ltr'>excellant,</span> <span class='ocrx_word' id='word_1_381' title='bbox 1696 1939 1754 1987; x_wconf 92' lang='lat' dir='ltr'>qui</span> 
     </span>
    </p>

    <p class='ocr_par' dir='ltr' id='par_1_13' title="bbox 311 1985 1219 2081">
     <span class='ocr_line' id='line_1_39' title="bbox 311 1985 1086 2034; baseline 0.001 -15"><span class='ocrx_word' id='word_1_382' title='bbox 311 2026 315 2029; x_wconf 24' lang='grc' dir='ltr'>ι</span> <span class='ocrx_word' id='word_1_383' title='bbox 366 1997 407 2020; x_wconf 85' lang='lat' dir='ltr'>ne</span> <span class='ocrx_word' id='word_1_384' title='bbox 428 1985 448 2021; x_wconf 70' lang='lat' dir='ltr'>a</span> <span class='ocrx_word' id='word_1_385' title='bbox 464 1985 578 2022; x_wconf 87' lang='lat' dir='ltr'>limine</span> <span class='ocrx_word' id='word_1_386' title='bbox 591 1985 723 2032; x_wconf 84' lang='lat' dir='ltr'>quidem</span> <span class='ocrx_word' id='word_1_387' title='bbox 736 1987 893 2034; x_wconf 80' lang='lat' dir='ltr'>Logicam</span> <span class='ocrx_word' id='word_1_388' title='bbox 904 1985 1086 2022; x_wconf 84' lang='lat' dir='ltr'>salutarunt.</span> 
     </span>
     <span class='ocr_line' id='line_1_40' title="bbox 917 2036 1219 2081; baseline 0.01 -12"><span class='ocrx_word' id='word_1_389' title='bbox 917 2036 1030 2070; x_wconf 81' lang='lat' dir='ltr'>Tertia</span> <span class='ocrx_word' id='word_1_390' title='bbox 1046 2037 1219 2081; x_wconf 76' lang='lat' dir='ltr'>Conclufio.</span> 
     </span>
    </p>

    <p class='ocr_par' dir='ltr' id='par_1_14' title="bbox 365 2084 1754 2184">
     <span class='ocr_line' id='line_1_41' title="bbox 401 2084 1754 2134; baseline 0.001 -15"><span class='ocrx_word' id='word_1_391' title='bbox 401 2084 513 2120; x_wconf 89' lang='lat' dir='ltr'>Multo</span> <span class='ocrx_word' id='word_1_392' title='bbox 532 2086 641 2120; x_wconf 86' lang='lat' dir='ltr'>minus</span> <span class='ocrx_word' id='word_1_393' title='bbox 658 2086 780 2134; x_wconf 83' lang='lat' dir='ltr'>Logica</span> <span class='ocrx_word' id='word_1_394' title='bbox 795 2086 837 2119; x_wconf 89' lang='lat' dir='ltr'>est</span> <span class='ocrx_word' id='word_1_395' title='bbox 851 2085 1021 2121; x_wconf 68' lang='lat' dir='ltr'>necessaria</span> <span class='ocrx_word' id='word_1_396' title='bbox 1038 2088 1234 2121; x_wconf 86' lang='lat' dir='ltr'>Geometriae</span> <span class='ocrx_word' id='word_1_397' title='bbox 1252 2092 1285 2123; x_wconf 76' lang='lat' dir='ltr'>Sc</span> <span class='ocrx_word' id='word_1_398' title='bbox 1302 2085 1532 2129; x_wconf 78' lang='lat' dir='ltr'>Arithmeticae,</span> <span class='ocrx_word' id='word_1_399' title='bbox 1549 2096 1618 2120; x_wconf 89' lang='lat' dir='ltr'>tum</span> <span class='ocrx_word' id='word_1_400' title='bbox 1634 2086 1716 2130; x_wconf 85' lang='lat' dir='ltr'>aliis,</span> <span class='ocrx_word' id='word_1_401' title='bbox 1733 2085 1754 2121; x_wconf 80' lang='lat' dir='ltr'>si</span> 
     </span>
     <span class='ocr_line' id='line_1_42' title="bbox 365 2132 1425 2184; baseline 0.001 -17"><span class='ocrx_word' id='word_1_402' title='bbox 365 2145 438 2180; x_wconf 84' lang='lat' dir='ltr'>quae</span> <span class='ocrx_word' id='word_1_403' title='bbox 449 2132 519 2179; x_wconf 82' lang='lat' dir='ltr'>finr,</span> <span class='ocrx_word' id='word_1_404' title='bbox 535 2134 723 2170; x_wconf 83' lang='lat' dir='ltr'>Matheseos</span> <span class='ocrx_word' id='word_1_405' title='bbox 734 2135 878 2181; x_wconf 87' lang='lat' dir='ltr'>partibus</span> <span class='ocrx_word' id='word_1_406' title='bbox 898 2165 906 2179; x_wconf 82' lang='lat'>‚</span> <span class='ocrx_word' id='word_1_407' title='bbox 929 2148 996 2183; x_wconf 69' lang='lat' dir='ltr'>quse</span> <span class='ocrx_word' id='word_1_408' title='bbox 1015 2135 1033 2170; x_wconf 67' lang='lat'>{1</span> <span class='ocrx_word' id='word_1_409' title='bbox 1044 2135 1175 2173; x_wconf 69' lang='lat' dir='ltr'>thfica</span> <span class='ocrx_word' id='word_1_410' title='bbox 1191 2149 1257 2171; x_wconf 86' lang='lat' dir='ltr'>nou</span> <span class='ocrx_word' id='word_1_411' title='bbox 1268 2136 1425 2184; x_wconf 85' lang='lat' dir='ltr'>pendent.</span> 
     </span>
    </p>

    <p class='ocr_par' dir='ltr' id='par_1_15' title="bbox 366 2181 1755 2432">
     <span class='ocr_line' id='line_1_43' title="bbox 400 2181 1755 2233; baseline 0.002 -17"><span class='ocrx_word' id='word_1_412' title='bbox 400 2182 564 2218; x_wconf 65' lang='lat' dir='ltr'>Probatur</span> <span class='ocrx_word' id='word_1_413' title='bbox 576 2186 787 2232; x_wconf 60' lang='lat' dir='ltr'>experientia.</span> <span class='ocrx_word' id='word_1_414' title='bbox 801 2186 888 2220; x_wconf 86' lang='lat' dir='ltr'>Nam</span> <span class='ocrx_word' id='word_1_415' title='bbox 908 2185 987 2219; x_wconf 67' lang='lat' dir='ltr'>oiim</span> <span class='ocrx_word' id='word_1_416' title='bbox 1002 2181 1276 2233; x_wconf 55' lang='lat' dir='ltr'>puerilihthefim</span> <span class='ocrx_word' id='word_1_417' title='bbox 1296 2183 1516 2228; x_wconf 85' lang='lat' dir='ltr'>docebantur,</span> <span class='ocrx_word' id='word_1_418' title='bbox 1535 2190 1568 2221; x_wconf 68' lang='lat'>6&lt;</span> <span class='ocrx_word' id='word_1_419' title='bbox 1580 2196 1664 2219; x_wconf 86' lang='lat' dir='ltr'>nunc</span> <span class='ocrx_word' id='word_1_420' title='bbox 1683 2184 1755 2233; x_wconf 88' lang='lat' dir='ltr'>plu-</span> 
     </span>
     <span class='ocr_line' id='line_1_44' title="bbox 366 2232 1753 2283; baseline 0.004 -20"><span class='ocrx_word' id='word_1_421' title='bbox 366 2242 416 2264; x_wconf 78' lang='lat' dir='ltr'>res</span> <span class='ocrx_word' id='word_1_422' title='bbox 426 2243 496 2265; x_wconf 85' lang='lat' dir='ltr'>eam</span> <span class='ocrx_word' id='word_1_423' title='bbox 514 2233 696 2277; x_wconf 79' lang='lat' dir='ltr'>addiscunt²</span> <span class='ocrx_word' id='word_1_424' title='bbox 710 2244 885 2280; x_wconf 74' lang='lat' dir='ltr'>antequam</span> <span class='ocrx_word' id='word_1_425' title='bbox 901 2237 1067 2283; x_wconf 65' lang='lat' dir='ltr'>praeceptis</span> <span class='ocrx_word' id='word_1_426' title='bbox 1086 2237 1212 2281; x_wconf 60' lang='lat' dir='ltr'>Logicae</span> <span class='ocrx_word' id='word_1_427' title='bbox 1235 2232 1431 2269; x_wconf 71' lang='lat' dir='ltr'>imbuantur‘⁴</span> <span class='ocrx_word' id='word_1_428' title='bbox 1447 2233 1592 2268; x_wconf 79' lang='lat' dir='ltr'>Euclides</span> <span class='ocrx_word' id='word_1_429' title='bbox 1614 2232 1678 2281; x_wconf 87' lang='lat' dir='ltr'>ipse</span> <span class='ocrx_word' id='word_1_430' title='bbox 1692 2262 1701 2276; x_wconf 84' lang='lat'>‚</span> <span class='ocrx_word' id='word_1_431' title='bbox 1717 2244 1753 2268; x_wconf 87' lang='lat' dir='ltr'>ut</span> 
     </span>
     <span class='ocr_line' id='line_1_45' title="bbox 367 2278 1752 2332; baseline 0.003 -20"><span class='ocrx_word' id='word_1_432' title='bbox 367 2278 476 2313; x_wconf 86' lang='lat' dir='ltr'>multis</span> <span class='ocrx_word' id='word_1_433' title='bbox 495 2283 619 2317; x_wconf 73' lang='lat' dir='ltr'>viderur</span> <span class='ocrx_word' id='word_1_434' title='bbox 630 2312 641 2326; x_wconf 81' lang='lat'>‚</span> <span class='ocrx_word' id='word_1_435' title='bbox 656 2294 731 2318; x_wconf 84' lang='lat' dir='ltr'>ante</span> <span class='ocrx_word' id='word_1_436' title='bbox 743 2284 949 2319; x_wconf 80' lang='lat' dir='ltr'>Aristotelem</span> <span class='ocrx_word' id='word_1_437' title='bbox 961 2281 1069 2319; x_wconf 74' lang='lat' dir='ltr'>floruit</span> <span class='ocrx_word' id='word_1_438' title='bbox 1079 2314 1087 2328; x_wconf 88' lang='lat'>‚</span> <span class='ocrx_word' id='word_1_439' title='bbox 1103 2282 1202 2332; x_wconf 57' lang='lat' dir='ltr'>2itc1ue</span> <span class='ocrx_word' id='word_1_440' title='bbox 1215 2296 1254 2318; x_wconf 86' lang='lat' dir='ltr'>ex</span> <span class='ocrx_word' id='word_1_441' title='bbox 1272 2297 1312 2318; x_wconf 89' lang='lat' dir='ltr'>eo</span> <span class='ocrx_word' id='word_1_442' title='bbox 1323 2283 1413 2331; x_wconf 77' lang='lat' dir='ltr'>perse</span> <span class='ocrx_word' id='word_1_443' title='bbox 1421 2285 1540 2318; x_wconf 51' lang='lat' dir='ltr'>starum</span> <span class='ocrx_word' id='word_1_444' title='bbox 1557 2283 1752 2318; x_wconf 83' lang='lat' dir='ltr'>demonstra-</span> 
     </span>
     <span class='ocr_line' id='line_1_46' title="bbox 368 2330 1755 2385; baseline 0.004 -24"><span class='ocrx_word' id='word_1_445' title='bbox 368 2330 494 2363; x_wconf 83' lang='lat' dir='ltr'>tionum</span> <span class='ocrx_word' id='word_1_446' title='bbox 510 2333 655 2379; x_wconf 70' lang='lat' dir='ltr'>exempla</span> <span class='ocrx_word' id='word_1_447' title='bbox 665 2344 828 2367; x_wconf 83' lang='lat' dir='ltr'>mutuatur</span> <span class='ocrx_word' id='word_1_448' title='bbox 847 2332 1031 2372; x_wconf 75' lang='lat' dir='ltr'>Aristoteles</span> <span class='ocrx_word' id='word_1_449' title='bbox 1044 2350 1050 2371; x_wconf 91' lang='lat'>:</span> <span class='ocrx_word' id='word_1_450' title='bbox 1064 2338 1147 2385; x_wconf 79' lang='lat' dir='ltr'>Ergo</span> <span class='ocrx_word' id='word_1_451' title='bbox 1161 2333 1200 2369; x_wconf 90' lang='lat' dir='ltr'>ad</span> <span class='ocrx_word' id='word_1_452' title='bbox 1207 2333 1262 2370; x_wconf 89' lang='lat' dir='ltr'>has</span> <span class='ocrx_word' id='word_1_453' title='bbox 1270 2332 1419 2370; x_wconf 86' lang='lat' dir='ltr'>scientias</span> <span class='ocrx_word' id='word_1_454' title='bbox 1432 2331 1663 2382; x_wconf 75' lang='lat' dir='ltr'>comparandas</span> <span class='ocrx_word' id='word_1_455' title='bbox 1679 2330 1755 2369; x_wconf 85' lang='lat' dir='ltr'>nul-</span> 
     </span>
     <span class='ocr_line' id='line_1_47' title="bbox 367 2376 834 2432; baseline 0.013 -18"><span class='ocrx_word' id='word_1_456' title='bbox 367 2376 428 2413; x_wconf 70' lang='lat' dir='ltr'>lius</span> <span class='ocrx_word' id='word_1_457' title='bbox 447 2391 547 2429; x_wconf 83' lang='lat' dir='ltr'>prope</span> <span class='ocrx_word' id='word_1_458' title='bbox 561 2380 628 2417; x_wconf 82' lang='lat' dir='ltr'>usus</span> <span class='ocrx_word' id='word_1_459' title='bbox 644 2383 685 2418; x_wconf 85' lang='lat' dir='ltr'>est</span> <span class='ocrx_word' id='word_1_460' title='bbox 704 2384 834 2432; x_wconf 78' lang='lat' dir='ltr'>Logica.</span> 
     </span>
    </p>
   </div>
  </div>
 </body>
</html>
