<?xml version="1.0" encoding="UTF-8"?>
<!DOCTYPE html PUBLIC "-//W3C//DTD XHTML 1.0 Transitional//EN"
    "http://www.w3.org/TR/xhtml1/DTD/xhtml1-transitional.dtd">
<html xmlns="http://www.w3.org/1999/xhtml" xml:lang="en" lang="en">
 <head>
  <title>
</title>
<meta http-equiv="Content-Type" content="text/html;charset=utf-8" />
  <meta name='ocr-system' content='tesseract 3.04.00' />
  <meta name='ocr-capabilities' content='ocr_page ocr_carea ocr_par ocr_line ocrx_word'/>
</head>
<body>
  <div class='ocr_page' id='page_1' title='image "./philosophiavetus01duhauoft_0108.png"; bbox 0 0 1857 2745; ppageno 0'>
   <div class='ocr_carea' id='block_1_1' title="bbox 318 118 1735 2434">
    <p class='ocr_par' dir='ltr' id='par_1_1' title="bbox 344 118 1326 170">
     <span class='ocr_line' id='line_1_1' title="bbox 344 118 1326 170; baseline -0.007 -8"><span class='ocrx_word' id='word_1_1' title='bbox 344 124 385 162; x_wconf 68' lang='lat'>86</span> <span class='ocrx_word' id='word_1_2' title='bbox 743 118 1326 170; x_wconf 58' lang='lat' dir='ltr'>DFsgUvaERSALlBUS</span> 
     </span>
    </p>

    <p class='ocr_par' dir='ltr' id='par_1_2' title="bbox 339 169 1735 470">
     <span class='ocr_line' id='line_1_2' title="bbox 384 169 1735 224; baseline 0.001 -17"><span class='ocrx_word' id='word_1_3' title='bbox 384 175 467 224; x_wconf 84' lang='lat' dir='ltr'>Opp.</span> <span class='ocrx_word' id='word_1_4' title='bbox 483 181 524 211; x_wconf 82' lang='lat'>1⁰.</span> <span class='ocrx_word' id='word_1_5' title='bbox 548 183 620 221; x_wconf 82' lang='lat' dir='ltr'>quae</span> <span class='ocrx_word' id='word_1_6' title='bbox 639 169 764 207; x_wconf 86' lang='lat' dir='ltr'>habent</span> <span class='ocrx_word' id='word_1_7' title='bbox 792 170 931 207; x_wconf 85' lang='lat' dir='ltr'>diversas</span> <span class='ocrx_word' id='word_1_8' title='bbox 954 170 1160 207; x_wconf 86' lang='lat' dir='ltr'>definitiones</span> <span class='ocrx_word' id='word_1_9' title='bbox 1181 169 1378 215; x_wconf 75' lang='lat' dir='ltr'>effentiale5‚</span> <span class='ocrx_word' id='word_1_10' title='bbox 1393 182 1449 207; x_wconf 89' lang='lat' dir='ltr'>aut</span> <span class='ocrx_word' id='word_1_11' title='bbox 1462 169 1502 206; x_wconf 89' lang='lat' dir='ltr'>de</span> <span class='ocrx_word' id='word_1_12' title='bbox 1519 172 1636 221; x_wconf 86' lang='lat' dir='ltr'>quibus</span> <span class='ocrx_word' id='word_1_13' title='bbox 1654 185 1735 217; x_wconf 87' lang='lat' dir='ltr'>con-</span> 
     </span>
     <span class='ocr_line' id='line_1_3' title="bbox 346 220 1734 269; baseline -0.001 -11"><span class='ocrx_word' id='word_1_14' title='bbox 346 224 528 259; x_wconf 68' lang='lat' dir='ltr'>tradi&amp;oria</span> <span class='ocrx_word' id='word_1_15' title='bbox 545 220 743 258; x_wconf 76' lang='lat' dir='ltr'>affirmantur</span> <span class='ocrx_word' id='word_1_16' title='bbox 755 249 765 264; x_wconf 89' lang='lat'>,</span> <span class='ocrx_word' id='word_1_17' title='bbox 782 232 839 256; x_wconf 88' lang='lat' dir='ltr'>aut</span> <span class='ocrx_word' id='word_1_18' title='bbox 852 233 925 269; x_wconf 82' lang='lat' dir='ltr'>quae</span> <span class='ocrx_word' id='word_1_19' title='bbox 945 220 1083 257; x_wconf 86' lang='lat' dir='ltr'>diversas</span> <span class='ocrx_word' id='word_1_20' title='bbox 1109 232 1264 256; x_wconf 79' lang='lat' dir='ltr'>exercent</span> <span class='ocrx_word' id='word_1_21' title='bbox 1279 223 1484 269; x_wconf 80' lang='lat' dir='ltr'>operationes</span> <span class='ocrx_word' id='word_1_22' title='bbox 1501 251 1512 266; x_wconf 93' lang='lat'><strong><em>,</em></strong></span> <span class='ocrx_word' id='word_1_23' title='bbox 1525 235 1564 256; x_wconf 86' lang='lat' dir='ltr'>ea</span> <span class='ocrx_word' id='word_1_24' title='bbox 1579 223 1646 260; x_wconf 86' lang='lat' dir='ltr'>sunt</span> <span class='ocrx_word' id='word_1_25' title='bbox 1661 239 1734 260; x_wconf 84' lang='lat' dir='ltr'>om.</span> 
     </span>
     <span class='ocr_line' id='line_1_4' title="bbox 342 268 1734 320; baseline 0.001 -13"><span class='ocrx_word' id='word_1_26' title='bbox 342 275 420 308; x_wconf 88' lang='lat' dir='ltr'>nino</span> <span class='ocrx_word' id='word_1_27' title='bbox 439 271 559 307; x_wconf 83' lang='lat' dir='ltr'>diversa</span> <span class='ocrx_word' id='word_1_28' title='bbox 573 286 580 308; x_wconf 91' lang='lat'>:</span> <span class='ocrx_word' id='word_1_29' title='bbox 600 270 653 307; x_wconf 89' lang='lat' dir='ltr'>sed</span> <span class='ocrx_word' id='word_1_30' title='bbox 666 271 779 320; x_wconf 84' lang='lat' dir='ltr'>gradus</span> <span class='ocrx_word' id='word_1_31' title='bbox 790 268 1002 320; x_wconf 86' lang='lat' dir='ltr'>metaphyfici</span> <span class='ocrx_word' id='word_1_32' title='bbox 1016 269 1152 307; x_wconf 85' lang='lat' dir='ltr'>diversas</span> <span class='ocrx_word' id='word_1_33' title='bbox 1171 269 1294 307; x_wconf 82' lang='lat' dir='ltr'>habent</span> <span class='ocrx_word' id='word_1_34' title='bbox 1306 269 1530 314; x_wconf 75' lang='lat' dir='ltr'>definitione53</span> <span class='ocrx_word' id='word_1_35' title='bbox 1551 271 1622 308; x_wconf 87' lang='lat' dir='ltr'>sunt</span> <span class='ocrx_word' id='word_1_36' title='bbox 1634 277 1734 310; x_wconf 82' lang='lat' dir='ltr'>etiam</span> 
     </span>
     <span class='ocr_line' id='line_1_5' title="bbox 341 318 1734 371; baseline 0.001 -17"><span class='ocrx_word' id='word_1_37' title='bbox 341 324 498 370; x_wconf 87' lang='lat' dir='ltr'>principia</span> <span class='ocrx_word' id='word_1_38' title='bbox 517 323 746 371; x_wconf 81' lang='lat' dir='ltr'>operationum</span> <span class='ocrx_word' id='word_1_39' title='bbox 758 322 896 356; x_wconf 89' lang='lat' dir='ltr'>omnino</span> <span class='ocrx_word' id='word_1_40' title='bbox 919 319 1113 365; x_wconf 71' lang='lat' dir='ltr'>diversarum</span> <span class='ocrx_word' id='word_1_41' title='bbox 1125 332 1182 365; x_wconf 82' lang='lat' dir='ltr'>,ut</span> <span class='ocrx_word' id='word_1_42' title='bbox 1191 318 1372 356; x_wconf 84' lang='lat' dir='ltr'>animalitas</span> <span class='ocrx_word' id='word_1_43' title='bbox 1388 319 1566 366; x_wconf 83' lang='lat' dir='ltr'>sentiendi,</span> <span class='ocrx_word' id='word_1_44' title='bbox 1589 325 1734 359; x_wconf 81' lang='lat' dir='ltr'>rationa-</span> 
     </span>
     <span class='ocr_line' id='line_1_6' title="bbox 339 369 1733 420; baseline 0.003 -16"><span class='ocrx_word' id='word_1_45' title='bbox 339 371 414 405; x_wconf 81' lang='lat' dir='ltr'>litas</span> <span class='ocrx_word' id='word_1_46' title='bbox 429 370 625 407; x_wconf 89' lang='lat' dir='ltr'>discurrendi</span> <span class='ocrx_word' id='word_1_47' title='bbox 640 372 836 420; x_wconf 86' lang='lat' dir='ltr'>principium</span> <span class='ocrx_word' id='word_1_48' title='bbox 856 369 922 406; x_wconf 89' lang='lat' dir='ltr'>est:</span> <span class='ocrx_word' id='word_1_49' title='bbox 940 381 1041 418; x_wconf 84' lang='lat' dir='ltr'>atque</span> <span class='ocrx_word' id='word_1_50' title='bbox 1054 399 1065 415; x_wconf 88' lang='lat'>‚</span> <span class='ocrx_word' id='word_1_51' title='bbox 1079 381 1116 406; x_wconf 88' lang='lat' dir='ltr'>ut</span> <span class='ocrx_word' id='word_1_52' title='bbox 1136 371 1296 414; x_wconf 76' lang='lat' dir='ltr'>diximus,</span> <span class='ocrx_word' id='word_1_53' title='bbox 1312 369 1549 420; x_wconf 72' lang='lat' dir='ltr'>propositiones</span> <span class='ocrx_word' id='word_1_54' title='bbox 1571 374 1733 408; x_wconf 86' lang='lat' dir='ltr'>contradi-</span> 
     </span>
     <span class='ocr_line' id='line_1_7' title="bbox 342 418 1003 470; baseline 0.003 -15"><span class='ocrx_word' id='word_1_55' title='bbox 342 421 453 456; x_wconf 69' lang='lat' dir='ltr'>‹Storiae</span> <span class='ocrx_word' id='word_1_56' title='bbox 467 421 508 456; x_wconf 90' lang='lat' dir='ltr'>de</span> <span class='ocrx_word' id='word_1_57' title='bbox 517 423 553 456; x_wconf 90' lang='lat' dir='ltr'>iis</span> <span class='ocrx_word' id='word_1_58' title='bbox 572 418 799 470; x_wconf 80' lang='lat' dir='ltr'>fieripoffunt:</span> <span class='ocrx_word' id='word_1_59' title='bbox 815 432 913 469; x_wconf 78' lang='lat' dir='ltr'>ergo,</span> <span class='ocrx_word' id='word_1_60' title='bbox 936 419 1003 457; x_wconf 64' lang='lat' dir='ltr'>&amp;a</span> 
     </span>
    </p>

    <p class='ocr_par' dir='ltr' id='par_1_3' title="bbox 335 468 1735 669">
     <span class='ocr_line' id='line_1_8' title="bbox 375 468 1735 520; baseline 0.003 -18"><span class='ocrx_word' id='word_1_61' title='bbox 375 471 466 520; x_wconf 75' lang='lat' dir='ltr'>Resp.</span> <span class='ocrx_word' id='word_1_62' title='bbox 487 471 573 517; x_wconf 79' lang='lat' dir='ltr'>Dist.</span> <span class='ocrx_word' id='word_1_63' title='bbox 589 476 705 514; x_wconf 83' lang='lat' dir='ltr'>major.</span> <span class='ocrx_word' id='word_1_64' title='bbox 721 473 807 519; x_wconf 86' lang='lat' dir='ltr'>Qae</span> <span class='ocrx_word' id='word_1_65' title='bbox 820 469 959 505; x_wconf 86' lang='lat' dir='ltr'>diversas</span> <span class='ocrx_word' id='word_1_66' title='bbox 975 468 1101 507; x_wconf 88' lang='lat' dir='ltr'>habent</span> <span class='ocrx_word' id='word_1_67' title='bbox 1115 468 1339 514; x_wconf 84' lang='lat' dir='ltr'>definitiones,</span> <span class='ocrx_word' id='word_1_68' title='bbox 1354 481 1409 505; x_wconf 90' lang='lat' dir='ltr'>aut</span> <span class='ocrx_word' id='word_1_69' title='bbox 1420 469 1558 505; x_wconf 85' lang='lat' dir='ltr'>diversas</span> <span class='ocrx_word' id='word_1_70' title='bbox 1571 473 1735 518; x_wconf 81' lang='lat' dir='ltr'>operatio-</span> 
     </span>
     <span class='ocr_line' id='line_1_9' title="bbox 336 518 1734 565; baseline 0.001 -10"><span class='ocrx_word' id='word_1_71' title='bbox 336 531 395 555; x_wconf 86' lang='lat' dir='ltr'>nes</span> <span class='ocrx_word' id='word_1_72' title='bbox 406 532 560 555; x_wconf 83' lang='lat' dir='ltr'>exercent</span> <span class='ocrx_word' id='word_1_73' title='bbox 572 550 582 565; x_wconf 90' lang='lat'>‚</span> <span class='ocrx_word' id='word_1_74' title='bbox 597 520 747 557; x_wconf 62' lang='lat' dir='ltr'>distincta</span> <span class='ocrx_word' id='word_1_75' title='bbox 766 518 828 556; x_wconf 81' lang='lat' dir='ltr'>effe</span> <span class='ocrx_word' id='word_1_76' title='bbox 840 531 896 554; x_wconf 87' lang='lat' dir='ltr'>aut</span> <span class='ocrx_word' id='word_1_77' title='bbox 914 532 948 554; x_wconf 91' lang='lat' dir='ltr'>re</span> <span class='ocrx_word' id='word_1_78' title='bbox 963 548 973 564; x_wconf 83' lang='lat'>,</span> <span class='ocrx_word' id='word_1_79' title='bbox 993 531 1047 556; x_wconf 82' lang='lat' dir='ltr'>aut</span> <span class='ocrx_word' id='word_1_80' title='bbox 1069 522 1189 557; x_wconf 88' lang='lat' dir='ltr'>virtute</span> <span class='ocrx_word' id='word_1_81' title='bbox 1203 548 1213 564; x_wconf 90' lang='lat'>‚</span> <span class='ocrx_word' id='word_1_82' title='bbox 1234 523 1271 557; x_wconf 90' lang='lat' dir='ltr'>C.</span> <span class='ocrx_word' id='word_1_83' title='bbox 1290 522 1367 555; x_wconf 68' lang='lat' dir='ltr'>aaa</span> <span class='ocrx_word' id='word_1_84' title='bbox 1389 525 1422 556; x_wconf 74' lang='grc' dir='ltr'>δε</span> <span class='ocrx_word' id='word_1_85' title='bbox 1441 518 1570 554; x_wconf 83' lang='lat' dir='ltr'>realiter</span> <span class='ocrx_word' id='word_1_86' title='bbox 1582 549 1592 563; x_wconf 90' lang='lat'>‚</span> <span class='ocrx_word' id='word_1_87' title='bbox 1613 521 1660 553; x_wconf 88' lang='lat' dir='ltr'>N.</span> <span class='ocrx_word' id='word_1_88' title='bbox 1681 523 1734 556; x_wconf 87' lang='lat' dir='ltr'>Sic</span> 
     </span>
     <span class='ocr_line' id='line_1_10' title="bbox 336 567 1733 620; baseline -0.001 -17"><span class='ocrx_word' id='word_1_89' title='bbox 336 568 454 604; x_wconf 90' lang='lat' dir='ltr'>eadem</span> <span class='ocrx_word' id='word_1_90' title='bbox 472 568 524 605; x_wconf 90' lang='lat' dir='ltr'>lux</span> <span class='ocrx_word' id='word_1_91' title='bbox 543 575 636 617; x_wconf 81' lang='lat' dir='ltr'>juxta</span> <span class='ocrx_word' id='word_1_92' title='bbox 652 572 867 605; x_wconf 84' lang='lat' dir='ltr'>recentiorum</span> <span class='ocrx_word' id='word_1_93' title='bbox 886 572 1081 619; x_wconf 85' lang='lat' dir='ltr'>opinionem</span> <span class='ocrx_word' id='word_1_94' title='bbox 1106 572 1211 607; x_wconf 81' lang='lat' dir='ltr'>varios</span> <span class='ocrx_word' id='word_1_95' title='bbox 1225 579 1374 620; x_wconf 83' lang='lat' dir='ltr'>procreat</span> <span class='ocrx_word' id='word_1_96' title='bbox 1391 567 1517 604; x_wconf 90' lang='lat' dir='ltr'>colores</span> <span class='ocrx_word' id='word_1_97' title='bbox 1530 598 1541 612; x_wconf 89' lang='lat'>,</span> <span class='ocrx_word' id='word_1_98' title='bbox 1557 570 1615 617; x_wconf 90' lang='lat' dir='ltr'>qui</span> <span class='ocrx_word' id='word_1_99' title='bbox 1634 571 1667 605; x_wconf 88' lang='lat' dir='ltr'>in</span> <span class='ocrx_word' id='word_1_100' title='bbox 1681 569 1733 606; x_wconf 86' lang='lat' dir='ltr'>lu-</span> 
     </span>
     <span class='ocr_line' id='line_1_11' title="bbox 335 617 1078 669; baseline 0.001 -16"><span class='ocrx_word' id='word_1_101' title='bbox 335 620 406 653; x_wconf 84' lang='lat' dir='ltr'>min</span> <span class='ocrx_word' id='word_1_102' title='bbox 415 631 433 653; x_wconf 95' lang='lat' dir='ltr'>e</span> <span class='ocrx_word' id='word_1_103' title='bbox 447 632 512 654; x_wconf 87' lang='lat' dir='ltr'>non</span> <span class='ocrx_word' id='word_1_104' title='bbox 522 620 596 655; x_wconf 70' lang='lat' dir='ltr'>aetu</span> <span class='ocrx_word' id='word_1_105' title='bbox 608 648 617 662; x_wconf 92' lang='lat'>,</span> <span class='ocrx_word' id='word_1_106' title='bbox 635 617 688 654; x_wconf 91' lang='lat' dir='ltr'>sed</span> <span class='ocrx_word' id='word_1_107' title='bbox 702 621 820 655; x_wconf 88' lang='lat' dir='ltr'>virtute</span> <span class='ocrx_word' id='word_1_108' title='bbox 833 619 1078 669; x_wconf 82' lang='lat' dir='ltr'>distinguuntur.</span> 
     </span>
    </p>

    <p class='ocr_par' dir='ltr' id='par_1_4' title="bbox 331 665 1734 1108">
     <span class='ocr_line' id='line_1_12' title="bbox 377 665 1734 716; baseline -0.002 -12"><span class='ocrx_word' id='word_1_109' title='bbox 377 668 477 704; x_wconf 88' lang='lat' dir='ltr'>Unde</span> <span class='ocrx_word' id='word_1_110' title='bbox 494 671 526 704; x_wconf 91' lang='lat' dir='ltr'>in</span> <span class='ocrx_word' id='word_1_111' title='bbox 539 682 602 704; x_wconf 88' lang='lat' dir='ltr'>una</span> <span class='ocrx_word' id='word_1_112' title='bbox 618 674 651 706; x_wconf 88' lang='lat'>&amp;</span> <span class='ocrx_word' id='word_1_113' title='bbox 669 669 786 704; x_wconf 86' lang='lat' dir='ltr'>eadem</span> <span class='ocrx_word' id='word_1_114' title='bbox 799 681 833 703; x_wconf 91' lang='lat' dir='ltr'>re</span> <span class='ocrx_word' id='word_1_115' title='bbox 844 680 921 712; x_wconf 83' lang='lat' dir='ltr'>,aut</span> <span class='ocrx_word' id='word_1_116' title='bbox 946 668 1146 706; x_wconf 62' lang='lat' dir='ltr'>formalitate</span> <span class='ocrx_word' id='word_1_117' title='bbox 1169 679 1236 706; x_wconf 85' lang='lat' dir='ltr'>non</span> <span class='ocrx_word' id='word_1_118' title='bbox 1280 666 1382 705; x_wconf 86' lang='lat' dir='ltr'>ossunt</span> <span class='ocrx_word' id='word_1_119' title='bbox 1395 665 1485 716; x_wconf 88' lang='lat' dir='ltr'>plura</span> <span class='ocrx_word' id='word_1_120' title='bbox 1503 668 1678 704; x_wconf 86' lang='lat' dir='ltr'>convenire</span> <span class='ocrx_word' id='word_1_121' title='bbox 1698 672 1734 705; x_wconf 88' lang='lat'>&amp;</span> 
     </span>
     <span class='ocr_line' id='line_1_13' title="bbox 334 678 1730 767; baseline -0.001 -15"><span class='ocrx_word' id='word_1_122' title='bbox 334 716 467 753; x_wconf 82' lang='lat' dir='ltr'>differre</span> <span class='ocrx_word' id='word_1_123' title='bbox 481 746 491 761; x_wconf 92' lang='lat'>‚</span> <span class='ocrx_word' id='word_1_124' title='bbox 507 716 528 753; x_wconf 87' lang='lat' dir='ltr'>fi</span> <span class='ocrx_word' id='word_1_125' title='bbox 542 731 580 753; x_wconf 88' lang='lat' dir='ltr'>ea</span> <span class='ocrx_word' id='word_1_126' title='bbox 596 730 646 753; x_wconf 88' lang='lat' dir='ltr'>res</span> <span class='ocrx_word' id='word_1_127' title='bbox 661 718 781 753; x_wconf 89' lang='lat' dir='ltr'>eodem</span> <span class='ocrx_word' id='word_1_128' title='bbox 798 718 899 754; x_wconf 88' lang='lat' dir='ltr'>modo</span> <span class='ocrx_word' id='word_1_129' title='bbox 913 721 1135 767; x_wconf 82' lang='lat' dir='ltr'>concipiatur,</span> <span class='ocrx_word' id='word_1_130' title='bbox 1146 719 1233 754; x_wconf 88' lang='lat' dir='ltr'>secus</span> <span class='ocrx_word' id='word_1_131' title='bbox 1246 678 1490 753; x_wconf 52' lang='lat' dir='ltr'>(fdiverfiinode</span> <span class='ocrx_word' id='word_1_132' title='bbox 1504 715 1730 753; x_wconf 77' lang='lat' dir='ltr'>consideretur.</span> 
     </span>
     <span class='ocr_line' id='line_1_14' title="bbox 331 765 1733 812; baseline 0.001 -11"><span class='ocrx_word' id='word_1_133' title='bbox 331 768 388 801; x_wconf 83' lang='lat' dir='ltr'>Sic</span> <span class='ocrx_word' id='word_1_134' title='bbox 400 768 516 803; x_wconf 88' lang='lat' dir='ltr'>eadem</span> <span class='ocrx_word' id='word_1_135' title='bbox 530 767 613 802; x_wconf 88' lang='lat' dir='ltr'>linea</span> <span class='ocrx_word' id='word_1_136' title='bbox 625 780 720 803; x_wconf 83' lang='lat' dir='ltr'>curva</span> <span class='ocrx_word' id='word_1_137' title='bbox 730 797 739 812; x_wconf 87' lang='lat'>‚</span> <span class='ocrx_word' id='word_1_138' title='bbox 749 779 785 803; x_wconf 92' lang='lat' dir='ltr'>ut</span> <span class='ocrx_word' id='word_1_139' title='bbox 797 767 883 803; x_wconf 88' lang='lat' dir='ltr'>linea</span> <span class='ocrx_word' id='word_1_140' title='bbox 900 767 947 802; x_wconf 89' lang='lat' dir='ltr'>est</span> <span class='ocrx_word' id='word_1_141' title='bbox 960 796 969 810; x_wconf 92' lang='lat'>,</span> <span class='ocrx_word' id='word_1_142' title='bbox 983 770 1139 804; x_wconf 88' lang='lat' dir='ltr'>convenit</span> <span class='ocrx_word' id='word_1_143' title='bbox 1151 780 1224 802; x_wconf 88' lang='lat' dir='ltr'>cum</span> <span class='ocrx_word' id='word_1_144' title='bbox 1242 767 1334 802; x_wconf 88' lang='lat' dir='ltr'>lineis</span> <span class='ocrx_word' id='word_1_145' title='bbox 1352 770 1451 802; x_wconf 84' lang='lat' dir='ltr'>etiam</span> <span class='ocrx_word' id='word_1_146' title='bbox 1463 765 1559 801; x_wconf 69' lang='lat' dir='ltr'>teffis</span> <span class='ocrx_word' id='word_1_147' title='bbox 1572 777 1626 811; x_wconf 79' lang='lat' dir='ltr'>3ut</span> <span class='ocrx_word' id='word_1_148' title='bbox 1635 778 1733 802; x_wconf 81' lang='lat' dir='ltr'>curva</span> 
     </span>
     <span class='ocr_line' id='line_1_15' title="bbox 333 815 1732 865; baseline 0.001 -15"><span class='ocrx_word' id='word_1_149' title='bbox 333 816 403 863; x_wconf 84' lang='lat' dir='ltr'>est,</span> <span class='ocrx_word' id='word_1_150' title='bbox 418 815 460 851; x_wconf 85' lang='lat' dir='ltr'>ab</span> <span class='ocrx_word' id='word_1_151' title='bbox 482 819 518 851; x_wconf 88' lang='lat' dir='ltr'>iis</span> <span class='ocrx_word' id='word_1_152' title='bbox 534 816 708 865; x_wconf 81' lang='lat' dir='ltr'>discrepat:</span> <span class='ocrx_word' id='word_1_153' title='bbox 726 817 814 864; x_wconf 89' lang='lat' dir='ltr'>quod</span> <span class='ocrx_word' id='word_1_154' title='bbox 833 818 974 852; x_wconf 80' lang='lat' dir='ltr'>rationes</span> <span class='ocrx_word' id='word_1_155' title='bbox 989 816 1082 853; x_wconf 78' lang='lat' dir='ltr'>lineae</span> <span class='ocrx_word' id='word_1_156' title='bbox 1101 823 1135 855; x_wconf 90' lang='lat'>&amp;</span> <span class='ocrx_word' id='word_1_157' title='bbox 1159 818 1324 851; x_wconf 77' lang='lat' dir='ltr'>curvitatis</span> <span class='ocrx_word' id='word_1_158' title='bbox 1348 815 1407 852; x_wconf 83' lang='lat' dir='ltr'>sint</span> <span class='ocrx_word' id='word_1_159' title='bbox 1427 827 1524 851; x_wconf 88' lang='lat' dir='ltr'>unum</span> <span class='ocrx_word' id='word_1_160' title='bbox 1540 828 1574 851; x_wconf 85' lang='lat' dir='ltr'>re</span> <span class='ocrx_word' id='word_1_161' title='bbox 1587 845 1598 860; x_wconf 85' lang='lat'>‚</span> <span class='ocrx_word' id='word_1_162' title='bbox 1612 817 1732 851; x_wconf 85' lang='lat' dir='ltr'>virtute</span> 
     </span>
     <span class='ocr_line' id='line_1_16' title="bbox 331 865 1731 915; baseline 0.001 -16"><span class='ocrx_word' id='word_1_163' title='bbox 331 865 503 901; x_wconf 80' lang='lat' dir='ltr'>dumtaxat</span> <span class='ocrx_word' id='word_1_164' title='bbox 516 866 721 915; x_wconf 83' lang='lat' dir='ltr'>multiplices.</span> <span class='ocrx_word' id='word_1_165' title='bbox 748 868 800 900; x_wconf 87' lang='lat' dir='ltr'>Sic</span> <span class='ocrx_word' id='word_1_166' title='bbox 814 865 998 901; x_wconf 88' lang='lat' dir='ltr'>humanitas</span> <span class='ocrx_word' id='word_1_167' title='bbox 1015 895 1025 909; x_wconf 89' lang='lat'>‚</span> <span class='ocrx_word' id='word_1_168' title='bbox 1041 878 1076 902; x_wconf 91' lang='lat' dir='ltr'>ut</span> <span class='ocrx_word' id='word_1_169' title='bbox 1096 867 1290 914; x_wconf 85' lang='lat' dir='ltr'>principium</span> <span class='ocrx_word' id='word_1_170' title='bbox 1304 866 1350 900; x_wconf 85' lang='lat' dir='ltr'>est</span> <span class='ocrx_word' id='word_1_171' title='bbox 1377 865 1535 901; x_wconf 82' lang='lat' dir='ltr'>sentiendi</span> <span class='ocrx_word' id='word_1_172' title='bbox 1551 895 1561 909; x_wconf 90' lang='lat'>‚</span> <span class='ocrx_word' id='word_1_173' title='bbox 1577 867 1731 901; x_wconf 82' lang='lat' dir='ltr'>convenit</span> 
     </span>
     <span class='ocr_line' id='line_1_17' title="bbox 332 914 1731 963; baseline 0.001 -15"><span class='ocrx_word' id='word_1_174' title='bbox 332 925 406 949; x_wconf 85' lang='lat' dir='ltr'>cum</span> <span class='ocrx_word' id='word_1_175' title='bbox 420 914 520 949; x_wconf 89' lang='lat' dir='ltr'>brutis</span> <span class='ocrx_word' id='word_1_176' title='bbox 533 944 542 958; x_wconf 83' lang='lat'>,</span> <span class='ocrx_word' id='word_1_177' title='bbox 554 920 587 951; x_wconf 71' lang='grc' dir='ltr'>δε</span> <span class='ocrx_word' id='word_1_178' title='bbox 605 916 651 949; x_wconf 90' lang='lat' dir='ltr'>est</span> <span class='ocrx_word' id='word_1_179' title='bbox 672 914 816 962; x_wconf 82' lang='lat' dir='ltr'>ejusdem</span> <span class='ocrx_word' id='word_1_180' title='bbox 832 916 964 949; x_wconf 85' lang='lat' dir='ltr'>rationis</span> <span class='ocrx_word' id='word_1_181' title='bbox 982 926 1057 950; x_wconf 84' lang='lat' dir='ltr'>cum</span> <span class='ocrx_word' id='word_1_182' title='bbox 1077 914 1278 950; x_wconf 85' lang='lat' dir='ltr'>animalitate</span> <span class='ocrx_word' id='word_1_183' title='bbox 1296 915 1398 949; x_wconf 82' lang='lat' dir='ltr'>leonis</span> <span class='ocrx_word' id='word_1_184' title='bbox 1412 942 1421 956; x_wconf 89' lang='lat'>,</span> <span class='ocrx_word' id='word_1_185' title='bbox 1433 925 1469 948; x_wconf 91' lang='lat' dir='ltr'>ut</span> <span class='ocrx_word' id='word_1_186' title='bbox 1482 914 1529 947; x_wconf 90' lang='lat' dir='ltr'>est</span> <span class='ocrx_word' id='word_1_187' title='bbox 1539 917 1731 963; x_wconf 89' lang='lat' dir='ltr'>principium</span> 
     </span>
     <span class='ocr_line' id='line_1_18' title="bbox 331 961 1731 1012; baseline 0.001 -15"><span class='ocrx_word' id='word_1_188' title='bbox 331 961 726 1008; x_wconf 85' lang='lat' dir='ltr'>sentiendi‚dormiendi,</span> <span class='ocrx_word' id='word_1_189' title='bbox 746 968 809 1000; x_wconf 61' lang='grc' dir='ltr'>δίε.</span> <span class='ocrx_word' id='word_1_190' title='bbox 835 963 899 998; x_wconf 89' lang='lat' dir='ltr'>Sed</span> <span class='ocrx_word' id='word_1_191' title='bbox 922 961 1030 998; x_wconf 84' lang='lat' dir='ltr'>differt</span> <span class='ocrx_word' id='word_1_192' title='bbox 1049 963 1069 999; x_wconf 74' lang='grc' dir='ltr'>ὲ</span> <span class='ocrx_word' id='word_1_193' title='bbox 1094 962 1196 998; x_wconf 87' lang='lat' dir='ltr'>bruris</span> <span class='ocrx_word' id='word_1_194' title='bbox 1218 992 1228 1007; x_wconf 91' lang='lat'>,</span> <span class='ocrx_word' id='word_1_195' title='bbox 1255 974 1291 998; x_wconf 85' lang='lat' dir='ltr'>ut</span> <span class='ocrx_word' id='word_1_196' title='bbox 1312 963 1359 998; x_wconf 90' lang='lat' dir='ltr'>est</span> <span class='ocrx_word' id='word_1_197' title='bbox 1377 963 1589 998; x_wconf 85' lang='lat' dir='ltr'>ratiocinandi</span> <span class='ocrx_word' id='word_1_198' title='bbox 1615 966 1731 1012; x_wconf 86' lang='lat' dir='ltr'>princi-</span> 
     </span>
     <span class='ocr_line' id='line_1_19' title="bbox 331 1011 1728 1060; baseline 0.001 -15"><span class='ocrx_word' id='word_1_199' title='bbox 331 1014 434 1058; x_wconf 85' lang='lat' dir='ltr'>pium.</span> <span class='ocrx_word' id='word_1_200' title='bbox 456 1014 617 1059; x_wconf 83' lang='lat' dir='ltr'>Qamvis</span> <span class='ocrx_word' id='word_1_201' title='bbox 628 1013 744 1046; x_wconf 87' lang='lat' dir='ltr'>eadem</span> <span class='ocrx_word' id='word_1_202' title='bbox 757 1011 793 1046; x_wconf 88' lang='lat' dir='ltr'>fit</span> <span class='ocrx_word' id='word_1_203' title='bbox 803 1012 911 1047; x_wconf 84' lang='lat' dir='ltr'>forma</span> <span class='ocrx_word' id='word_1_204' title='bbox 921 1040 931 1054; x_wconf 88' lang='lat'>,</span> <span class='ocrx_word' id='word_1_205' title='bbox 948 1014 1066 1047; x_wconf 88' lang='lat' dir='ltr'>virtute</span> <span class='ocrx_word' id='word_1_206' title='bbox 1078 1024 1202 1047; x_wconf 81' lang='lat' dir='ltr'>tantum</span> <span class='ocrx_word' id='word_1_207' title='bbox 1219 1011 1349 1046; x_wconf 63' lang='lat' dir='ltr'>diversa.</span> <span class='ocrx_word' id='word_1_208' title='bbox 1381 1014 1433 1046; x_wconf 86' lang='lat' dir='ltr'>Sic</span> <span class='ocrx_word' id='word_1_209' title='bbox 1446 1012 1588 1060; x_wconf 86' lang='lat' dir='ltr'>denique</span> <span class='ocrx_word' id='word_1_210' title='bbox 1602 1014 1728 1059; x_wconf 88' lang='lat' dir='ltr'>justitia</span> 
     </span>
     <span class='ocr_line' id='line_1_20' title="bbox 331 1059 1370 1108; baseline 0 -14"><span class='ocrx_word' id='word_1_211' title='bbox 331 1060 443 1094; x_wconf 87' lang='lat' dir='ltr'>divina</span> <span class='ocrx_word' id='word_1_212' title='bbox 464 1060 592 1108; x_wconf 82' lang='lat' dir='ltr'>praecise</span> <span class='ocrx_word' id='word_1_213' title='bbox 606 1065 698 1106; x_wconf 82' lang='lat' dir='ltr'>juxta</span> <span class='ocrx_word' id='word_1_214' title='bbox 714 1060 820 1094; x_wconf 89' lang='lat' dir='ltr'>ideam</span> <span class='ocrx_word' id='word_1_215' title='bbox 831 1060 961 1105; x_wconf 82' lang='lat' dir='ltr'>justitiae</span> <span class='ocrx_word' id='word_1_216' title='bbox 974 1072 1040 1094; x_wconf 90' lang='lat' dir='ltr'>non</span> <span class='ocrx_word' id='word_1_217' title='bbox 1050 1063 1153 1108; x_wconf 87' lang='lat' dir='ltr'>parcit</span> <span class='ocrx_word' id='word_1_218' title='bbox 1168 1088 1176 1102; x_wconf 84' lang='lat'><strong>,</strong></span> <span class='ocrx_word' id='word_1_219' title='bbox 1196 1059 1248 1093; x_wconf 90' lang='lat' dir='ltr'>sed</span> <span class='ocrx_word' id='word_1_220' title='bbox 1268 1063 1370 1108; x_wconf 89' lang='lat' dir='ltr'>punit.</span> 
     </span>
    </p>

    <p class='ocr_par' dir='ltr' id='par_1_5' title="bbox 332 1106 1728 1243">
     <span class='ocr_line' id='line_1_21' title="bbox 367 1106 1728 1157; baseline 0.004 -16"><span class='ocrx_word' id='word_1_221' title='bbox 367 1109 455 1157; x_wconf 76' lang='lat' dir='ltr'>Opp.</span> <span class='ocrx_word' id='word_1_222' title='bbox 475 1114 524 1145; x_wconf 82' lang='lat'>2⁰.</span> <span class='ocrx_word' id='word_1_223' title='bbox 541 1110 616 1144; x_wconf 88' lang='lat' dir='ltr'>Pars</span> <span class='ocrx_word' id='word_1_224' title='bbox 635 1121 698 1143; x_wconf 89' lang='lat' dir='ltr'>una</span> <span class='ocrx_word' id='word_1_225' title='bbox 721 1108 921 1157; x_wconf 79' lang='lat' dir='ltr'>distinguitur</span> <span class='ocrx_word' id='word_1_226' title='bbox 934 1106 977 1142; x_wconf 91' lang='lat' dir='ltr'>ab</span> <span class='ocrx_word' id='word_1_227' title='bbox 991 1107 1052 1143; x_wconf 84' lang='lat' dir='ltr'>alia</span> <span class='ocrx_word' id='word_1_228' title='bbox 1068 1122 1076 1144; x_wconf 71' lang='grc' dir='ltr'>ε</span> <span class='ocrx_word' id='word_1_229' title='bbox 1104 1107 1157 1143; x_wconf 87' lang='lat' dir='ltr'>sed</span> <span class='ocrx_word' id='word_1_230' title='bbox 1172 1108 1352 1144; x_wconf 81' lang='lat' dir='ltr'>animalitas</span> <span class='ocrx_word' id='word_1_231' title='bbox 1375 1115 1408 1146; x_wconf 90' lang='lat'><strong>&amp;</strong></span> <span class='ocrx_word' id='word_1_232' title='bbox 1436 1108 1728 1147; x_wconf 83' lang='lat' dir='ltr'>rationalitas&#39;sunt</span> 
     </span>
     <span class='ocr_line' id='line_1_22' title="bbox 332 1156 1726 1208; baseline 0.003 -17"><span class='ocrx_word' id='word_1_233' title='bbox 332 1169 438 1205; x_wconf 86' lang='lat' dir='ltr'>partes</span> <span class='ocrx_word' id='word_1_234' title='bbox 452 1158 658 1193; x_wconf 83' lang='lat' dir='ltr'>humanitatis</span> <span class='ocrx_word' id='word_1_235' title='bbox 675 1186 684 1202; x_wconf 85' lang='lat'>‚</span> <span class='ocrx_word' id='word_1_236' title='bbox 694 1169 807 1206; x_wconf 86' lang='lat' dir='ltr'>eaeque</span> <span class='ocrx_word' id='word_1_237' title='bbox 815 1156 916 1192; x_wconf 79' lang='lat' dir='ltr'>reales</span> <span class='ocrx_word' id='word_1_238' title='bbox 927 1174 936 1201; x_wconf 81' lang='lat'>3</span> <span class='ocrx_word' id='word_1_239' title='bbox 946 1169 1026 1206; x_wconf 78' lang='lat' dir='ltr'>ergo</span> <span class='ocrx_word' id='word_1_240' title='bbox 1036 1157 1273 1207; x_wconf 83' lang='lat' dir='ltr'>distinguuntur</span> <span class='ocrx_word' id='word_1_241' title='bbox 1288 1161 1371 1194; x_wconf 89' lang='lat' dir='ltr'>inter</span> <span class='ocrx_word' id='word_1_242' title='bbox 1389 1158 1430 1202; x_wconf 87' lang='lat' dir='ltr'>se,</span> <span class='ocrx_word' id='word_1_243' title='bbox 1442 1160 1541 1208; x_wconf 89' lang='lat' dir='ltr'>idque</span> <span class='ocrx_word' id='word_1_244' title='bbox 1555 1159 1726 1208; x_wconf 83' lang='lat' dir='ltr'>plusquam</span> 
     </span>
     <span class='ocr_line' id='line_1_23' title="bbox 332 1218 475 1243; baseline 0.028 -4"><span class='ocrx_word' id='word_1_245' title='bbox 332 1218 475 1243; x_wconf 86' lang='lat' dir='ltr'>ratione.</span> 
     </span>
    </p>

    <p class='ocr_par' dir='ltr' id='par_1_6' title="bbox 324 1253 1725 1548">
     <span class='ocr_line' id='line_1_24' title="bbox 363 1253 1725 1307; baseline 0.001 -18"><span class='ocrx_word' id='word_1_246' title='bbox 363 1258 452 1304; x_wconf 61' lang='lat' dir='ltr'>Rff.</span> <span class='ocrx_word' id='word_1_247' title='bbox 468 1255 554 1301; x_wconf 78' lang='lat' dir='ltr'>Dist.</span> <span class='ocrx_word' id='word_1_248' title='bbox 571 1259 682 1295; x_wconf 78' lang='lat' dir='ltr'>major.</span> <span class='ocrx_word' id='word_1_249' title='bbox 700 1258 810 1291; x_wconf 86' lang='lat' dir='ltr'>Partes</span> <span class='ocrx_word' id='word_1_250' title='bbox 821 1254 955 1304; x_wconf 78' lang='lat' dir='ltr'>physicae</span> <span class='ocrx_word' id='word_1_251' title='bbox 968 1285 976 1299; x_wconf 91' lang='lat'><strong>‚</strong></span> <span class='ocrx_word' id='word_1_252' title='bbox 997 1266 1069 1304; x_wconf 82' lang='lat' dir='ltr'>quae</span> <span class='ocrx_word' id='word_1_253' title='bbox 1088 1266 1166 1291; x_wconf 77' lang='lat' dir='ltr'>vere</span> <span class='ocrx_word' id='word_1_254' title='bbox 1176 1253 1246 1290; x_wconf 74' lang='lat' dir='ltr'>fiint</span> <span class='ocrx_word' id='word_1_255' title='bbox 1258 1267 1364 1303; x_wconf 78' lang='lat' dir='ltr'>partes</span> <span class='ocrx_word' id='word_1_256' title='bbox 1379 1286 1388 1300; x_wconf 88' lang='lat'>,</span> <span class='ocrx_word' id='word_1_257' title='bbox 1408 1267 1442 1293; x_wconf 93' lang='lat' dir='ltr'>ut</span> <span class='ocrx_word' id='word_1_258' title='bbox 1461 1269 1576 1307; x_wconf 87' lang='lat' dir='ltr'>corpus</span> <span class='ocrx_word' id='word_1_259' title='bbox 1601 1262 1637 1295; x_wconf 89' lang='lat'>&amp;</span> <span class='ocrx_word' id='word_1_260' title='bbox 1653 1260 1725 1294; x_wconf 81' lang='lat' dir='ltr'>ani.</span> 
     </span>
     <span class='ocr_line' id='line_1_25' title="bbox 328 1305 1724 1355; baseline 0.001 -16"><span class='ocrx_word' id='word_1_261' title='bbox 328 1318 383 1339; x_wconf 85' lang='lat' dir='ltr'>rna</span> <span class='ocrx_word' id='word_1_262' title='bbox 396 1334 404 1348; x_wconf 91' lang='lat'>‚</span> <span class='ocrx_word' id='word_1_263' title='bbox 422 1306 660 1354; x_wconf 82' lang='lat' dir='ltr'>distinguuntur</span> <span class='ocrx_word' id='word_1_264' title='bbox 673 1305 802 1340; x_wconf 83' lang='lat' dir='ltr'>realiter</span> <span class='ocrx_word' id='word_1_265' title='bbox 815 1334 824 1349; x_wconf 89' lang='lat'>‚</span> <span class='ocrx_word' id='word_1_266' title='bbox 834 1310 868 1342; x_wconf 89' lang='lat'>&amp;</span> <span class='ocrx_word' id='word_1_267' title='bbox 879 1307 1011 1341; x_wconf 87' lang='lat' dir='ltr'>nemine</span> <span class='ocrx_word' id='word_1_268' title='bbox 1028 1306 1192 1354; x_wconf 80' lang='lat' dir='ltr'>cogitante</span> <span class='ocrx_word' id='word_1_269' title='bbox 1204 1332 1215 1347; x_wconf 87' lang='lat'>,</span> <span class='ocrx_word' id='word_1_270' title='bbox 1233 1317 1271 1338; x_wconf 85' lang='lat' dir='ltr'>ac</span> <span class='ocrx_word' id='word_1_271' title='bbox 1285 1306 1419 1341; x_wconf 86' lang='lat' dir='ltr'>demum</span> <span class='ocrx_word' id='word_1_272' title='bbox 1431 1306 1560 1355; x_wconf 69' lang='lat' dir='ltr'>possunt</span> <span class='ocrx_word' id='word_1_273' title='bbox 1577 1306 1619 1341; x_wconf 89' lang='lat' dir='ltr'>ab</span> <span class='ocrx_word' id='word_1_274' title='bbox 1639 1309 1724 1343; x_wconf 87' lang='lat' dir='ltr'>invi..</span> 
     </span>
     <span class='ocr_line' id='line_1_26' title="bbox 327 1353 1722 1404; baseline 0.001 -16"><span class='ocrx_word' id='word_1_275' title='bbox 327 1366 400 1388; x_wconf 89' lang='lat' dir='ltr'>cem</span> <span class='ocrx_word' id='word_1_276' title='bbox 419 1353 556 1403; x_wconf 87' lang='lat' dir='ltr'>separari</span> <span class='ocrx_word' id='word_1_277' title='bbox 572 1383 580 1397; x_wconf 90' lang='lat'>‚</span> <span class='ocrx_word' id='word_1_278' title='bbox 600 1367 672 1401; x_wconf 68' lang='lat' dir='ltr'>quse</span> <span class='ocrx_word' id='word_1_279' title='bbox 691 1367 807 1403; x_wconf 76' lang='lat' dir='ltr'>magna</span> <span class='ocrx_word' id='word_1_280' title='bbox 827 1354 874 1388; x_wconf 90' lang='lat' dir='ltr'>est</span> <span class='ocrx_word' id='word_1_281' title='bbox 890 1355 1102 1391; x_wconf 68' lang='lat' dir='ltr'>distinetionis</span> <span class='ocrx_word' id='word_1_282' title='bbox 1117 1365 1193 1388; x_wconf 89' lang='lat' dir='ltr'>nota</span> <span class='ocrx_word' id='word_1_283' title='bbox 1205 1382 1214 1396; x_wconf 84' lang='lat'>,</span> <span class='ocrx_word' id='word_1_284' title='bbox 1227 1357 1264 1389; x_wconf 93' lang='lat' dir='ltr'>C.</span> <span class='ocrx_word' id='word_1_285' title='bbox 1280 1367 1386 1402; x_wconf 86' lang='lat' dir='ltr'>partes</span> <span class='ocrx_word' id='word_1_286' title='bbox 1407 1353 1633 1404; x_wconf 80' lang='lat' dir='ltr'>metaphysicae</span> <span class='ocrx_word' id='word_1_287' title='bbox 1649 1369 1722 1404; x_wconf 67' lang='lat' dir='ltr'>quse</span> 
     </span>
     <span class='ocr_line' id='line_1_27' title="bbox 326 1402 1724 1457; baseline 0.002 -20"><span class='ocrx_word' id='word_1_288' title='bbox 326 1416 393 1438; x_wconf 90' lang='lat' dir='ltr'>non</span> <span class='ocrx_word' id='word_1_289' title='bbox 409 1402 479 1438; x_wconf 88' lang='lat' dir='ltr'>sunt</span> <span class='ocrx_word' id='word_1_290' title='bbox 497 1415 603 1451; x_wconf 78' lang='lat' dir='ltr'>partes</span> <span class='ocrx_word' id='word_1_291' title='bbox 615 1433 624 1447; x_wconf 93' lang='lat'>‚</span> <span class='ocrx_word' id='word_1_292' title='bbox 643 1403 696 1438; x_wconf 81' lang='lat' dir='ltr'>nifi</span> <span class='ocrx_word' id='word_1_293' title='bbox 710 1408 800 1457; x_wconf 67' lang='lat' dir='ltr'>juxta</span> <span class='ocrx_word' id='word_1_294' title='bbox 814 1403 961 1439; x_wconf 81' lang='lat' dir='ltr'>nostrum</span> <span class='ocrx_word' id='word_1_295' title='bbox 982 1403 1187 1453; x_wconf 88' lang='lat' dir='ltr'>concipiendi</span> <span class='ocrx_word' id='word_1_296' title='bbox 1197 1403 1334 1438; x_wconf 83' lang='lat' dir='ltr'>modum</span> <span class='ocrx_word' id='word_1_297' title='bbox 1345 1432 1356 1447; x_wconf 88' lang='lat'>,</span> <span class='ocrx_word' id='word_1_298' title='bbox 1371 1406 1417 1438; x_wconf 90' lang='lat' dir='ltr'>N.</span> <span class='ocrx_word' id='word_1_299' title='bbox 1432 1405 1533 1452; x_wconf 83' lang='lat' dir='ltr'>Quod</span> <span class='ocrx_word' id='word_1_300' title='bbox 1547 1416 1655 1439; x_wconf 84' lang='lat' dir='ltr'>autem</span> <span class='ocrx_word' id='word_1_301' title='bbox 1674 1408 1724 1440; x_wconf 85' lang='lat' dir='ltr'>in·</span> 
     </span>
     <span class='ocr_line' id='line_1_28' title="bbox 328 1450 1721 1501; baseline 0.001 -15"><span class='ocrx_word' id='word_1_302' title='bbox 328 1452 413 1487; x_wconf 85' lang='lat' dir='ltr'>stant</span> <span class='ocrx_word' id='word_1_303' title='bbox 422 1465 527 1501; x_wconf 84' lang='lat' dir='ltr'>partes</span> <span class='ocrx_word' id='word_1_304' title='bbox 542 1453 775 1501; x_wconf 69' lang='lat' dir='ltr'>metaphysicas</span> <span class='ocrx_word' id='word_1_305' title='bbox 788 1450 848 1487; x_wconf 80' lang='lat' dir='ltr'>effe</span> <span class='ocrx_word' id='word_1_306' title='bbox 862 1452 962 1487; x_wconf 86' lang='lat' dir='ltr'>reales</span> <span class='ocrx_word' id='word_1_307' title='bbox 972 1482 981 1496; x_wconf 91' lang='lat'>‚</span> <span class='ocrx_word' id='word_1_308' title='bbox 997 1453 1139 1488; x_wconf 87' lang='lat' dir='ltr'>fatemur</span> <span class='ocrx_word' id='word_1_309' title='bbox 1148 1451 1250 1486; x_wconf 88' lang='lat' dir='ltr'>reales</span> <span class='ocrx_word' id='word_1_310' title='bbox 1262 1450 1323 1487; x_wconf 83' lang='lat' dir='ltr'>effe</span> <span class='ocrx_word' id='word_1_311' title='bbox 1334 1455 1444 1501; x_wconf 90' lang='lat' dir='ltr'>quoad</span> <span class='ocrx_word' id='word_1_312' title='bbox 1454 1455 1627 1490; x_wconf 86' lang='lat' dir='ltr'>entitatem</span> <span class='ocrx_word' id='word_1_313' title='bbox 1637 1483 1647 1497; x_wconf 92' lang='lat'>,</span> <span class='ocrx_word' id='word_1_314' title='bbox 1666 1453 1721 1489; x_wconf 90' lang='lat' dir='ltr'>sed</span> 
     </span>
     <span class='ocr_line' id='line_1_29' title="bbox 324 1501 1203 1548; baseline -0.001 -13"><span class='ocrx_word' id='word_1_315' title='bbox 324 1513 483 1548; x_wconf 84' lang='lat' dir='ltr'>negamus</span> <span class='ocrx_word' id='word_1_316' title='bbox 495 1501 737 1536; x_wconf 64' lang='lat' dir='ltr'>distinctionem</span> <span class='ocrx_word' id='word_1_317' title='bbox 754 1504 840 1535; x_wconf 89' lang='lat' dir='ltr'>inter</span> <span class='ocrx_word' id='word_1_318' title='bbox 850 1513 903 1535; x_wconf 87' lang='lat' dir='ltr'>eas</span> <span class='ocrx_word' id='word_1_319' title='bbox 916 1501 1039 1536; x_wconf 90' lang='lat' dir='ltr'>realem</span> <span class='ocrx_word' id='word_1_320' title='bbox 1058 1502 1203 1538; x_wconf 79' lang='lat' dir='ltr'>existere.</span> 
     </span>
    </p>

    <p class='ocr_par' dir='ltr' id='par_1_7' title="bbox 322 1548 1718 1696">
     <span class='ocr_line' id='line_1_30' title="bbox 362 1548 1718 1600; baseline 0.001 -16"><span class='ocrx_word' id='word_1_321' title='bbox 362 1551 425 1584; x_wconf 85' lang='lat' dir='ltr'>Sed</span> <span class='ocrx_word' id='word_1_322' title='bbox 437 1580 446 1594; x_wconf 89' lang='lat'>‚</span> <span class='ocrx_word' id='word_1_323' title='bbox 460 1552 608 1597; x_wconf 90' lang='lat' dir='ltr'>inquiunt</span> <span class='ocrx_word' id='word_1_324' title='bbox 618 1579 627 1593; x_wconf 89' lang='lat'>‚</span> <span class='ocrx_word' id='word_1_325' title='bbox 638 1551 728 1585; x_wconf 66' lang='lat' dir='ltr'>aestus</span> <span class='ocrx_word' id='word_1_326' title='bbox 747 1555 780 1586; x_wconf 66' lang='grc' dir='ltr'>ὃ(</span> <span class='ocrx_word' id='word_1_327' title='bbox 794 1552 942 1598; x_wconf 88' lang='lat' dir='ltr'>potentia</span> <span class='ocrx_word' id='word_1_328' title='bbox 955 1550 1190 1600; x_wconf 76' lang='lat' dir='ltr'>distinguuntur</span> <span class='ocrx_word' id='word_1_329' title='bbox 1201 1548 1371 1597; x_wconf 86' lang='lat' dir='ltr'>plusquam</span> <span class='ocrx_word' id='word_1_330' title='bbox 1390 1551 1588 1599; x_wconf 81' lang='lat' dir='ltr'>cogitatione</span> <span class='ocrx_word' id='word_1_331' title='bbox 1600 1562 1718 1600; x_wconf 80' lang='lat' dir='ltr'>3genus</span> 
     </span>
     <span class='ocr_line' id='line_1_31' title="bbox 323 1597 1718 1650; baseline 0.002 -18"><span class='ocrx_word' id='word_1_332' title='bbox 323 1598 426 1634; x_wconf 80' lang='lat' dir='ltr'>habet</span> <span class='ocrx_word' id='word_1_333' title='bbox 448 1602 606 1635; x_wconf 88' lang='lat' dir='ltr'>rationem</span> <span class='ocrx_word' id='word_1_334' title='bbox 621 1600 776 1648; x_wconf 84' lang='lat' dir='ltr'>potentiae</span> <span class='ocrx_word' id='word_1_335' title='bbox 789 1628 798 1643; x_wconf 87' lang='lat'><em>‚</em></span> <span class='ocrx_word' id='word_1_336' title='bbox 815 1597 1002 1635; x_wconf 83' lang='lat' dir='ltr'>differentia</span> <span class='ocrx_word' id='word_1_337' title='bbox 1014 1612 1094 1635; x_wconf 89' lang='lat' dir='ltr'>vero</span> <span class='ocrx_word' id='word_1_338' title='bbox 1113 1597 1212 1634; x_wconf 87' lang='lat' dir='ltr'>habet</span> <span class='ocrx_word' id='word_1_339' title='bbox 1228 1601 1390 1635; x_wconf 83' lang='lat' dir='ltr'>rationem</span> <span class='ocrx_word' id='word_1_340' title='bbox 1408 1602 1515 1638; x_wconf 68' lang='lat' dir='ltr'>astus:</span> <span class='ocrx_word' id='word_1_341' title='bbox 1539 1615 1616 1650; x_wconf 79' lang='lat' dir='ltr'>ergo</span> <span class='ocrx_word' id='word_1_342' title='bbox 1634 1603 1718 1636; x_wconf 89' lang='lat' dir='ltr'>inter</span> 
     </span>
     <span class='ocr_line' id='line_1_32' title="bbox 322 1645 616 1696; baseline 0.007 -15"><span class='ocrx_word' id='word_1_343' title='bbox 322 1645 354 1681; x_wconf 88' lang='lat' dir='ltr'>se</span> <span class='ocrx_word' id='word_1_344' title='bbox 368 1649 616 1696; x_wconf 81' lang='lat' dir='ltr'>distinguuntur.</span> 
     </span>
    </p>

    <p class='ocr_par' dir='ltr' id='par_1_8' title="bbox 326 1694 1718 1796">
     <span class='ocr_line' id='line_1_33' title="bbox 362 1694 1718 1747; baseline 0.001 -18"><span class='ocrx_word' id='word_1_345' title='bbox 362 1699 451 1745; x_wconf 61' lang='lat' dir='ltr'>Rss’·</span> <span class='ocrx_word' id='word_1_346' title='bbox 474 1699 595 1732; x_wconf 60' lang='lat' dir='ltr'>Actum</span> <span class='ocrx_word' id='word_1_347' title='bbox 610 1703 643 1734; x_wconf 86' lang='lat'>&amp;</span> <span class='ocrx_word' id='word_1_348' title='bbox 655 1699 837 1746; x_wconf 84' lang='lat' dir='ltr'>potentiam</span> <span class='ocrx_word' id='word_1_349' title='bbox 853 1695 1003 1746; x_wconf 82' lang='lat' dir='ltr'>distingui</span> <span class='ocrx_word' id='word_1_350' title='bbox 1014 1696 1181 1746; x_wconf 84' lang='lat' dir='ltr'>plusquam</span> <span class='ocrx_word' id='word_1_351' title='bbox 1201 1698 1327 1731; x_wconf 87' lang='lat' dir='ltr'>ratione</span> <span class='ocrx_word' id='word_1_352' title='bbox 1344 1697 1377 1730; x_wconf 90' lang='lat' dir='ltr'>in</span> <span class='ocrx_word' id='word_1_353' title='bbox 1392 1694 1487 1731; x_wconf 87' lang='lat' dir='ltr'>rebus</span> <span class='ocrx_word' id='word_1_354' title='bbox 1506 1697 1660 1747; x_wconf 77' lang='lat' dir='ltr'>phyficiS,</span> <span class='ocrx_word' id='word_1_355' title='bbox 1674 1700 1718 1734; x_wconf 90' lang='lat' dir='ltr'>C.</span> 
     </span>
     <span class='ocr_line' id='line_1_34' title="bbox 326 1745 1038 1796; baseline 0.007 -18"><span class='ocrx_word' id='word_1_356' title='bbox 326 1746 359 1779; x_wconf 88' lang='lat' dir='ltr'>in</span> <span class='ocrx_word' id='word_1_357' title='bbox 374 1745 672 1796; x_wconf 79' lang='lat' dir='ltr'>metaphyficiS‚N.</span> <span class='ocrx_word' id='word_1_358' title='bbox 690 1758 724 1782; x_wconf 91' lang='lat' dir='ltr'>ut</span> <span class='ocrx_word' id='word_1_359' title='bbox 736 1746 792 1782; x_wconf 91' lang='lat' dir='ltr'>suo</span> <span class='ocrx_word' id='word_1_360' title='bbox 801 1747 875 1782; x_wconf 93' lang='lat' dir='ltr'>loco</span> <span class='ocrx_word' id='word_1_361' title='bbox 885 1747 1038 1783; x_wconf 83' lang='lat' dir='ltr'>dicemus.</span> 
     </span>
    </p>

    <p class='ocr_par' dir='ltr' id='par_1_9' title="bbox 319 1793 1717 1992">
     <span class='ocr_line' id='line_1_35' title="bbox 359 1793 1715 1845; baseline 0.005 -19"><span class='ocrx_word' id='word_1_362' title='bbox 359 1795 441 1843; x_wconf 80' lang='lat' dir='ltr'>Opp.</span> <span class='ocrx_word' id='word_1_363' title='bbox 457 1806 498 1841; x_wconf 69' lang='lat'>30.</span> <span class='ocrx_word' id='word_1_364' title='bbox 520 1799 563 1831; x_wconf 85' lang='lat' dir='ltr'>Ea</span> <span class='ocrx_word' id='word_1_365' title='bbox 577 1796 816 1845; x_wconf 80' lang='lat' dir='ltr'>distinguuntur</span> <span class='ocrx_word' id='word_1_366' title='bbox 832 1796 962 1831; x_wconf 88' lang='lat' dir='ltr'>realiter</span> <span class='ocrx_word' id='word_1_367' title='bbox 980 1825 989 1839; x_wconf 88' lang='lat'>,</span> <span class='ocrx_word' id='word_1_368' title='bbox 1002 1806 1143 1843; x_wconf 86' lang='lat' dir='ltr'>quorum</span> <span class='ocrx_word' id='word_1_369' title='bbox 1158 1793 1283 1830; x_wconf 87' lang='lat' dir='ltr'>diversa</span> <span class='ocrx_word' id='word_1_370' title='bbox 1303 1793 1348 1827; x_wconf 88' lang='lat' dir='ltr'>est</span> <span class='ocrx_word' id='word_1_371' title='bbox 1366 1793 1534 1830; x_wconf 83' lang='lat' dir='ltr'>existentia</span> <span class='ocrx_word' id='word_1_372' title='bbox 1550 1824 1560 1838; x_wconf 83' lang='lat'>‚</span> <span class='ocrx_word' id='word_1_373' title='bbox 1580 1808 1715 1845; x_wconf 84' lang='lat' dir='ltr'>quaeque</span> 
     </span>
     <span class='ocr_line' id='line_1_36' title="bbox 320 1842 1717 1894; baseline 0.001 -18"><span class='ocrx_word' id='word_1_374' title='bbox 320 1854 379 1892; x_wconf 86' lang='lat' dir='ltr'>per</span> <span class='ocrx_word' id='word_1_375' title='bbox 402 1844 540 1880; x_wconf 88' lang='lat' dir='ltr'>diversas</span> <span class='ocrx_word' id='word_1_376' title='bbox 559 1847 704 1881; x_wconf 65' lang='lat' dir='ltr'>actiones</span> <span class='ocrx_word' id='word_1_377' title='bbox 719 1846 937 1894; x_wconf 86' lang='lat' dir='ltr'>producuntur</span> <span class='ocrx_word' id='word_1_378' title='bbox 953 1844 1025 1880; x_wconf 88' lang='lat' dir='ltr'>:sed</span> <span class='ocrx_word' id='word_1_379' title='bbox 1044 1847 1076 1878; x_wconf 88' lang='lat' dir='ltr'>in</span> <span class='ocrx_word' id='word_1_380' title='bbox 1096 1844 1193 1878; x_wconf 88' lang='lat' dir='ltr'>Petro</span> <span class='ocrx_word' id='word_1_381' title='bbox 1204 1842 1384 1877; x_wconf 83' lang='lat' dir='ltr'>animalitas</span> <span class='ocrx_word' id='word_1_382' title='bbox 1404 1855 1577 1890; x_wconf 83' lang='lat' dir='ltr'>generatur</span> <span class='ocrx_word' id='word_1_383' title='bbox 1590 1873 1599 1888; x_wconf 84' lang='lat'><strong><em>,</em></strong></span> <span class='ocrx_word' id='word_1_384' title='bbox 1617 1849 1717 1881; x_wconf 88' lang='lat' dir='ltr'>ratio-</span> 
     </span>
     <span class='ocr_line' id='line_1_37' title="bbox 320 1890 1713 1941; baseline 0.002 -14"><span class='ocrx_word' id='word_1_385' title='bbox 320 1892 433 1928; x_wconf 81' lang='lat' dir='ltr'>nalitas</span> <span class='ocrx_word' id='word_1_386' title='bbox 447 1906 592 1930; x_wconf 82' lang='lat' dir='ltr'>creatur:</span> <span class='ocrx_word' id='word_1_387' title='bbox 605 1895 652 1928; x_wconf 90' lang='lat' dir='ltr'>est</span> <span class='ocrx_word' id='word_1_388' title='bbox 670 1897 793 1941; x_wconf 89' lang='lat' dir='ltr'>quippe</span> <span class='ocrx_word' id='word_1_389' title='bbox 808 1895 924 1928; x_wconf 82' lang='lat' dir='ltr'>eadem</span> <span class='ocrx_word' id='word_1_390' title='bbox 945 1907 1017 1927; x_wconf 88' lang='lat' dir='ltr'>cum</span> <span class='ocrx_word' id='word_1_391' title='bbox 1039 1894 1146 1927; x_wconf 79' lang='lat' dir='ltr'>anima</span> <span class='ocrx_word' id='word_1_392' title='bbox 1163 1890 1334 1932; x_wconf 81' lang='lat' dir='ltr'>rationali,</span> <span class='ocrx_word' id='word_1_393' title='bbox 1353 1902 1423 1938; x_wconf 82' lang='lat' dir='ltr'>quae</span> <span class='ocrx_word' id='word_1_394' title='bbox 1441 1891 1583 1940; x_wconf 85' lang='lat' dir='ltr'>separata</span> <span class='ocrx_word' id='word_1_395' title='bbox 1602 1907 1713 1931; x_wconf 85' lang='lat' dir='ltr'>manet</span> 
     </span>
     <span class='ocr_line' id='line_1_38' title="bbox 319 1941 1035 1992; baseline 0.003 -18"><span class='ocrx_word' id='word_1_396' title='bbox 319 1943 498 1987; x_wconf 79' lang='lat' dir='ltr'>rationalis,</span> <span class='ocrx_word' id='word_1_397' title='bbox 515 1943 591 1978; x_wconf 89' lang='lat' dir='ltr'>licet</span> <span class='ocrx_word' id='word_1_398' title='bbox 600 1942 716 1992; x_wconf 82' lang='lat' dir='ltr'>gradus</span> <span class='ocrx_word' id='word_1_399' title='bbox 726 1941 872 1976; x_wconf 87' lang='lat' dir='ltr'>animalis</span> <span class='ocrx_word' id='word_1_400' title='bbox 893 1943 1035 1989; x_wconf 90' lang='lat' dir='ltr'>perierit.</span> 
     </span>
    </p>

    <p class='ocr_par' dir='ltr' id='par_1_10' title="bbox 320 1986 1713 2225">
     <span class='ocr_line' id='line_1_39' title="bbox 359 1986 1711 2041; baseline 0.004 -18"><span class='ocrx_word' id='word_1_401' title='bbox 359 1992 448 2036; x_wconf 68' lang='lat' dir='ltr'>Refh.</span> <span class='ocrx_word' id='word_1_402' title='bbox 465 1992 532 2035; x_wconf 72' lang='lat' dir='ltr'>dist.</span> <span class='ocrx_word' id='word_1_403' title='bbox 551 1995 662 2028; x_wconf 84' lang='lat' dir='ltr'>minor.</span> <span class='ocrx_word' id='word_1_404' title='bbox 684 1990 900 2025; x_wconf 83' lang='lat' dir='ltr'>Rationalitas</span> <span class='ocrx_word' id='word_1_405' title='bbox 924 2001 1068 2031; x_wconf 86' lang='lat' dir='ltr'>creatur,</span> <span class='ocrx_word' id='word_1_406' title='bbox 1088 1988 1217 2037; x_wconf 85' lang='lat' dir='ltr'>physice</span> <span class='ocrx_word' id='word_1_407' title='bbox 1234 1986 1378 2037; x_wconf 86' lang='lat' dir='ltr'>sumpta,</span> <span class='ocrx_word' id='word_1_408' title='bbox 1393 2001 1429 2024; x_wconf 88' lang='lat' dir='ltr'>ut</span> <span class='ocrx_word' id='word_1_409' title='bbox 1449 1990 1491 2024; x_wconf 88' lang='lat' dir='ltr'>est</span> <span class='ocrx_word' id='word_1_410' title='bbox 1517 1993 1711 2041; x_wconf 87' lang='lat' dir='ltr'>principium</span> 
     </span>
     <span class='ocr_line' id='line_1_40' title="bbox 320 2037 1713 2090; baseline 0.004 -17"><span class='ocrx_word' id='word_1_411' title='bbox 320 2037 555 2084; x_wconf 80' lang='lat' dir='ltr'>ratiocinandi,</span> <span class='ocrx_word' id='word_1_412' title='bbox 576 2042 618 2076; x_wconf 92' lang='lat' dir='ltr'>C.</span> <span class='ocrx_word' id='word_1_413' title='bbox 630 2037 849 2088; x_wconf 79' lang='lat' dir='ltr'>metaphysice</span> <span class='ocrx_word' id='word_1_414' title='bbox 867 2050 1000 2087; x_wconf 85' lang='lat' dir='ltr'>accepta</span> <span class='ocrx_word' id='word_1_415' title='bbox 1014 2050 1070 2082; x_wconf 88' lang='lat' dir='ltr'>,ut</span> <span class='ocrx_word' id='word_1_416' title='bbox 1090 2040 1281 2087; x_wconf 80' lang='lat' dir='ltr'>principium</span> <span class='ocrx_word' id='word_1_417' title='bbox 1300 2038 1346 2073; x_wconf 80' lang='lat' dir='ltr'>est</span> <span class='ocrx_word' id='word_1_418' title='bbox 1365 2040 1575 2075; x_wconf 83' lang='lat' dir='ltr'>ratiocinandi</span> <span class='ocrx_word' id='word_1_419' title='bbox 1591 2042 1713 2090; x_wconf 88' lang='lat' dir='ltr'>depen-</span> 
     </span>
     <span class='ocr_line' id='line_1_41' title="bbox 320 2088 1711 2138; baseline 0.003 -17"><span class='ocrx_word' id='word_1_420' title='bbox 320 2089 468 2125; x_wconf 68' lang='lat' dir='ltr'>denterit</span> <span class='ocrx_word' id='word_1_421' title='bbox 486 2089 620 2126; x_wconf 82' lang='lat' dir='ltr'>sensibus</span> <span class='ocrx_word' id='word_1_422' title='bbox 635 2119 644 2133; x_wconf 96' lang='lat'>,</span> <span class='ocrx_word' id='word_1_423' title='bbox 663 2091 703 2123; x_wconf 92' lang='lat' dir='ltr'><em>N</em></span> <span class='ocrx_word' id='word_1_424' title='bbox 707 2114 711 2120; x_wconf 94' lang='lat'>.</span> <span class='ocrx_word' id='word_1_425' title='bbox 732 2101 808 2124; x_wconf 86' lang='lat' dir='ltr'>nam</span> <span class='ocrx_word' id='word_1_426' title='bbox 827 2101 865 2122; x_wconf 89' lang='lat' dir='ltr'>ea</span> <span class='ocrx_word' id='word_1_427' title='bbox 885 2088 1070 2136; x_wconf 86' lang='lat' dir='ltr'>producitur</span> <span class='ocrx_word' id='word_1_428' title='bbox 1091 2090 1220 2123; x_wconf 67' lang='lat' dir='ltr'>afflone</span> <span class='ocrx_word' id='word_1_429' title='bbox 1238 2117 1247 2130; x_wconf 88' lang='lat'>,</span> <span class='ocrx_word' id='word_1_430' title='bbox 1266 2100 1329 2134; x_wconf 90' lang='lat' dir='ltr'>qua</span> <span class='ocrx_word' id='word_1_431' title='bbox 1353 2089 1458 2123; x_wconf 86' lang='lat' dir='ltr'>anima</span> <span class='ocrx_word' id='word_1_432' title='bbox 1474 2101 1548 2125; x_wconf 86' lang='lat' dir='ltr'>cum</span> <span class='ocrx_word' id='word_1_433' title='bbox 1574 2103 1711 2138; x_wconf 86' lang='lat' dir='ltr'>corpore</span> 
     </span>
     <span class='ocr_line' id='line_1_42' title="bbox 320 2137 1709 2188; baseline 0.001 -18"><span class='ocrx_word' id='word_1_434' title='bbox 320 2142 533 2188; x_wconf 75' lang='lat' dir='ltr'>conjungitur.</span> <span class='ocrx_word' id='word_1_435' title='bbox 556 2142 676 2187; x_wconf 88' lang='lat' dir='ltr'>Neque</span> <span class='ocrx_word' id='word_1_436' title='bbox 687 2141 720 2174; x_wconf 91' lang='lat' dir='ltr'>in</span> <span class='ocrx_word' id='word_1_437' title='bbox 733 2139 842 2173; x_wconf 77' lang='lat' dir='ltr'>anima</span> <span class='ocrx_word' id='word_1_438' title='bbox 856 2137 999 2186; x_wconf 87' lang='lat' dir='ltr'>separata</span> <span class='ocrx_word' id='word_1_439' title='bbox 1012 2149 1124 2173; x_wconf 87' lang='lat' dir='ltr'>manet</span> <span class='ocrx_word' id='word_1_440' title='bbox 1139 2139 1329 2187; x_wconf 88' lang='lat' dir='ltr'>principium</span> <span class='ocrx_word' id='word_1_441' title='bbox 1354 2139 1563 2174; x_wconf 78' lang='lat' dir='ltr'>ratiocinandi</span> <span class='ocrx_word' id='word_1_442' title='bbox 1585 2139 1709 2187; x_wconf 88' lang='lat' dir='ltr'>depen-</span> 
     </span>
     <span class='ocr_line' id='line_1_43' title="bbox 320 2187 645 2225; baseline 0.018 -6"><span class='ocrx_word' id='word_1_443' title='bbox 320 2187 435 2221; x_wconf 86' lang='lat' dir='ltr'>denter</span> <span class='ocrx_word' id='word_1_444' title='bbox 456 2189 476 2223; x_wconf 71' lang='lat' dir='ltr'>a</span> <span class='ocrx_word' id='word_1_445' title='bbox 497 2188 645 2225; x_wconf 81' lang='lat' dir='ltr'>sensibus.</span> 
     </span>
    </p>

    <p class='ocr_par' dir='ltr' id='par_1_11' title="bbox 318 2234 1707 2379">
     <span class='ocr_line' id='line_1_44' title="bbox 364 2234 1707 2286; baseline -0.002 -15"><span class='ocrx_word' id='word_1_446' title='bbox 364 2235 500 2273; x_wconf 53' lang='lat' dir='ltr'>Instant.</span> <span class='ocrx_word' id='word_1_447' title='bbox 516 2242 561 2273; x_wconf 82' lang='lat' dir='ltr'>Ea</span> <span class='ocrx_word' id='word_1_448' title='bbox 574 2239 809 2286; x_wconf 81' lang='lat' dir='ltr'>distinguuntur</span> <span class='ocrx_word' id='word_1_449' title='bbox 821 2236 948 2272; x_wconf 85' lang='lat' dir='ltr'>realiter</span> <span class='ocrx_word' id='word_1_450' title='bbox 959 2267 967 2281; x_wconf 87' lang='lat'>‚</span> <span class='ocrx_word' id='word_1_451' title='bbox 979 2250 1049 2285; x_wconf 79' lang='lat' dir='ltr'>quae</span> <span class='ocrx_word' id='word_1_452' title='bbox 1066 2250 1164 2272; x_wconf 89' lang='lat' dir='ltr'>unum</span> <span class='ocrx_word' id='word_1_453' title='bbox 1182 2243 1214 2274; x_wconf 58' lang='grc' dir='ltr'>δέ</span> <span class='ocrx_word' id='word_1_454' title='bbox 1230 2237 1317 2271; x_wconf 86' lang='lat' dir='ltr'>idem</span> <span class='ocrx_word' id='word_1_455' title='bbox 1336 2234 1403 2270; x_wconf 89' lang='lat' dir='ltr'>sunt</span> <span class='ocrx_word' id='word_1_456' title='bbox 1426 2247 1501 2269; x_wconf 86' lang='lat' dir='ltr'>cum</span> <span class='ocrx_word' id='word_1_457' title='bbox 1520 2235 1615 2270; x_wconf 90' lang='lat' dir='ltr'>rebus</span> <span class='ocrx_word' id='word_1_458' title='bbox 1634 2250 1707 2271; x_wconf 81' lang='lat' dir='ltr'>om-</span> 
     </span>
     <span class='ocr_line' id='line_1_45' title="bbox 319 2284 1707 2333; baseline 0.004 -17"><span class='ocrx_word' id='word_1_459' title='bbox 319 2284 396 2317; x_wconf 78' lang='lat' dir='ltr'>nino</span> <span class='ocrx_word' id='word_1_460' title='bbox 408 2285 552 2323; x_wconf 57' lang='lat' dir='ltr'>divsrfis;</span> <span class='ocrx_word' id='word_1_461' title='bbox 576 2287 629 2322; x_wconf 90' lang='lat' dir='ltr'>sed</span> <span class='ocrx_word' id='word_1_462' title='bbox 649 2286 829 2322; x_wconf 84' lang='lat' dir='ltr'>animalitas</span> <span class='ocrx_word' id='word_1_463' title='bbox 846 2292 879 2324; x_wconf 91' lang='lat'><strong>&amp;</strong></span> <span class='ocrx_word' id='word_1_464' title='bbox 893 2286 1092 2323; x_wconf 86' lang='lat' dir='ltr'>rationalitas</span> <span class='ocrx_word' id='word_1_465' title='bbox 1111 2287 1198 2323; x_wconf 84' lang='lat' dir='ltr'>idem</span> <span class='ocrx_word' id='word_1_466' title='bbox 1219 2285 1287 2321; x_wconf 91' lang='lat' dir='ltr'>sunt</span> <span class='ocrx_word' id='word_1_467' title='bbox 1302 2298 1377 2319; x_wconf 86' lang='lat' dir='ltr'>cum</span> <span class='ocrx_word' id='word_1_468' title='bbox 1391 2297 1527 2333; x_wconf 82' lang='lat' dir='ltr'>corpore</span> <span class='ocrx_word' id='word_1_469' title='bbox 1538 2291 1572 2322; x_wconf 73' lang='grc' dir='ltr'>δε</span> <span class='ocrx_word' id='word_1_470' title='bbox 1589 2288 1707 2330; x_wconf 81' lang='lat' dir='ltr'>anima,</span> 
     </span>
     <span class='ocr_line' id='line_1_46' title="bbox 318 2334 868 2379; baseline 0.015 -15"><span class='ocrx_word' id='word_1_471' title='bbox 318 2343 391 2379; x_wconf 77' lang='lat' dir='ltr'>quae</span> <span class='ocrx_word' id='word_1_472' title='bbox 409 2337 542 2370; x_wconf 88' lang='lat' dir='ltr'>omnino</span> <span class='ocrx_word' id='word_1_473' title='bbox 553 2340 634 2371; x_wconf 88' lang='lat' dir='ltr'>inter</span> <span class='ocrx_word' id='word_1_474' title='bbox 650 2335 681 2370; x_wconf 89' lang='lat' dir='ltr'>se</span> <span class='ocrx_word' id='word_1_475' title='bbox 703 2334 868 2372; x_wconf 80' lang='lat' dir='ltr'>differunt.</span> 
     </span>
    </p>

    <p class='ocr_par' dir='ltr' id='par_1_12' title="bbox 353 2381 1706 2434">
     <span class='ocr_line' id='line_1_47' title="bbox 353 2381 1706 2434; baseline 0.001 -16"><span class='ocrx_word' id='word_1_476' title='bbox 353 2381 439 2432; x_wconf 69' lang='lat' dir='ltr'>Resp.</span> <span class='ocrx_word' id='word_1_477' title='bbox 461 2385 706 2423; x_wconf 84' lang='lat' dir='ltr'>Animalitatem</span> <span class='ocrx_word' id='word_1_478' title='bbox 724 2391 757 2423; x_wconf 85' lang='lat'>&amp;</span> <span class='ocrx_word' id='word_1_479' title='bbox 772 2384 1025 2425; x_wconf 83' lang='lat' dir='ltr'>rationalitatem</span> <span class='ocrx_word' id='word_1_480' title='bbox 1042 2397 1142 2423; x_wconf 86' lang='lat' dir='ltr'>unum</span> <span class='ocrx_word' id='word_1_481' title='bbox 1157 2384 1322 2434; x_wconf 88' lang='lat' dir='ltr'>quoddam</span> <span class='ocrx_word' id='word_1_482' title='bbox 1337 2382 1397 2420; x_wconf 76' lang='lat' dir='ltr'>esse</span> <span class='ocrx_word' id='word_1_483' title='bbox 1420 2395 1494 2419; x_wconf 87' lang='lat' dir='ltr'>curn</span> <span class='ocrx_word' id='word_1_484' title='bbox 1511 2394 1649 2431; x_wconf 85' lang='lat' dir='ltr'>corpore</span> <span class='ocrx_word' id='word_1_485' title='bbox 1671 2388 1706 2420; x_wconf 72' lang='grc' dir='ltr'>δε</span> 
     </span>
    </p>
   </div>
  </div>
 </body>
</html>
