1857 2745
463 136 896 175 TRACTATUS
936 137 1215 176 TERTIUS.
1497 155 1513 184 9

136 191 270 226 <animus
284 194 293 233 ‚'
309 189 362 224 sed
384 186 553 223 cerebrum
564 192 576 231 ,'
596 188 684 235 quod
710 187 794 222 illius
812 189 855 222 est
877 187 1136 224 instrumentum.
1479 154 1494 188 5
1516 157 1532 188 ς

150 267 153 271 ,
182 247 211 285 30
223 239 375 274 Amentia
394 237 458 285 ipsa
470 266 480 280 ‚
497 249 552 271 aut
566 236 684 271 insania
705 237 788 272 adeo
805 249 872 271 non
892 235 1009 284 probat
1033 248 1178 272 mentem
1196 233 1255 272 esse
1268 247 1475 283 corpoream,
1493 249 1528 273 ut

132 288 336 323 *contrarium
353 298 435 334 pene
447 284 643 334 persuadeat.
662 287 752 321 Nam
768 287 802 320 in
820 287 963 320 amentia
975 284 1233 332 phantasmatum
1255 284 1323 319 usus
1340 286 1526 332 impeditur,

140 335 218 370 licet
229 335 328 370 sensus
339 335 526 383 plerumque
540 337 662 382 vigeat.
682 334 730 368 Est
747 336 845 382 igitur
853 346 923 382 pars
938 334 1087 380 quaedam
1098 336 1213 369 animae
1231 336 1320 368 omni
1332 333 1420 368 sensu
1431 334 1525 383 supe-

131 385 205 418 *rior
226 412 236 427 ,
269 397 340 431 quae
378 382 576 418 hantasmata
594 382 658 430 ipsa
685 382 823 430 disponit
842 411 851 425 ,
884 382 983 429 iisque
1010 384 1107 417 utitur
1120 410 1130 424 ,
1159 382 1214 418 nisi
1245 383 1329 417 forte
1357 384 1522 429 quoddam

132 433 174 467 ·in
182 445 303 482 organo
317 436 349 467 in
363 434 522 467 itvitium.
546 432 689 479 [digitur
706 432 794 478 quod
815 430 983 479 phantasiae
998 432 1134 479 imperat
1152 460 1161 473 ‚
1184 444 1217 467 ut
1238 433 1304 466 vim
1319 430 1404 465 suam
1420 434 1453 466 in
1465 433 1522 477 ali-

130 483 226 528 5quod
237 481 406 530 objeffiim
417 480 583 529 impendat
596 497 603 523 3
614 492 649 515 ut
660 479 745 523 alio,
764 492 836 515 cum
854 479 984 515 libitum
997 480 1062 523 est,
1076 481 1215 516 divertat
1236 497 1245 523 ;
1267 480 1358 527 quod
1380 480 1468 514 illam
1485 484 1519 516 in

131 531 225 565 ¹viam
237 532 380 572 reducit,
407 542 480 564 cum
502 527 653 573 aberrat;
674 529 761 576 quod
779 530 912 564 demum
925 533 991 577 ejus
1012 528 1193 563 funffiones
1204 529 1359 578 expendit
1371 557 1382 571 ,
1406 540 1444 564 ac
1461 529 1519 564 dis-

135 580 239 613 cernit
252 579 328 626 quid
347 578 388 612 ad
405 578 774 626 imaginatioiieni‚qt1id
788 579 829 612 ad
843 589 972 612 caetetas
989 580 1071 611 vites
1084 581 1264 625 pertineat,
1282 577 1314 610 id
1330 606 1340 619 ,
1357 579 1489 624 inquam
1504 607 1517 622 ,

134 625 200 675 ipsa
219 626 380 674 phantasia
391 625 527 675 superius
538 627 589 661 est.
602 629 785 673 His-itaque
802 626 967 675 explicatis
978 655 986 669 ‚
999 640 1065 661 non
1079 638 1140 661 etit
1152 624 1328 661 admodum
1339 623 1467 661 difficile
1478 629 1516 663 iis

128 674 328 723 respondere
337 689 407 723 quae
415 675 579 711 contraab
591 678 751 724 Epicureis
767 674 871 711 afferri
889 674 1002 711 solent.
1177 686 1179 688 ¹
1502 716 1507 720 Ι

170 725 254 773 Opp.
268 734 307 761 1⁰.
324 727 487 760 Lucretius
499 726 643 760 animum
654 723 718 759 una
734 737 807 759 cum
818 737 954 772 corpore
965 727 1144 772 procreari:
1164 737 1242 773 ergo
1257 727 1281 758 is
1295 734 1429 770 quoque
1442 735 1515 769 curn

131 784 267 820 corpore
292 776 431 808 intereat
456 771 578 807 neceffe
606 774 661 807 est.
688 774 778 820 Qin
792 772 946 809 &crescit
960 776 992 807 in
1007 776 1113 820 pueris
1127 803 1137 816 ,
1157 777 1249 821 viget
1271 776 1305 807 in
1320 770 1514 820 juvenibus,

131 822 166 855 in
187 820 314 856 senibus
349 820 460 857 deficit
490 826 524 857 &
551 823 706 856 minuitur
733 835 740 855 :
773 820 832 856 suis
851 821 975 856 morbis
998 833 1033 856 ut
1045 835 1159 869 corpus
1173 822 1299 857 laborat
1316 849 1327 864 ,
1350 824 1382 856 in
1406 818 1512 855 ebrie-

137 879 205 904 tate
220 869 387 914 turbatur,
421 873 454 905 in
471 869 616 917 phrenesi
641 872 777 906 omnino
807 869 938 905 aberrat
957 899 967 914 ‚
994 872 1028 906 in
1050 871 1197 918 deliquio
1223 873 1270 906 vis
1296 871 1411 905 animae
1426 882 1510 917 pene

136 920 344 967 extinguitur.

162 967 249 1013 Resp.
263 969 353 1015 Neg.
364 968 481 1013 conseq.
510 966 612 1012 Qod
632 969 719 1002 enim
733 968 843 1001 anima
855 965 918 1002 una
928 974 1002 1001 cum
1015 980 1152 1016 corpore
1160 966 1323 1010 nascatur,
1342 980 1416 1002 -non
1432 966 1509 1002 hinc

124 1013 266 1062 sequitur
284 1028 355 1050 eam
373 1029 445 1050 curn
456 1028 592 1063 corpore
606 1017 746 1051 interire.
764 1015 864 1063 Qiod
874 1026 982 1050 autem
996 1015 1128 1051 subinde
1143 1016 1278 1051 afferunt
1298 1017 1331 1049 id
1351 1028 1448 1050 omne
1468 1016 1519 1052 fis

128 1074 206 1098 nem
218 1062 378 1101 habere&
390 1067 554 1099 interitum
566 1093 576 1106 ,
595 1065 684 1110 quod
703 1065 831 1098 initium
844 1063 943 1098 habet
957 1092 967 1105 ,
994 1076 1029 1099 ut
1045 1066 1142 1100 docet
1159 1064 1345 1100 Aristoteles
1363 1094 1372 1108 ,
1398 1065 1508 1101 distin-

117 1113 291 1158 *guendum
299 1112 356 1148 est.
378 1114 480 1159 Quod
496 1124 602 1147 ortum
613 1112 712 1147 habet
723 1125 778 1161 per
796 1114 1041 1160 generationem
1053 1141 1063 1156 ‚
1088 1118 1124 1149 C.
1139 1126 1194 1161 per
1211 1115 1409 1147 creationem
1421 1141 1431 1155 ‚
1454 1115 1505 1148 N.

119 1160 227 1207 ‘Qod
244 1163 330 1196 enim
342 1164 430 1196 Deus
442 1173 529 1195 creat
542 1167 575 1198 &
586 1159 735 1204 subsistit,
754 1159 796 1194 ab
809 1172 849 1194 eo
869 1159 937 1195 solo
954 1161 1070 1195 destrui
1081 1163 1196 1207 potest.
1213 1163 1296 1208 Qae
1312 1162 1436 1195 addunt
1455 1173 1507 1195 re-

123 1207 213 1256 liqna
227 1238 236 1253 ‚
271 1214 340 1259 jam
367 1222 405 1245 ex
425 1211 609 1258 praenotatis
637 1208 738 1244 soluta
768 1209 840 1244 sunt
858 1223 865 1245 :
897 1209 962 1244 haec
980 1212 1068 1245 enim
1085 1210 1155 1246 sunt
1173 1212 1253 1246 vitia
1275 1212 1412 1258 organi,
1437 1222 1505 1246 non

124 1260 238 1295 animi.
377 1289 380 1292 Δ

160 1309 235 1346 Sed,
246 1308 498 1353 instant,animus
514 1308 650 1344 nascitur
664 1310 697 1342 in
711 1318 847 1355 corpore
863 1319 873 1342 ι
889 1318 966 1355 ergo
985 1306 1031 1342 est
1046 1319 1118 1355 pars
1141 1309 1283 1355 corporis
1298 1335 1308 1350 ‚
1326 1320 1388 1343 nec
1402 1310 1503 1356 magis

117 1358 207 1392 vivit
221 1356 380 1404 separatus
394 1387 403 1401 ,
430 1358 530 1404 quam
546 1357 655 1391 oculus
669 1355 802 1390 avulsus.

151 1406 320 1453 Resp.neg.
337 1409 416 1452 conſs
433 1408 522 1442 Nam
540 1405 560 1440 si
574 1416 706 1452 corpus,
731 1414 766 1436 ut
784 1402 847 1451 ipse
869 1404 1031 1438 Lucretius
1048 1413 1140 1450 putat
1156 1431 1165 1444 ‚
1195 1405 1310 1438 animae
1332 1404 1418 1451 quasi
1445 1418 1501 1441 vas

121 1453 287 1500 quoddam
299 1454 340 1488 est
353 1482 362 1497 ‚
388 1455 419 1488 id
433 1453 504 1488 sane
514 1454 604 1501 quod
615 1452 687 1487 vase
699 1454 882 1487 continetur
893 1481 902 1495 ‚
921 1451 1002 1486 illius
1018 1463 1087 1498 pars
1103 1452 1161 1484 dici
1177 1464 1246 1486 non
1264 1452 1385 1489 debet:
1402 1454 1502 1489 nasci-

118 1513 170 1536 tut
187 1502 321 1548 quidem
331 1504 530 1550 incorpore,
549 1507 633 1549 cujus
648 1499 736 1535 velut
751 1499 890 1547 hospitio
906 1503 1002 1535 utitur
1019 1527 1029 1542 ‚
1051 1502 1098 1534 uti
1117 1512 1192 1533 aves
1207 1501 1237 1534 in
1257 1501 1372 1536 nidulis
1390 1503 1500 1538 exclu-

118 1550 235 1585 duntur
252 1578 261 1592 ,
290 1563 363 1597 quae
385 1549 444 1585 ubi
464 1551 534 1585 sunt
548 1550 682 1593 adultae,
704 1549 810 1597 egredi
824 1550 905 1584 nidis
919 1548 1087 1590 solent,ac
1102 1547 1204 1582 libero
1214 1549 1301 1583 coelo
1314 1549 1344 1583 se
1369 1554 1501 1598 permit-

119 1609 200 1635 tunt.
226 1601 277 1633 Sic
287 1612 385 1647 grana
395 1601 492 1634 tritici
513 1601 545 1634 in
566 1600 657 1647 spicis
674 1627 683 1641 ‚
709 1610 804 1633 nuces
820 1600 852 1633 in
866 1597 982 1633 arbore
996 1596 1164 1632 nascuntur
1181 1602 1213 1634 &
1228 1597 1426 1643 formantur,
1448 1600 1500 1635 sed

119 1645 177 1681 ubi
187 1650 398 1683 maturuerint
410 1678 418 1691 ,
442 1651 474 1683 in
488 1648 608 1683 horreis
620 1647 825 1683 all'etvantur.

147 1698 287 1739 Urgent.
305 1695 362 1730 Illa
377 1697 481 1731 forma
495 1697 537 1731 est
553 1695 768 1744 corruptibilis
779 1724 789 1738 ,
813 1700 898 1744 cujus
914 1698 997 1730 vires
1017 1694 1085 1731 sunt
1096 1696 1239 1730 interitui
1256 1693 1428 1733 obnoxiae:
1445 1696 1497 1732 sed

117 1743 299 1779 intelletstus
309 1745 356 1779 est
365 1745 579 1793 corruptibilis
590 1775 599 1788 ‚
618 1757 653 1779 ut
667 1744 731 1792 ipse
743 1744 931 1779 Aristoteles
941 1746 1038 1779 docet
1052 1759 1059 1780 :
1074 1758 1150 1791 ergo
1165 1749 1198 1780 ὃ(
1214 1745 1352 1782 animus.

151 1793 236 1839 Resp÷
249 1792 319 1836 dix'i‘.
330 1798 406 1839 maj.
432 1794 489 1828 [lla
503 1794 608 1829 forma
622 1795 667 1828 est
675 1793 891 1840 corruptibi'is
905 1814 914 1835 ‚-
931 1797 1017 1840 cujus
1032 1791 1287 1840 vires'corrumpi
1303 1792 1428 1840 possunt
1446 1807 1497 1828 ra-

114 1842 206 1875 tione
216 1842 277 1884 sui,
298 1848 331 1879 &
350 1855 407 1890 per
418 1843 447 1876 se
457 1873 467 1887 ,
490 1847 529 1878 C.
541 1845 668 1879 ratione
687 1841 816 1876 alterius
826 1843 914 1889 quod
925 1844 1064 1889 exigitur
1079 1844 1117 1876 ad
1129 1843 1332 1890 operationes
1341 1871 1351 1885 ‚
1363 1845 1498 1892 N.Jam

115 1889 311 1937 verofiquid
324 1894 475 1927 minuitur
490 1891 694 1940 intelligendi
706 1893 752 1925 vis
768 1919 779 1932 ,
806 1891 866 1926 hoc
879 1893 990 1937 utique
1008 1890 1045 1927 fit
1057 1902 1189 1939 propter
1211 1901 1369 1936 organum
1392 1892 1497 1938 phan-

111 1936 202 1975 tasiae.
224 1941 296 1974 Nec
306 1942 407 1988 magis
417 1940 599 1976 mirandum
611 1941 652 1974 est
662 1938 682 1974 si
694 1939 874 1975 funetiones
884 1943 1004 1975 mentis
1019 1939 1101 1975 male
1111 1939 1232 1975 affecto
1241 1938 1376 1973 cerebro
1393 1942 1497 1989 impe-

114 1986 359 2035 diantur,qua.m
374 1989 462 2036 quod
477 1992 596 2036 petitus
609 1987 710 2024 scriba
723 2017 732 2031 ‚
759 1999 813 2023 aut
828 1990 932 2036 pititor
946 1987 1010 2023 fine
1020 1988 1145 2023 calamo
1157 1989 1217 2026 rite
1233 1999 1388 2036 apparato
1401 2017 1411 2032 ‚
1441 2000 1496 2024 aut

115 2037 271 2082 penicillo
285 2038 406 2072 idoneo
424 2040 556 2086 pingere
569 2037 969 2086 elegantetinonpoffitssic
978 2036 1033 2072 ubi
1045 2037 1264 2085 phantasmata
1277 2039 1387 2085 organi
1399 2039 1495 2082 vitio,

111 2095 168 2118 aut
180 2085 286 2119 morbi
300 2086 520 2129 vehementia,
537 2099 593 2122 aut
605 2084 762 2122 ebrietate
782 2086 1033 2130 confunduntur,
1046 2085 1253 2121 veldelentur
1262 2107 1275 2128 1,
1307 2099 1396 2120 mens
1423 2098 1494 2134 quae

113 2131 224 2169 saltem
243 2147 281 2168 ex
295 2134 519 2182 phantafinatis
532 2135 730 2171 occ‘afionem
754 2135 958 2184 intel-ligendi
978 2137 1117 2183 accipit,
1146 2140 1178 2171 &
1198 2133 1240 2168 ab
1261 2136 1299 2169 iis
1321 2138 1494 2179 excitatur,

115 2192 184 2215 tum
200 2194 237 2215 ea
260 2183 480 2229 phantasmata
497 2187 527 2218 in
561 2183 627 2219 sum
645 2184 730 2218 usum
758 2183 916 2218 adhibere
935 2196 1001 2219 non
1026 2184 1131 2231 potest
1150 2212 1159 2226 ,
1179 2183 1381 2230 neque—adeo
1404 2186 1494 2228 quic-

116 2242 216 2276 quam
231 2232 378 2266 ordinate
397 2238 431 2269 &
453 2235 611 2268 concinne
638 2232 801 2279 intelligit.

150 2277 282 2317 Instant.
300 2281 395 2313 Mens
407 2280 472 2327 ipsa
481 2295 546 2316 non
563 2281 718 2330 intelligit
729 2279 784 2316 nili
797 2291 852 2328 pet
869 2278 1088 2328 phantasmata
1110 2293 1118 2314 :
1138 2291 1215 2328 ergo
1229 2279 1276 2315 est
1290 2280 1423 2316 facultas
1437 2293 1492 2318 ot-

114 2329 228 2374 ganica
239 2331 272 2361 &
287 2339 454 2374 corporea·
993 2363 995 2365 .

150 2376 239 2424 Resp.
254 2375 337 2421 Dist.
350 2387 420 2412 ant.
435 2376 531 2413 Nihil
543 2390 635 2414 mens
649 2377 799 2428 intelligit
817 2377 871 2414 nisi
883 2391 954 2413 curn
969 2375 1191 2425 phantasmate
1200 2405 1209 2420 ,
1224 2378 1377 2425 Transeat
1390 2406 1400 2421 ,
1411 2377 1492 2418 nihil
