1857 2745
400 133 457 164 160
929 124 957 159 L
972 124 1006 160 O
1023 124 1053 160 G
1069 125 1083 159 1
1096 124 1127 160 C
1140 127 1182 160 AE

395 175 500 210 sectio
514 185 642 209 tanturn
657 201 666 216 ‚
689 172 743 207 seu
759 170 929 222 vestigium
943 174 1107 221 quoddam
1127 174 1212 209 illius
1230 170 1446 222 impressionis
1464 181 1574 208 manet
1586 172 1619 207 in
1636 172 1792 219 cerebroz.

394 237 469 271 quse
483 221 642 270 impreffio
657 234 733 256 cum
748 224 855 257 animi
869 224 1083 271 perceptione
1096 225 1268 273 conjuncta
1283 224 1335 259 est.
1364 222 1543 271 Vestigium
1554 220 1633 256 illud
1648 223 1787 260 cerebro

393 270 717 320 imprelsum,lignum
725 270 863 306 formale
874 272 941 306 dici
951 285 1019 307 non
1030 273 1152 321 potest:
1169 275 1222 308 vix
1231 274 1321 308 enim
1335 284 1469 307 tenuem
1482 270 1585 307 habet·
1594 283 1666 306 cum
1678 285 1711 307 re
1720 273 1789 322 ipsa

391 319 637 355 fimilitudinem
655 333 662 354 :
703 332 776 355 erce
802 323 850 356 tio
863 333 975 356 autem
987 350 996 365 ‚
1011 321 1064 356 vel
1076 322 1150 357 idea
1163 335 1260 370 quam
1280 322 1400 356 format
1411 324 1537 357 animus
1550 347 1560 362 ,
1578 320 1627 354 est
1640 321 1787 358 formalis

392 370 439 403 rei
461 367 636 404 similitudo
649 383 657 405 :
685 370 724 403 ed
736 334 831 405 ιιοῐιε
851 385 917 406 non
928 371 974 404 est
986 373 1115 418 penitus
1125 373 1301 420 incognita.
1317 371 1404 406 Cum
1418 374 1504 406 enim
1516 370 1638 416 aliquid
1650 370 1787 420 cognos-

392 430 450 461 co,
463 430 520 453 aut
535 421 698 468 percipio,
714 420 796 454 mihi
810 421 946 455 evidens
961 421 1003 455 est
1013 433 1064 455 me
1079 420 1294 469 cognoscere3
1309 426 1341 457 ὃ(
1352 421 1457 456 omnis
1468 418 1607 463 idea‚vel
1617 423 1787 469 perceptio

391 467 436 501 est
448 467 533 501 clara
547 469 726 505 &evidens
738 467 783 503 sui
799 471 986 518 perceptio:
1010 469 1094 504 adeo
1105 481 1142 504 ut
1166 469 1333 504 absurdum
1358 469 1508 504 videatur
1527 470 1634 502 ideam
1653 468 1797 518 alicujus.

386 518 439 550 rei
455 518 501 551 ita
514 514 574 551 effe
586 516 669 552 illius
681 515 801 566 [ignum
814 518 952 553 formale
963 547 972 561 ‚
990 519 1117 553 ut=idea
1134 517 1199 566 ipsa
1213 517 1248 554 sit
1259 518 1354 555 nobis
1365 520 1493 566 penitus
1508 519 1691 565 incognita:
1705 531 1795 565 quoa

392 566 498 600 modo
506 568 596 601 enim
614 579 672 615 per
685 567 773 602 illam
790 568 899 604 ideam
908 567 1030 616 aliquid
1043 567 1198 604 distincte
1212 567 1406 618 cognoscam
1418 597 1430 614 ‚
1447 566 1469 604 fi
1480 568 1554 603 idea
1566 564 1635 615 ipsa.
1650 566 1731 602 mihi
1741 567 1789 603 est

394 614 520 663 prorsus
534 618 758 663 incomperta?

425 666 499 699 Imo
513 677 556 699 ne
570 664 634 714 ipsa
652 665 794 713 quidem·
807 665 967 710 assefflcs„
983 666 1036 702 vel
1046 665 1209 717 impteffio
1222 666 1406 704 incerebro
1420 664 1509 701 faeta
1523 665 1659 701 omnino
1668 677 1721 701 me
1735 664 1789 701 fu-

386 713 437 761 git
454 727 462 749 :
479 727 556 749 nam
568 714 653 749 clare
662 720 696 751 ὅ(
709 715 880 750 evidenter
894 729 965 764 quae
978 715 1013 751 sit
1028 716 1085 751 illa
1098 716 1345 764 affeffloquam
1359 715 1468 752 viridis
1482 713 1572 748 color
1582 713 1717 749 cerebro
1726 716 1790 750 im..

387 764 523 809 primit,
547 768 582 801 &
599 762 721 807 sentio,
737 769 890 801 &mente
908 764 1097 812 consequor.
1116 769 1196 802 Eam
1215 769 1339 814 quippe
1359 777 1396 800 ut
1413 760 1620 812 praesentern,
1639 775 1708 798 non
1729 776 1788 812 per

387 809 532 846 alienam
548 811 686 861 speciem
699 826 791 848 mens
808 825 1001 857 contuetur,
1019 826 1139 861 atque,
1166 825 1202 849 ut
1220 815 1397 862 loquuntur
1410 842 1421 857 ‚
1451 814 1622 854 intuitiva,
1646 824 1714 848 non
1730 811 1791 847 ab-

386 859 539 896 stmffiva
564 864 775 910 cognitione,
798 861 851 898 seu
863 859 920 910 per
951 863 1095 899 alienam
1115 862 1255 911 speciem
1274 862 1450 911 cognoscit.
1472 862 1564 896 Hinc
1583 859 1683 896 sensus
1700 863 1792 897 circa.

387 906 480 944 illam
492 909 702 946 affectionem
718 913 752 945 in
764 911 901 946 cerebro
913 910 1036 946 fadum
1051 925 1120 946 non
1139 912 1272 948 fallitur.
1305 913 1425 947 Omnis
1449 911 1570 958 quippe
1593 921 1680 944 error
1702 912 1788 945 circa

386 956 521 1006 objecta
532 958 693 995 versatur:
708 971 744 994 ut
757 972 833 994 cum
849 959 959 1007 lupum
983 960 1093 995 videre
1109 959 1206 995 nobis
1222 961 1392 1003 videmur,
1409 960 1467 1007 qui
1483 958 1527 992 est*
1539 960 1642 993 canis„
1660 959 1723 992 Sed
1737 962 1788 995 vi-

390 1008 466 1040 ridis
481 1006 721 1054 impreffionem
736 1008 841 1043 sentio
853 1037 863 1050 ‚
879 1009 957 1043 licet
972 1021 1045 1043 eam
1066 1021 1154 1043 caeco
1173 1008 1335 1057 explicate
1350 1022 1418 1043 non
1438 1006 1563 1056 posfim.
1593 1005 1788 1043 obscuritas
1820 1004 1824 1009 ’

391 1055 476 1088 adeo
493 1059 600 1090 omnis
612 1055 911 1101 objectoinestmon
927 1055 1115 1100 affectioni,
1131 1057 1185 1091 vel
1205 1055 1520 1107 impreffioniquam
1536 1055 1658 1098 sentio,
1670 1067 1787 1102 quam-

393 1115 458 1150 que
478 1105 630 1137 intuitive
653 1109 686 1139 ὃς
701 1103 784 1138 clare
798 1104 967 1152 cognosco,

427 1153 473 1186 Ex
487 1150 600 1199 quibus
613 1151 774 1200 colligitur
787 1151 911 1201 signum
923 1165 1021 1187 omne
1032 1152 1091 1188 effe
1104 1153 1394 1189 instrumentarium
1407 1183 1417 1197 ,
1435 1153 1534 1200 idque
1547 1164 1625 1188 ante
1641 1157 1792 1203 percipi,v

392 1200 496 1248 quirin<
512 1204 545 1235 in
561 1201 689 1236 alterius
701 1203 747 1236 rei
756 1204 979 1252 cognitionem
992 1215 1052 1240 nos
1067 1203 1162 1238 ducat
1179 1217 1186 1239 :
1205 1201 1328 1239 tametsi
1343 1203 1430 1240 forte
1443 1215 1511 1238 non
1524 1214 1563 1238 ex
1584 1205 1676 1238 omni
1692 1215 1791 1252 parte

393 1248 607 1298 cognoscitur.

442 1302 582 1347 Signum
602 1301 719 1337 itertirn
744 1302 897 1338 dividitur
913 1305 947 1339 in
965 1302 1112 1340 naturale
1128 1308 1162 1340 &
1182 1302 1387 1338 arbitrarium
1405 1319 1414 1346 3
1433 1300 1513 1336 illud
1537 1312 1575 1335 ex
1599 1313 1711 1337 natura
1732 1302 1784 1339 sua

391 1347 476 1382 aliud
495 1349 618 1385 indicat
633 1379 642 1394 ‚
668 1364 704 1386 ut
721 1351 830 1387 fumus
850 1355 958 1401 ignem
971 1372 979 1398 3
992 1353 1054 1388 hoc
1072 1365 1152 1388 vero
1172 1365 1210 1387 ex
1229 1353 1371 1388 humano
1381 1350 1696 1387 usu.&institutione
1708 1365 1784 1401 pro.

390 1396 479 1432 fluit:
497 1410 533 1432 ut
546 1411 641 1433 voces
656 1414 770 1435 omnes
785 1431 795 1445 ,
814 1402 855 1435 de
883 1402 999 1449 quibus
1018 1403 1142 1450 postea..

428 1447 480 1481 Est
492 1449 603 1494 itaque
618 1453 781 1485 connexio
799 1451 946 1497 quaedam
961 1447 1131 1486 neceffaria
1147 1452 1232 1485 inter
1253 1449 1337 1499 signa
1361 1448 1537 1492 naturalia,
1567 1454 1609 1486 ὃς·
1622 1461 1671 1483 res
1694 1450 1778 1498 ipsas

393 1506 463 1540 quae
475 1494 518 1529 ab
529 1497 568 1528 iis
579 1495 848 1543 repraesentantur.
867 1501 919 1532 Sic
932 1497 1102 1547 impressio
1113 1497 1167 1532 illa
1181 1511 1279 1545 quam
1292 1497 1393 1533 arbor.
1411 1498 1478 1533 visa
1499 1497 1633 1532 cerebro
1651 1498 1762 1547 infigit
1772 1529 1785 1545 ‚

393 1555 466 1578 cum
482 1544 553 1577 idea
568 1543 693 1579 arboris
707 1547 750 1580 est
765 1545 935 1581 neceffario
952 1559 1099 1582 connexa
1112 1564 1128 1591 3.
1141 1560 1209 1581 non
1220 1548 1301 1582 irem
1316 1560 1381 1582 vox
1393 1546 1448 1582 illa
1461 1575 1472 1590 ,
1490 1545 1586 1581 arbor
1599 1575 1610 1590 ‚
1624 1559 1697 1582 cum
1709 1549 1786 1585 idea

392 1592 446 1626 vel
464 1594 601 1627 notione
615 1593 740 1629 arboris
760 1597 803 1630 est
815 1595 985 1645 colligata:
1004 1598 1092 1644 prior
1108 1597 1243 1643 quidem
1255 1596 1297 1631 ab
1311 1596 1446 1631 authore
1461 1607 1604 1632 naturam·
1626 1597 1784 1645 posterior

392 1639 435 1674 ab
448 1641 616 1676 hominum
626 1642 795 1679 voluntate
808 1644 957 1693 profecta
974 1646 1026 1681 est.
1037 1647 1090 1680 Sic
1100 1646 1293 1681 enim-Deus
1303 1648 1452 1680 animum
1466 1658 1537 1679 cum
1552 1657 1687 1693 corpore
1702 1659 1784 1682 con-

393 1691 498 1737 junxit
511 1719 520 1733 ,
547 1702 581 1724 ut
593 1704 698 1726 certos
716 1696 858 1741 corporis
868 1706 994 1736 motus,
1019 1706 1073 1728 aut
1090 1705 1178 1728 certa
1193 1695 1324 1742 vestigia
1341 1693 1466 1728 cerebri
1481 1694 1626 1740 quaedam
1644 1707 1782 1744 percepr.

393 1740 496 1772 tiones
512 1768 520 1781 ‚
537 1739 589 1773 vel
609 1741 687 1775 ideae
701 1743 957 1790 consequantur,
972 1755 1009 1777 ac
1025 1741 1162 1778 vicissim
1178 1757 1186 1779 :
1204 1755 1242 1777 ut
1257 1742 1310 1777 suo
1325 1742 1399 1777 loco
1416 1741 1508 1776 fufius
1527 1742 1746 1782 ostendemus.

424 1787 590 1822 Naturalis
605 1791 715 1838 iraque
727 1791 782 1826 illa
795 1794 956 1827 connexio
972 1790 1166 1840 potiffimum
1190 1791 1363 1826 intercedit
1378 1793 1464 1826 inter
1480 1803 1588 1826 rerum
1604 1798 1782 1842 corporeas

390 1849 461 1870 rum
473 1837 579 1879 ideas,
602 1844 736 1875 &certa
747 1840 883 1876 cerebro
897 1839 1043 1889 impreffa
1054 1842 1196 1890 vestigia.
1215 1844 1267 1875 Sic
1293 1840 1362 1875 viso
1381 1841 1504 1875 circulo
1519 1841 1633 1875 eadem
1652 1847 1685 1876 in
1705 1856 1781 1878 orn-

391 1885 485 1920 nibus
512 1886 699 1922 horninibus
716 1890 790 1924 idea
804 1891 913 1924 circuli
924 1892 1081 1925 excitatur
1093 1905 1102 1925 :
1114 1902 1170 1923 resa
1181 1890 1440 1922 autemmateriae
1450 1900 1595 1935 expertes
1609 1918 1620 1932 ,
1633 1888 1654 1922 fi
1671 1892 1780 1927 Deum

390 1940 425 1970 ἃ
448 1945 594 1969 mentem
608 1936 751 1971 nostram
776 1940 938 1983 exceperis
955 1964 964 1978 ,
982 1951 1048 1971 non
1065 1940 1110 1970 ita
1126 1936 1201 1970 sunt·
1214 1948 1287 1970 cum
1313 1935 1439 1970 cerebri
1461 1936 1599 1984 vestigiis
1622 1937 1641 1972 ἐι
1662 1950 1778 1975 natura

389 1983 550 2031 colligatae
561 2012 569 2026 ,
595 1995 628 2018 ut
643 1983 811 2020 necessaria
828 1984 863 2019 lit
873 1990 905 2022 &
914 1984 1065 2020 naturalis
1075 1987 1158 2020 inter
1167 1997 1220 2019 eas
1233 1987 1407 2020 connexio.
1432 1987 1520 2020 Hinc
1538 1984 1693 2022 abstracta
1706 1988 1779 2035 ple>-

389 2045 527 2079 rumquz·
537 2035 728 2081 cognitione
739 2062 748 2076 ,
759 2048 826 2071 non
836 2036 986 2069 intuitiva
999 2045 1068 2081 quae
1084 2033 1118 2068 fit
1134 2046 1191 2082 pet·
1203 2037 1366 2082 propriam
1375 2064 1385 2078 ‚
1405 2048 1471 2069 non
1483 2033 1624 2069 alienam
1637 2035 1776 2084 speciem

389 2094 642 2122 cernuntur,ncc
652 2081 721 2117 fere
735 2083 757 2119 {t
768 2083 864 2119 nobis
876 2084 1006 2131 concipi
1024 2081 1161 2131 possunt,
1171 2082 1225 2118 nili
1240 2096 1296 2131 per
1314 2096 1361 2118 res
1373 2095 1542 2132 corporeas
1563 2084 1776 2132 explicentur.

427 2133 515 2166 Hinc
532 2129 568 2164 fir
577 2159 586 2174 ,
597 2143 632 2165 ut
643 2144 691 2165 nia
694 2135 756 2180 jori
773 2132 929 2168 facilitate
941 2138 973 2169 &
984 2135 1166 2168 attentione
1177 2145 1227 2168 tes
1237 2146 1407 2180 corporeas
1421 2135 1504 2167 inter
1515 2132 1544 2166 se
1558 2134 1777 2181 conferamus,

392 2185 426 2215 &
438 2192 560 2214 mutuas
576 2193 748 2227 corporum
760 2181 967 2217 habitudines
981 2211 990 2225 ‚
1008 2193 1062 2217 aut
1079 2182 1250 2217 relationes
1269 2185 1379 2217 animo
1393 2182 1659 2228 complefhirnur,
1673 2184 1775 2231 quassrm

392 2227 566 2263 abstinctis
585 2234 617 2265 ὃ(
632 2229 728 2278 longe
744 2231 763 2266 ὲ
783 2230 919 2267 sensibus
937 2244 1077 2266 remotas
1092 2261 1101 2275 ‚
1130 2244 1264 2279 qumque
1275 2232 1362 2267 nulla
1375 2231 1443 2266 fere
1458 2231 1579 2266 habent
1591 2234 1624 2266 in
1638 2232 1775 2271 cerebro

394 2277 523 2314 vestigii
535 2306 543 2318 ,
562 2276 615 2311 nisi
634 2292 701 2324 quoe
719 2280 760 2315 ab
781 2281 949 2317 hominum
964 2281 1130 2316 voluntate
1143 2281 1310 2319 fluxerunt.
1343 2282 1442 2317 Unde
1467 2283 1692 2315 Geometricas
1714 2283 1774 2317 de..

394 2327 638 2363 monstrationes
649 2327 776 2367 facilius
788 2333 900 2369 animo
914 2332 1160 2379 complectimur
1167 2360 1178 2379 ‚
1198 2330 1297 2381 quiam
1308 2330 1546 2371 ArithmeticaS·
1559 2332 1591 2368 N
1596 2342 1649 2367 arn
1658 2329 1774 2382 figura..

1700 2393 1774 2422 Um!
