1857 2745
432 132 500 168 DE
537 129 1086 171 PRAEDICAMENTIS.
1425 153 1469 185 15¹

125 184 212 232 Resp,
226 179 311 226 Dist.
327 188 394 216 ant.
402 182 523 216 Eadem
536 180 652 216 relatio
669 180 748 215 duos
762 179 885 216 habere
900 182 1005 230 potest
1025 185 1180 218 terminos
1202 183 1421 231 inadaequatos
1439 194 1474 226 ὅ(

82 233 230 284 partiales
242 261 252 276 ,
271 232 311 267 C.
330 230 510 277 adaequatos
528 236 561 268 &
577 230 693 265 totales
704 259 713 273 ‚
729 233 775 266 N.
791 233 905 277 Itaque
917 244 997 266 unus
1019 233 1065 267 est
1083 233 1262 280 adaequatus
1282 234 1469 281 relationis,

80 296 149 332 quae
165 282 210 317 est
221 283 255 317 in
269 279 349 324 filio,
366 281 520 316 terminus
535 309 545 325 ,
566 291 656 328 pater
673 281 826 314 nimirum
841 285 874 316 ὃς
887 292 1000 318 mater.

112 332 191 377 Inst.
215 333 282 365 Res
299 329 438 378 speciem
462 343 529 366 non
554 328 657 365 habet
683 328 703 363 ὲ
721 341 755 364 re
770 327 915 378 oppofita
932 344 942 366 2
965 331 1029 366 Sed
1047 332 1201 367 terminus
1219 335 1393 380 opponitur
1415 346 1466 368 re-

77 380 301 428 lationi..Erg0
318 407 328 423 ,
344 383 409 416 δίε.

110 431 198 479 Resp·
213 428 297 474 Drst.
310 432 389 473 maj..
402 430 438 463 in
447 425 599 462 absolutis
613 455 622 469 ‚
647 426 686 462 C.
705 430 738 462 in
754 427 898 464 relativis
909 459 920 474 ‚
937 432 981 466 N.
1001 431 1131 466 Horum
1149 431 1236 464 enim
1248 441 1360 466 natura
1374 434 1404 467 in
1420 446 1461 468 eo

78 478 178 527 posita
192 478 238 512 est
249 506 261 521 ‚
283 488 321 512 ut
340 477 528 513 ordinentur
544 476 584 510 ad
600 476 671 512 alia.
696 479 771 512 Huc
779 477 861 512 adde
873 507 884 524 ,
903 479 993 527 quod
1014 477 1159 527 opposita
1176 478 1313 514 relativa
1332 493 1399 516 non
1414 481 1461 516 se-

77 526 110 563 se
130 527 295 562 destruunt
308 555 318 570 ‚
342 525 394 561 sed
411 528 518 575 potius
538 526 685 565 astruunt,

114 577 209 611 Circa
218 576 461 611 distinotionem
473 577 670 610 numericam
679 578 774 624 quaeri
786 575 887 621 solet,
903 588 944 612 an
958 575 1073 610 relatio
1091 577 1123 609 in
1137 576 1254 612 eodem
1273 577 1413 628 subjecto
1427 578 1463 614 fit

78 624 347 674 multiplexjuxta
359 626 569 659 terminorum
583 624 827 660 multitudinem
842 642 853 670 3
872 637 980 661 utrum
995 626 1028 660 in
1038 624 1155 660 eodem
1177 625 1310 664 homine
1334 639 1384 664 tot
1403 628 1462 665 {int

80 676 309 722 paternitates,
324 685 405 722 quot
423 672 526 710 habet
540 673 635 710 filios.
648 677 697 709 Sit
710 676 805 723 igitur

620 753 770 789 Secunda
794 756 824 788 C
823 754 965 802 onclufio.

112 820 561 870 Multiplicantur-relationes
577 826 669 869 juxta
683 833 855 857 numerum
873 825 1100 861 terminorum.

112 870 234 907 Prob.10
247 871 382 907 Relatio
394 872 496 921 specie
511 872 554 906 est
563 870 734 918 multiplex
750 875 842 919 juxta
859 874 1072 909 terminorum
1088 872 1266 922 specificam
1282 875 1462 911 distinetio-

70 932 155 957 ·nem
175 935 183 956 :
200 933 278 969 ergo
293 927 470 958 &numero
487 932 621 969 quoque
638 931 732 954 erunt
744 920 894 955 distinctae
912 921 1084 958 relationes
1100 952 1111 967 ,
1126 935 1198 959 cum
1213 924 1352 960 distineri
1366 934 1459 958 erunt

80 980 218 1005 termini.

126 1017 222 1054 Prob.
234 1026 269 1054 ιο
279 1021 313 1054 Si
326 1020 439 1054 eadem
451 1018 529 1054 esset
542 1023 716 1068 paternitas
729 1032 802 1065 quae
816 1020 856 1053 ad
868 1018 974 1067 plures
992 1018 1076 1053 filios
1088 1022 1282 1063 extenditur,
1296 1022 1360 1055 haec
1372 1022 1460 1069 prior

78 1063 155 1101 effer
164 1079 277 1102 natura
288 1073 323 1104 ὃς
332 1069 520 1116 cognitione
532 1096 542 1111 ,
558 1067 660 1114 quam
677 1066 801 1115 fingulae
810 1073 842 1103 &
857 1066 1009 1115 oppofitae
1029 1067 1212 1103 relationes:
1226 1069 1316 1116 quod
1329 1070 1371 1104 est
1381 1081 1460 1104 con-

81 1126 128 1150 tra
143 1127 291 1151 naturam
306 1116 480 1152 relatorum
492 1146 502 1161 ,
520 1128 589 1164 qut
607 1115 677 1150 sunt
691 1114 781 1150 simul
793 1127 904 1150 natura
922 1121 955 1152 &
965 1114 1172 1165 cognitione:

113 1165 201 1214 Opp.
213 1168 329 1203 10Una
340 1165 385 1200 est
397 1166 515 1201 relatio
529 1169 562 1200 in
572 1164 641 1200 filio
653 1194 663 1208 ,
682 1176 745 1212 qua
758 1164 895 1199 refertur
911 1166 951 1199 ad
963 1177 1086 1214 patrem
1105 1171 1138 1202 ὃς
1158 1178 1255 1201 avum
1280 1180 1288 1202 :
1311 1177 1389 1216 ergo
1405 1178 1460 1201 ea-

76 1213 153 1250 dem
167 1227 299 1262 quoque
311 1214 472 1250 relatione
486 1226 576 1264 pater
599 1214 640 1248 ad
655 1213 772 1249 multos
788 1212 871 1248 filios
887 1214 1001 1248 referri
1015 1214 1130 1263 potest.

115 1262 201 1309 Resp,
214 1264 384 1312 Qudquid
394 1263 431 1299 fit
439 1265 480 1299 de
490 1264 707 1299 antecedente
717 1292 726 1307 ‚
749 1276 834 1310 nego
853 1262 1130 1310 consequentiam.
1146 1266 1233 1300 Nam
1247 1276 1338 1313 pater
1348 1268 1382 1300 &
1391 1276 1459 1298 ma-

76 1322 126 1347 ter
137 1310 207 1348 sunt
219 1326 298 1349 unus
310 1316 468 1349 terminus
481 1315 665 1360 adaequatus
677 1318 710 1350 &
720 1312 826 1347 totalis
835 1312 978 1360 respectu
989 1312 1235 1362 filiationis‚quae
1246 1313 1348 1362 potest
1360 1315 1460 1347 etiam

78 1359 201 1396 habere
211 1362 336 1398 -multos
350 1365 503 1398 terminos
522 1361 578 1398 fibi
595 1360 828 1404 subordinatos,
844 1361 1021 1408 cujusmodi
1036 1361 1106 1397 sunt
1120 1375 1211 1411 pater
1228 1368 1260 1400 &
1282 1374 1370 1398 avus.
1463 1402 1465 1404 ¹

113 1411 198 1458 Opp-
215 1421 250 1447 20
258 1415 338 1449 Non
353 1410 477 1460 poffiint
489 1410 550 1448 effe
563 1413 597 1447 in
608 1412 726 1447 eodem
740 1409 885 1459 subjecto
896 1410 990 1461 plura
1003 1411 1182 1448 accidentia
1199 1424 1333 1448 nurnero
1349 1412 1461 1447 distin-

78 1460 143 1496 ἀει.
159 1462 242 1508 Ergo
256 1490 266 1504 ,
291 1466 353 1498 &c.

115 1507 205 1551 Resp.
222 1509 311 1551 Dist.
323 1520 423 1542 antec.
439 1509 533 1544 Plura
546 1508 723 1542 accidentia
738 1508 865 1555 physica
879 1536 889 1550 ,
907 1508 1065 1543 Transeat
1087 1522 1094 1542 ε
1112 1521 1187 1543 narn
1205 1511 1238 1543 in
1253 1509 1370 1543 eodem
1383 1520 1461 1542 ocu-

78 1553 132 1596 lo,
151 1557 186 1589 in
200 1556 317 1591 eodem
330 1559 430 1591 etiam
442 1555 616 1591 -iiitelledtu
627 1554 697 1589 sunt
714 1557 869 1603 imagines
884 1556 1061 1591 multorum
1074 1556 1245 1591 hominum
1256 1586 1265 1600 ‚
1288 1569 1356 1604 quae
1377 1559 1460 1591 ima-

79 1604 172 1650 gines
183 1614 238 1637 aut
252 1602 372 1652 species
390 1603 458 1639 solo
477 1616 613 1640 nurnero
635 1602 800 1639 differunt,
830 1604 895 1638 Sed
911 1616 1070 1652 utcunque
1088 1617 1126 1638 ea
1142 1617 1189 1640 res
1204 1605 1258 1649 fit,
1279 1617 1351 1640 eam
1376 1618 1462 1653 quee-

80 1651 219 1685 stionem
233 1664 301 1699 quae
313 1652 436 1699 longius
449 1666 507 1688 nos
522 1652 698 1687 abducerer
710 1681 719 1695 ‚
752 1665 819 1688 non
831 1654 1036 1702 ingredimur.
1057 1654 1150 1688 Plura
1162 1655 1342 1689 accidentia
1356 1666 1462 1689 meta-

79 1697 207 1747 physica
226 1713 295 1746 quae
311 1701 455 1736 distincta
473 1712 625 1736 exercent
646 1713 779 1736 munera
790 1729 799 1743 ‚
819 1716 886 1736 non
901 1698 1026 1750 poliunt
1039 1700 1100 1737 effe
1115 1704 1146 1737 in
1163 1704 1280 1738 eodem
1298 1702 1460 1752 subjecto,

78 1758 116 1783 ut
128 1747 256 1783 diversae
274 1749 446 1784 relationes
460 1763 595 1786 numero
611 1749 756 1793 diversae,
772 1752 816 1786 N.
826 1752 916 1786 >Cum
930 1753 1018 1785 enim
1035 1750 1148 1786 relatio
1162 1752 1326 1786 ordinetur
1343 1753 1384 1787 ad
1397 1764 1461 1787 tet..

80 1808 224 1842 minum,
235 1798 443 1847 multiplicari
458 1813 524 1836 uon
535 1798 661 1848 potsunt
675 1801 805 1834 termini
819 1828 829 1843 ‚
847 1802 928 1847 quin
943 1799 1173 1848 multiplicetur
1189 1800 1315 1837 relatio„

507 1881 878 1918 ARTICULUS
919 1883 987 1917 VI.

449 1963 667 2011 Proprietates
681 1961 859 1997 Relationis
874 1963 1088 2012 explicantur.

80 2043 269 2132 VArias
287 2044 451 2080 relationis
469 2045 684 2092 proprietates
703 2042 797 2079 affert
809 2043 1046 2093 Philosophus,
1064 2058 1200 2094 quarum
1219 2044 1381 2082 nonnulla:
1404 2056 1467 2080 nec

182 2097 293 2138 omni,
312 2106 371 2129 nec
386 2093 442 2128 soli
458 2091 814 2129 conveniuntrelationi
830 2108 838 2129 ε
853 2098 938 2140 cujus
955 2098 1080 2143 generis
1088 2096 1161 2130 >sunt

119 2145 227 2179 Prima
246 2148 280 2182 ἅτ
301 2142 434 2178 secunda
453 2143 649 2190 proprietas,
674 2142 765 2188 quod
793 2143 955 2178 interdum
972 2144 1086 2178 relatio
1111 2143 1232 2179 habeat
1249 2145 1465 2178 contrarium:

85 2202 120 2226 ut
135 2191 306 2227 similitudo
322 2192 367 2225 est
386 2193 546 2226 contraria
558 2189 800 2225 dissimilitudini
814 2209 823 2235 3
842 2192 996 2239 quodque
1013 2192 1158 2241 suscipiat
1170 2195 1270 2240 magis
1294 2194 1463 2228 &minus:

86 2250 162 2273 nam
178 2253 224 2274 res
237 2240 279 2274 est
294 2243 477 2289 autmagis‚
493 2252 548 2274 aut
561 2242 664 2274 minus
675 2239 768 2274 alteri
778 2239 895 2276 similis,
916 2245 1038 2277 Verum
1054 2242 1101 2276 hae
1118 2243 1276 2276 duntaxat
1292 2240 1464 2276 relationes

86 2286 159 2321 sunt
181 2287 429 2332 fibic01itrar³ae‚
451 2301 505 2323 aut
516 2288 680 2336 suscipiunt
690 2291 790 2336 magis
804 2295 837 2326 δε
847 2292 950 2324 minus
961 2319 969 2333 ‚
989 2302 1122 2336 quarum
1136 2290 1344 2325 fundamenta
1356 2295 1388 2326 &
1400 2301 1464 2324 ter-

88 2337 165 2371 mini
182 2340 437 2372 contrarietatem
457 2341 539 2373 inter
553 2337 582 2371 se
602 2349 774 2380 exercent,
804 2348 860 2373 aut
881 2338 1008 2374 intendi
1035 2340 1161 2387 polsunt
1180 2338 1234 2375 vel
1257 2340 1379 2374 remitti
1399 2353 1406 2374 :
1429 2350 1465 2373 ut

88 2396 158 2433 quae
175 2385 259 2423 inter
274 2385 440 2432 qualitates
458 2387 659 2424 intercedunt
682 2386 865 2425 relationes.
