1857 2745
466 112 818 151 TRACTATUS
857 110 1130 154 TERTIUS.
1450 127 1501 165 5⁶3

109 171 217 211 partes
226 159 440 205 *distribuatur
454 190 465 206 ,
480 175 542 198 nec
552 163 593 197 de
606 163 658 198 illa
667 175 719 199 tot
731 193 744 208 ,
758 175 812 200 aut
825 174 875 199 tot
888 176 994 214 partes
1004 165 1133 215 decerpi
1145 176 1285 213 queant,
1303 178 1376 202 cum
1389 178 1502 216 partes*

111 224 178 247 non
192 210 331 256 habeat,
354 215 472 248 utinec
482 211 773 249 Deiimmenfitas:
796 226 865 263 quae
873 216 985 264 utique
1000 213 1021 250 fi
1040 217 1152 251 animo
1167 215 1445 265 comprehendere
1459 217 1500 251 li..

103 272 200 297 -ceret
212 290 222 305 ,
242 263 290 298 vis
306 261 397 311 ipsius
424 263 526 298 animi
542 260 625 297 esset
641 261 783 299 infinita.

441 415 991 458 DISPUTATIO
1050 416 1121 456 II.

558 513 613 547 De
627 513 700 548 Deo
722 523 758 549 ut
773 513 883 564 prima
898 515 998 561 causti·

82 599 91 610 '
106 600 295 683 SEquitur
306 612 342 637 ut
356 602 397 639 de
411 604 485 639 Deo
497 613 532 638 ut
538 604 646 652 prima
662 604 810 639 omniurn
820 614 928 637 rerum
940 601 1032 637 causa
1040 602 1196 637 dicamus.
1216 600 1364 638 Primum
1380 602 1491 651 itaque

102 675 106 679 -
164 648 211 733 ded
218 660 259 695 eo
271 661 306 687 ut
318 652 476 689 Creatore
487 652 775 692 &conservatote‚
802 663 871 687 turn
883 652 926 686 de
948 651 1031 688 illius
1048 651 1201 688 concursu
1222 656 1257 688 δε
1277 654 1491 700 praemotione

106 709 190 745 agen
214 710 276 733 um.

570 749 928 797 QUAESTIO
964 749 991 784 1.

470 847 525 882 De
538 848 609 883 Deo
619 858 655 883 ut
666 851 818 883 Creatore
833 845 873 883 (ᾗ
884 849 1110 895 conftrvatore.

191 944 381 994 Uadruplex
395 948 471 982 Deo
485 956 521 981 ut
533 947 646 994 primae
663 950 697 982 δε
716 943 841 981 summae
855 958 961 982 rerum
977 946 1126 981 omnium
1143 944 1301 981 effectui-‚i
1314 944 1413 980 causae
1431 958 1486 981 ac-

99 948 241 1044 Qtio
258 993 426 1038 tribuitur,
443 997 564 1030 creatio
579 1006 651 1043 quae
669 992 764 1029 rebus
782 994 937 1030 omnibus
958 994 1159 1031 existentiam
1174 996 1320 1043 impertit
1331 1022 1340 1037 ‚
1359 993 1487 1030 conser-

98 1047 190 1077 vatio
201 1056 273 1090 quae
285 1044 332 1077 est
347 1043 437 1079 velut
447 1046 634 1079 continuata
643 1045 765 1078 creatio
774 1072 783 1087 ,
805 1044 973 1080 concursus
988 1073 998 1088 ‚
1017 1049 1051 1080 δε
1065 1045 1228 1080 interdum
1241 1044 1499 1088 determinatim

95 1103 169 1127 cum
180 1091 278 1126 rebus
288 1094 404 1127 creatis
419 1121 428 1136 ,
446 1104 503 1128 aut
515 1094 554 1127 ad
573 1093 732 1141 agendum
748 1090 779 1127 se
792 1094 1021 1128 accommodat
1033 1121 1043 1135 ‚
1059 1104 1115 1128 aut
1129 1105 1182 1128 eas
1196 1093 1402 1127 determinat.
1431 1096 1486 1130 De

94 1139 222 1190 singulis
239 1141 422 1189 agendum,
439 1154 476 1176 ac
491 1141 632 1189 primum
651 1141 692 1175 de
705 1143 870 1177 creatione
884 1147 919 1179 &
936 1141 1186 1178 conservatione
1204 1141 1404 1177 disseremus,

127 1191 264 1226 Creatio
275 1189 404 1226 definiri
418 1190 499 1226 solet
512 1191 674 1239 produilio
683 1192 729 1224 rei
745 1202 785 1224 ex
797 1191 897 1225 nihilo
918 1205 930 1224 .·
953 1189 1008 1224 vel
1023 1201 1058 1224 ut
1070 1190 1164 1238 loqui
1185 1189 1310 1233 solent,
1324 1190 1486 1237 producflz‘o

94 1251 136 1273 ex
147 1239 247 1273 nihilo
257 1242 311 1285 fiai
322 1267 331 1279 ,
347 1239 386 1275 (θ’
403 1253 442 1274 ex
456 1239 554 1274 nihilo
557 1238 701 1286 fiabjeefli.
718 1240 769 1273 Sic
777 1241 885 1274 anima
895 1239 1063 1274 rationalis
1073 1250 1198 1275 creatur
1209 1267 1219 1282 ‚
1237 1241 1310 1287 quia
1322 1237 1360 1273 fit
1376 1237 1397 1273 ὲ
1406 1242 1484 1275 Deo

93 1288 350 1336 independenter
363 1288 383 1325 ὲ
396 1287 541 1338 subJecto
556 1290 709 1324 :materia
720 1285 784 1335 ipsa
793 1299 902 1322 creata
916 1287 992 1331 fuit,
1005 1300 1078 1322 cum
1094 1301 1131 1323 ex
1149 1288 1241 1323 nullo
1263 1286 1408 1334 subjecto
1423 1287 1484 1323 fie-

94 1339 119 1371 ri
133 1339 295 1386 potuerit:
314 1338 360 1372 est
377 1341 466 1372 enirn
477 1340 615 1384 primum
627 1338 775 1370 omniurn
793 1336 986 1382 subjectum.
1003 1336 1093 1371 Cum
1111 1348 1221 1371 autem
1245 1334 1424 1384 subjedhim
1441 1337 1482 1371 ad

92 1385 222 1433 alicujus
258 1385 369 1421 formae
398 1385 647 1434 produ-&ionem
685 1381 845 1432 conspirat
859 1412 870 1428 ‚
906 1396 1104 1432 quocunque
1122 1385 1154 1419 id
1183 1384 1241 1421 fiat
1258 1383 1361 1420 modo
1376 1413 1387 1429 ,
1413 1397 1482 1421 tum

93 1434 202 1470 forma
217 1434 270 1469 illa
286 1436 433 1469 educitur
449 1462 458 1477 ,
479 1447 547 1469 non
558 1444 691 1469 creatur.

129 1484 268 1519 Certum
285 1484 329 1518 est
342 1486 540 1518 creationem
550 1482 590 1516 ad
604 1494 704 1516 unum
718 1485 826 1517 Deum
848 1483 1018 1530 pertinere.
1036 1483 1125 1518 Nam
1144 1493 1181 1517 ut
1196 1493 1246 1515 ars
1269 1480 1448 1531 subjeetum
1462 1483 1481 1519 ὲ

91 1544 206 1569 natura
219 1543 432 1581 praeparatum
450 1534 549 1580 exigit
560 1560 569 1574 ‚
593 1530 682 1578 quod
694 1529 813 1565 scilicet
828 1535 894 1578 jam
909 1533 1012 1566 existit
1027 1531 1229 1579 simpliciter,
1241 1543 1275 1565 ut
1288 1530 1422 1579 lapides,
1439 1544 1479 1566 eit

93 1580 208 1629 quibus
218 1582 332 1617 domus
347 1583 552 1629 componitur
567 1594 574 1616 :
587 1578 626 1614 sic
636 1590 746 1614 natura
760 1582 793 1614 in
806 1578 952 1627 subjeslto
963 1586 1032 1629 jam
1041 1581 1263 1627 praeexistente
1274 1608 1285 1623 ‚
1308 1591 1427 1628 nempe
1445 1583 1480 1617 in

93 1633 228 1666 materia
239 1642 409 1679 operatur:
424 1643 498 1665 cum
512 1642 550 1664 ex
560 1628 661 1664 nihilo
676 1628 797 1664 viribus
812 1639 930 1664 naturae
945 1629 1026 1665 nihil
1037 1628 1107 1664 fieri
1122 1629 1232 1678 possit·
1259 1630 1303 1664 At
1320 1631 1410 1664 Deus
1423 1631 1479 1676 qui

94 1691 239 1715 naturam
259 1680 354 1728 longe
375 1681 474 1728 magis
490 1678 632 1726 superat,
656 1677 755 1725 quitm
772 1689 884 1713 natura
900 1678 966 1726 ipsa
988 1690 1090 1713 artem
1104 1707 1114 1721 ,
1133 1690 1174 1713 ne
1187 1678 1323 1712 materia
1344 1679 1479 1723 quidem

93 1740 187 1777 eget,
211 1727 262 1763 sed
280 1741 320 1764 ex
334 1728 436 1763 nihilo
448 1729 562 1762 curiora
580 1738 732 1776 procreat.
746 1729 825 1775 Jarn
839 1730 990 1774 quaeritur
1008 1757 1018 1770 ‚
1037 1740 1078 1762 an
1099 1737 1238 1762 creatura
1257 1725 1321 1775 ipsa
1337 1728 1413 1761 Deo
1435 1729 1480 1761 ita

92 1778 227 1812 volente
241 1807 250 1821 ‚
274 1778 371 1812 aliam
381 1790 420 1812 ex
434 1777 537 1812 nihilo
550 1787 717 1824 procreare
728 1775 837 1824 possit.
863 1776 948 1823 Qae
967 1779 1079 1824 utique
1104 1774 1319 1812 controversia
1343 1785 1380 1810 ut
1402 1775 1477 1811 diri..

91 1837 198 1862 matur
209 1855 218 1870 ,
232 1827 438 1863 distinetione
448 1826 590 1874 quadam
609 1837 690 1874 opus
704 1825 841 1862 videtur.
860 1827 909 1860 Sit
926 1828 1037 1874 itaque

604 1924 719 1958 Prima
740 1922 901 1969 conclufio.

126 2024 283 2060 Creatura
291 2034 327 2059 ut
340 2022 547 2059 instrumento
561 2023 649 2058 Deus
668 2022 715 2057 uti
729 2020 837 2070 potest
856 2022 897 2057 ad
918 2019 1102 2057 creandum.

119 2071 226 2108 Proh.
236 2075 333 2108 concl.
347 2074 432 2108 exiis
447 2084 515 2119 quae
527 2072 662 2106 diximus
674 2072 714 2106 de
729 2072 875 2119 potentia
888 2070 1102 2108 obedientiali
1117 2070 1232 2117 cuique
1244 2071 1289 2104 rei
1304 2067 1477 2112 essentiali,

92 2133 154 2168 qua
167 2124 258 2156 Deus
269 2122 427 2171 utipotest
442 2122 481 2155 ad
493 2133 544 2156 eas
558 2123 703 2156 actiones
716 2120 901 2164 exerendas,
919 2132 991 2168 quae
1003 2121 1071 2154 vim
1094 2131 1225 2154 omnem
1248 2131 1367 2154 naturae
1388 2118 1477 2165 stipe.

93 2180 165 2203 rant
184 2182 237 2205 :ut
250 2183 333 2218 aqua
342 2170 495 2220 baptismi
517 2170 554 2204 ad
570 2171 708 2217 gratiam
723 2169 954 2204 conferendam
965 2199 974 2212 ‚
990 2181 1059 2215 quae
1073 2180 1108 2203 ut
1123 2166 1231 2203 multis
1241 2169 1370 2203 videtur
1382 2195 1391 2210 ‚
1408 2178 1476 2201 turn

93 2229 230 2259 creatur,
246 2232 319 2255 cum
333 2220 353 2256 ἒι
370 2223 447 2255 Deo
464 2216 652 2254 infunditur:
666 2230 726 2252 nec
744 2217 809 2252 ulla
825 2220 1036 2266 repugnantia
1050 2217 1155 2252 afferri
1171 2218 1279 2264 potest
1292 2247 1302 2261 ,
1322 2229 1391 2264 quae
1410 2215 1473 2251 ob-

93 2267 152 2302 stet
162 2269 336 2313 quominus
345 2272 435 2304 Deus
448 2268 573 2317 Angelo
586 2269 633 2302 uti
646 2265 743 2314 possit
756 2295 765 2309 ‚
782 2278 817 2301 ut
827 2267 927 2301 alium
941 2266 1100 2314 Angelum
1110 2277 1270 2314 procreet.

124 2316 227 2358 Qod
245 2319 331 2351 enim
342 2320 372 2352 S.
384 2318 508 2363 August.
519 2322 552 2353 ἃ
566 2316 618 2350 alii
635 2318 697 2350 PP.
709 2327 829 2363 negant
842 2316 883 2350 ab
903 2315 1032 2364 Angelis
1046 2314 1145 2349 ullam
1154 2317 1289 2350 omnino
1302 2316 1400 2349 creari
1414 2325 1475 2349 na-

95 2376 197 2400 turam
210 2394 220 2408 ,
240 2366 272 2400 id
290 2378 402 2405 rerum
416 2366 456 2400 est
469 2394 478 2410 ‚
502 2364 667 2413 Angelum
681 2367 811 2414 propria
833 2367 867 2400 vi
887 2366 918 2400 id
936 2378 1001 2400 non
1012 2363 1115 2413 posse,
1131 2376 1190 2400 nec
1202 2363 1287 2400 forte
1299 2375 1335 2399 ut
1347 2361 1474 2398 causam
