1857 2745
531 111 574 151 M
590 113 627 151 0
639 111 673 150 R
686 112 715 151 A
728 111 755 150 Ι.
767 108 831 152 1¹9.
910 143 916 145 >
981 110 985 111 ⁷
1361 126 1380 156 6

27 169 245 215 reliquerunt,
263 164 329 211 ’φα
343 163 417 200 illos
426 162 536 200 docere
546 173 678 212 poterat
691 163 777 197 Deos
791 162 908 198 mulsos
918 158 972 211 ff
993 174 1055 199 non
1068 160 1149 211 poffie
1166 180 1178 200 s
1197 175 1257 199 aut
1268 131 1404 210 ffiaedgnz

15 217 178 265 snpientia
193 214 268 260 ,sed
279 214 350 249 ideo
361 213 466 261 fizlſse,
490 215 570 258 quia
587 212 773 261 religionem
782 214 901 259 ficmms'
919 214 989 247 Dei
1005 214 1194 260 omiserunt,
1211 218 1269 261 qui
1283 227 1331 250 eos
1351 216 1397 251 ad

13 264 101 299 'veri
109 264 276 310 seientiam
288 266 392 312 potuit
414 262 548 298 erudire.

63 314 179 359 Qare
193 314 225 347 in
234 323 312 347 vera
324 310 481 360 religione
492 340 503 354 ,
524 312 570 346 ait
583 309 670 345 idem
686 308 833 355 Author,
849 310 1027 357 iidemfhnt
1039 311 1194 346 DoHores
1209 312 1394 360 fhpientiae,

20 363 86 409 „qui
95 361 133 396 ὠ·
142 361 210 396 Dei
221 359 405 395 Sacerdotes
416 375 426 394 :
435 362 511 406 quia
521 358 732 406 ibisitpienn‘a
740 372 808 393 cum
820 361 973 409 religione
990 361 1192 409 conjungitur
1206 388 1218 403 ,
1240 360 1295 396 ubi
1307 364 1395 398 Deus

24 410 142 445 colitur
153 422 242 444 unus.
259 408 352 456 Apud
361 408 511 445 Ethnicos
523 406 729 455 Philosophia
745 413 780 445 δι
789 407 904 457 religio
923 409 1091 456 disjunfihae
1105 420 1209 444 erant.
1230 410 1398 456 Siquidem

19 459 88 493 alii
103 459 201 504 fitne,
219 459 347 504 inquit,
365 457 541 506 profiffbres
553 458 718 505 firpientiae
734 485 744 497 ‚
766 468 826 506 per
837 470 914 504 quos
930 460 1040 503 utique
1057 458 1102 491 ad
1120 459 1208 491 Deos
1238 471 1298 493 non
1321 459 1399 494 adi-

21 517 104 550 .tur;
124 507 184 540 alii
203 507 365 555 religionis
379 507 538 551 antistites
551 534 560 545 ,
579 516 636 554 per
650 519 728 552 quos
737 507 851 555 sapere
863 519 922 541 non
935 504 1079 552 discitur.
1103 508 1159 540 Ex
1179 518 1239 552 quo
1262 518 1400 557 apparet-

11 567 89 594 ,κισ
99 555 191 589 illam
207 556 260 601 effe
276 567 389 589 veram
394 556 589 603 fhpientiarn
599 582 609 598 ,
629 567 686 588 nec
694 554 777 590 hanc
786 555 979 603 religionem.

59 605 118 639 ‘Sic
135 615 245 638 tamen
258 603 370 652 religio
383 601 587 652 sapientiam,
604 614 660 638 aut
668 615 780 638 veram
797 601 1046 652 philosophandi
1058 604 1222 640 rationem
1243 604 1399 649 adhibet,

27 663 66 688 ut
79 652 144 688 haec
159 651 364 699 subsequatur
375 682 385 696 ‚
405 663 611 701 nonxpraeeat.
636 654 726 688 Nam
740 655 765 686 is
777 652 941 700 perversus
959 653 1006 687 est
1027 651 1240 701 Philosophiae
1255 656 1288 689 in
1304 653 1401 689 rebus

22 700 117 737 sacris
131 699 220 744 usus,
242 700 318 736 cum
332 700 395 735 sola
414 702 569 736 credendi
586 703 668 736 ratio
682 703 715 736 in
744 702 885 737 humana
904 701 1058 750 sapientia
1083 703 1295 738 constituitur.
1323 705 1417 739 Haec

26 748 183 797 sapientia
193 750 326 784 carnalis
337 750 529 786 &animalis
546 749 588 784 ab
606 748 763 797 Apostolo
779 752 940 786 vocitatur
959 765 967 786 :
984 763 1059 785 cum
1070 749 1190 786 scilicet
1206 752 1286 787 nulli
1301 749 1404 787 assen-

28 799 81 834 tiri
92 800 257 833 autoritati
268 797 349 833 libet
360 827 369 841 ‚
381 796 436 833 nifi
444 799 584 835 humana
595 800 721 833 tatione
733 802 851 847 capi&
864 798 996 848 probari
1009 798 1104 847 poffit
1119 814 1127 835 :
1145 802 1185 833 In
1195 801 1317 834 homine
1333 813 1405 835 car-

26 848 116 893 nali,
130 848 237 894 inquit
248 848 436 895 Augustinus
459 847 550 882 serm·
573 859 640 893 147·
655 847 695 881 de
714 849 882 898 Tempore
897 877 907 892 ‚
924 859 993 882 tota
1012 849 1124 895 regula
1142 849 1344 897 intelligendi
1363 849 1405 895 est

26 895 212 942 eonficetudo
226 895 374 932 cernendi
390 910 401 929 .·
419 896 512 945 Qod
520 897 624 944 Jblenc
639 895 753 931 videre
772 923 783 940 ‚
808 895 942 933 credunt
959 912 967 932 ς
999 895 1086 945 quod
1105 910 1164 932 non
1179 899 1282 944 fialent
1304 925 1313 937 ,
1343 911 1405 934 non

24 945 171 981 credunt.

63 993 197 1041 Religio
207 1004 315 1030 autem
333 993 366 1028 id
379 989 552 1042 praescr'ibit
562 1023 572 1037 ,
591 1004 628 1029 ut
641 994 691 1028 vir
700 992 823 1030 doffiffi
839 993 954 1030 diserte
973 993 1116 1042 pluribus
1129 995 1277 1043 explicat,
1289 1007 1325 1031 ut
1336 1008 1406 1031 cto-

27 1041 204 1077 dendarum
222 1055 330 1077 rerum
342 1045 502 1078 rationem
514 1042 626 1078 fideles
640 1055 706 1077 non
716 1042 758 1076 ab
772 1042 993 1090 intelligentiae
1009 1043 1079 1077 luce
1091 1055 1240 1091 repetant
1255 1074 1263 1087 ,
1288 1057 1348 1079 nec
1356 1057 1406 1079 ar-

51 1102 259 1126 umentorum
273 1090 468 1134 subtilitate,
493 1102 547 1126 aut
565 1090 874 1125 demonstrationum
891 1090 1077 1126 neceffitate
1095 1105 1287 1127 moveantur
1306 1094 1347 1127 ad
1360 1093 1407 1127 as.

42 1139 151 1174 ensum
165 1153 172 1174 :
187 1138 238 1174 sed
247 1139 444 1175 authoritate
463 1139 530 1175 sola
544 1139 738 1176 testificantis
755 1141 842 1175 Dei:
864 1152 934 1186 quae
948 1140 1080 1187 quidem
1098 1141 1224 1176 idoneis
1240 1142 1280 1175 ad
1304 1141 1349 1176 sui
1371 1141 1410 1176 fi-

28 1188 276 1237 gnificationem
293 1190 377 1224 notis
390 1217 400 1231 ‚
421 1201 458 1224 ac
473 1189 678 1236 documentis
694 1187 846 1224 illuxerit.
867 1191 954 1224 Tum
972 1201 1013 1224 ex
1040 1188 1203 1236 frequenti
1218 1190 1412 1227 creditarum

29 1249 136 1272 rerum
144 1238 356 1272 meditatione
369 1239 607 1273 affirmatione
620 1237 723 1272 existit
736 1237 791 1271 illa
798 1239 946 1286 cognitio
956 1266 966 1280 ,
984 1251 1054 1286 quse
1068 1236 1165 1274 robur
1173 1252 1210 1274 ac
1222 1239 1412 1276 firmitatem

30 1286 120 1331 addit
131 1285 272 1330 fidei,.&
280 1287 320 1321 ad
333 1298 406 1321 eam
418 1287 570 1322 tuendam
580 1315 592 1331 ‚
610 1284 897 1335 illustrandamque
910 1286 1021 1324 lumen
1031 1290 1153 1337 ingenii
1172 1295 1206 1328 ὃς
1223 1289 1413 1337 adjumenta

33 1333 220 1383 suppeditat.

65 1386 142 1419 Hoc
157 1396 236 1432 ergo
245 1383 358 1419 ordine
374 1397 423 1419 res
443 1387 564 1432 agitur,
586 1397 622 1421 ut
648 1383 727 1420 fides
746 1385 934 1429 antecedat,
955 1385 1232 1433 quemadmodum
1247 1385 1415 1423 scientiam

31 1433 181 1482 praecedit
195 1434 339 1480 cognitio
351 1435 592 1481 principiorum.
615 1437 738 1466 Bonum
750 1435 829 1466 enim
838 1433 896 1478 est,
915 1437 1022 1481 inquit
1035 1432 1220 1470 Ambrosius
1231 1463 1240 1477 ‚
1263 1447 1299 1469 ut
1318 1439 1417 1470 ratio-

34 1494 104 1515 nem
112 1483 285 1530 praeveniat
297 1480 403 1526 fides:
417 1495 456 1515 ne
475 1492 628 1528 tanquam
638 1480 678 1515 ab
691 1480 832 1524 homine,
854 1484 902 1515 ita
919 1481 938 1515 ιὶ
951 1484 1089 1517 Domino
1105 1483 1174 1516 Deo
1194 1484 1348 1518 rationem
1360 1487 1416 1518 vi-

33 1528 166 1563 deamur
175 1532 313 1578 exigere3
331 1532 446 1563 etenim
462 1529 560 1575 qnbm
572 1530 738 1578 indignum
760 1528 800 1572 esi
815 1541 851 1563 ut
864 1529 1010 1565 humanis
1023 1530 1206 1575 testimoniis
1221 1531 1260 1564 de
1270 1533 1334 1565 alio
1352 1545 1418 1566 cre-

32 1578 147 1612 damus
157 1606 166 1621 ‚
181 1580 249 1612 Dei
260 1579 391 1611 oraculis
404 1578 442 1612 de
450 1580 485 1622 se
496 1592 554 1611 non
572 1580 750 1613 credamus.
764 1578 973 1627 Qiaproptet
988 1578 1139 1628 generale
1148 1581 1344 1627 principium
1358 1592 1418 1615 ve-

33 1639 74 1661 τε
92 1626 256 1675 religionis
271 1626 314 1660 est
328 1625 416 1662 fides,
430 1629 521 1662 Nam
530 1639 566 1662 ut
578 1627 711 1675 pulchre
733 1626 877 1662 Hilarius
889 1655 898 1670 ‚
918 1627 938 1661 ὰ
957 1630 1028 1661 Deo
1052 1627 1231 1672 discendum
1251 1628 1307 1672 est,
1345 1629 1424 1675 quid

34 1675 74 1710 de
87 1676 156 1708 Deo
173 1675 417 1722 intelligendum
427 1675 469 1719 fit
483 1689 490 1710 t
502 1679 579 1721 quia
590 1676 757 1721 nonnifise
765 1686 875 1709 autore
887 1678 1087 1725 cognoscitu&
1107 1677 1196 1710 Hinc
1221 1677 1302 1724 Aug.
1322 1678 1415 1726 Epist.

35 1724 76 1759 ad
100 1721 311 1759 Volusianum
330 1751 339 1767 ,
373 1725 574 1759 Anfloritatl
593 1724 719 1759 credere
734 1736 885 1773 magnum
913 1723 1129 1775 compendium
1154 1723 1195 1770 est
1210 1751 1219 1762 .
1249 1725 1287 1760 &⁴
1310 1727 1418 1760 nullus

37 1771 138 1808 labor.

70 1824 146 1856 Hoc
162 1820 293 1865 quidem
307 1820 378 1856 loco
390 1834 453 1856 non
473 1820 632 1867 possumus
644 1822 683 1855 dc
695 1822 880 1858 Christianae
890 1821 1055 1870 religionis
1072 1824 1210 1857 veritate
1222 1850 1232 1864 ,
1249 1833 1284 1857 ut
1305 1834 1360 1870 par
1372 1821 1419 1856 es.

36 1869 82 1905 set
99 1899 109 1913 ,
128 1869 293 1905 diss'ei-ere:
311 1870 362 1904 sed
382 1882 456 1905 cum
470 1870 607 1904 Moralis
633 1871 845 1920 Philosophiae
869 1871 990 1906 summa
1015 1871 1173 1918 religione
1193 1873 1396 1905 contineatur
1410 1899 1420 1914 ,

4 1917 113 1953 villud
125 1929 233 1965 neque
244 1917 285 1952 ab
308 1918 453 1954 instituto
465 1930 564 1966 opere
581 1946 590 1961 ‚
608 1931 713 1966 neque
731 1919 751 1955 a
769 1919 906 1969 persona
915 1919 1022 1954 nostra
1037 1920 1177 1955 alienum
1190 1918 1333 1954 futurum
1353 1919 1400 1953 est
1410 1947 1421 1963 ,

37 1965 58 2002 si
73 1966 172 2014 paulo
189 1966 319 2001 uberius
335 1968 537 2002 ostendamus
549 1968 768 2003 Christianam
791 1968 985 2016 religionem
1002 1980 1101 2003 unam
1120 1966 1181 2003 effe
1205 1980 1244 2003 ex
1266 1966 1421 2003 omnibus

37 2028 110 2063 quae
123 2028 196 2050 curn
213 2017 301 2051 resta
311 2018 437 2050 ratione
452 2045 462 2060 ,
482 2021 516 2052 δε
531 2018 608 2051 vera
627 2015 779 2064 sapientia
794 2017 984 2053 consentiat.
1018 2019 1131 2064 Qare
1149 2018 1185 2050 iis
1207 2016 1330 2052 omissis
1352 2029 1422 2063 quae

38 2064 78 2098 ad
88 2064 306 2111 Theologiam
320 2067 420 2112 magis
433 2094 442 2107 ‚
470 2064 571 2110 quam
587 2065 626 2098 ad
646 2065 887 2114 Philosophiam
900 2067 1065 2113 pertinent
1081 2095 1092 2109 ,
1119 2077 1157 2099 ea
1173 2066 1329 2100 duntaxat
1348 2078 1421 2112 quae

37 2115 130 2147 restae
141 2115 260 2147 rationi
274 2126 340 2148 non
358 2114 544 2162 praejudiciis
556 2142 564 2155 ‚
587 2125 642 2147 aut
656 2118 760 2161 pravis
772 2114 944 2151 asteffibus
961 2114 1141 2162 depravatae
1157 2113 1243 2161 quasi
1259 2114 1311 2149 sua
1326 2113 1422 2161 spon-

44 2171 77 2196 te
91 2172 260 2196 occurrunt
273 2191 281 2204 ,
301 2162 445 2196 breviter
462 2164 673 2207 attingemus,
690 2165 725 2197 Id
739 2166 854 2212 utique
868 2166 918 2198 vir
932 2163 1099 2198 excellenti
1114 2165 1244 2211 ingenio
1256 2168 1289 2200 δε
1300 2163 1422 2198 dorffli-

43 2209 84 2244 na
94 2220 238 2244 accurate
249 2210 534 2246 demonstrandum
545 2208 676 2258 siistepit
689 2214 721 2247 in
735 2225 833 2261 opere
848 2224 950 2260 nuper
962 2212 1050 2246 edito
1065 2226 1071 2247 :
1093 2223 1130 2246 ex
1141 2224 1180 2246 eo
1197 2214 1308 2259 itaque
1326 2224 1423 2261 opere

42 2268 202 2305 perpauca
218 2258 360 2292 delibare
383 2261 414 2293 in
432 2261 541 2293 animo
557 2259 612 2294 est.

37 2303 41 2306 ’
92 2306 138 2339 Ac
151 2304 256 2351 primo
276 2318 311 2340 ut
323 2319 392 2341 rem
410 2320 543 2342 ornnem
557 2306 598 2341 ab
618 2309 684 2356 ipso
702 2309 796 2345 fonte
810 2321 989 2358 repetamus
1001 2338 1009 2352 ,
1026 2308 1101 2344 illud
1116 2311 1263 2357 principii
1276 2308 1350 2343 loco
1364 2309 1424 2343 sta-

45 2353 223 2397 tuendum,
244 2366 314 2390 non
331 2354 401 2390 satis
419 2355 479 2392 esse
493 2358 526 2391 in
542 2356 682 2394 humana
698 2361 823 2394 ratione
841 2357 977 2408 praesidii
990 2359 1094 2393 autad
1114 2358 1198 2395 bene
1220 2358 1364 2406 justeque
1376 2360 1425 2394 vi-

1432 1000 1541 1025 Pemviu·

1423 1036 1448 1057 in
1460 1034 1539 1056 Prole-

1427 1072 1542 1097 gomemr

1426 1100 1508 1131 dogm.

1451 2165 1482 2202 Q.
1507 2165 1559 2193 Dy-

1439 2203 1499 2221 1015.
