1857 2745
342 164 401 203 630
783 156 1255 192 METAPHYS·1CAE

341 209 532 252 vidipraeter
547 207 690 239 animum
705 217 807 239 meum
821 220 829 240 ς
850 204 888 240 &⁶
904 208 937 239 in
954 207 1104 238 memoria
1118 204 1305 242 ἱντεανιάίοἰί,
1322 215 1384 238 non
1417 208 1571 254 imagines
1599 220 1729 255 earum‚·

333 255 392 300 fi’d
407 257 499 298 lpstzs.
512 257 543 287 V
545 266 634 288 erum
645 253 702 287 ist'a
713 252 782 288 sunt
791 253 922 289 alterius
934 254 997 289 loci
1011 268 1018 290 ε
1034 266 1072 289 ex
1087 252 1204 302 quibus
1220 264 1332 289 tamen
1341 252 1475 289 efficitur
1486 255 1585 291 multa
1595 256 1616 292 ὲ.
1629 259 1725 294 nobis

337 304 459 350 percipi
473 315 543 350 quae
558 316 625 337 non
635 303 704 337 sunt
720 314 886 351 corporea.

375 351 517 395 Instant,
529 357 562 388 &
575 363 733 398 quaerunt,
750 353 784 387 in
797 364 863 400 qua
880 351 991 387 bestiae
1012 350 1141 400 alicujus
1159 364 1250 400 parte
1267 354 1328 386 erit
1346 364 1520 388 commune
1541 353 1728 399 sensorium‚'

337 399 357 434 si
375 401 450 448 quid
469 413 505 434 ea
517 403 672 449 percipit?
688 403 839 447 Cumque
852 401 985 443 insedhz,
1003 412 1040 435 ut
1058 412 1187 435 vermes
1199 401 1275 443 ,ubi
1288 403 1320 435 in
1336 412 1441 448 partes
1460 402 1669 447 dividuntur,
1688 411 1724 442 &

337 448 474 485 sentiant
485 455 518 485 δε
536 461 728 484 moveantur
742 477 752 492 ,
767 451 799 483 in
811 462 874 496 qua
883 461 973 498 parre
981 452 1126 497 corporis
1139 452 1227 497 viget
1236 449 1367 485 facultas
1381 449 1436 485 illa
1449 463 1521 499 quae
1539 450 1722 501 sentit,quae

336 501 475 547 percipit
486 528 494 540 ¹,
512 511 581 545 quae
594 500 786 546 principium
809 498 854 532 est
871 510 979 533 motus
990 503 1023 534 &c
1037 497 1149 532 sensus.
1722 516 1726 519 ·

378 549 466 595 Κεφ.
488 547 550 581 hoc
575 547 657 583 nihil
674 545 784 582 obeffe
806 550 986 596 cognitioni
1008 547 1198 590 brutorum,
1215 546 1340 583 tametsi
1357 551 1466 583 omnia
1487 561 1558 596 quae
1571 550 1612 583 ad
1628 549 1721 587 illam

335 599 517 646 pertinent,
531 596 626 631 facile
636 596 787 644 explicari
811 610 876 632 non
893 596 1020 646 poffint.
1043 594 1172 631 Infinita
1194 608 1296 645 prope
1323 596 1436 632 suntin
1455 609 1559 632 rerum
1581 610 1717 642 natura,

334 659 403 693 quae
413 647 543 679 existere
554 659 618 681 non
631 645 813 680 dubitamus
833 674 843 689 ‚
855 645 930 681 licet
939 659 1005 693 quo
1016 658 1052 680 ea
1074 644 1152 680 fiant
1165 646 1266 680 modo
1278 675 1287 689 ,
1307 646 1467 694 explicare
1482 644 1719 684 difficillimum

333 695 380 732 fit.
396 698 447 730 De
460 693 584 729 inseetis
596 694 675 729 nihil
685 693 809 729 necesse
820 695 862 728 est
874 696 936 730 hoc
950 696 1023 730 loco
1035 693 1126 743 plura
1147 696 1266 730 dicere.
1300 697 1336 729 In
1347 694 1506 744 plerisque
1518 707 1574 730 aut
1593 696 1718 733 nullum

334 745 378 778 est
392 773 402 787 ‚
418 754 474 777 aut
491 746 643 791 exiguum
658 741 825 777 cerebrum
841 757 848 778 :
865 744 918 778 sed
939 743 1083 779 medulla
1101 742 1227 791 spinalis
1247 746 1281 779 in
1305 746 1343 777 iis
1358 742 1487 792 copiosa
1505 746 1664 779 cernitur:
1682 751 1720 782 δε

333 804 416 840 quot
427 790 495 827 sunt
513 792 657 835 annulli,
679 803 729 826 tot
751 792 901 827 videntur
914 792 1163 840 quodammodo
1180 791 1241 827 eise
1255 792 1453 828 animalcula.
1485 794 1634 828 Sentiunt
1645 796 1719 842 quiz

333 843 407 876 dem
423 847 457 879 δέ
472 853 646 877 moventur
658 869 667 885 ‚
683 840 736 875 sed
748 842 1002 890 imaginatione,
1024 853 1078 878 aut
1087 843 1252 878 communi
1263 841 1351 877 sensu
1364 853 1448 891 pene
1464 841 1687 878 destituuntur.

812 942 1124 988 QUAEsmo
1156 943 1221 976 v1.

675 1042 801 1075 Utrum
821 1038 926 1074 belluae
943 1039 1056 1086 aliqua
1070 1040 1195 1074 ratione
1217 1038 1384 1074 donentur.

331 1135 484 1220 NOn
497 1133 609 1170 desunt
619 1136 804 1185 Philosophi
813 1138 867 1185 qui
884 1135 986 1170 brutis
1005 1135 1166 1171 rationem
1188 1135 1263 1171 licet
1280 1135 1507 1183 imperfectam
1518 1134 1712 1182 largiantur,

427 1182 551 1218 tametsi
563 1196 599 1217 ea
611 1187 695 1218 circa
708 1198 756 1219 res
769 1185 937 1233 singulares
954 1191 986 1221 &
1002 1197 1170 1232 corporeas
1189 1196 1316 1219 tantum
1340 1184 1490 1219 versatur.
1516 1185 1624 1230 Atque
1640 1184 1711 1219 haec

328 1235 439 1280 opinio
451 1232 548 1278 longe
559 1231 760 1279 probabilior
780 1234 929 1275 videtur,
951 1245 1047 1279 quam
1061 1232 1197 1267 Cartefii
1211 1233 1385 1275 sententia,
1404 1245 1474 1280 quae
1497 1244 1628 1266 omnem
1651 1232 1712 1267 be-

331 1282 396 1316 stiis
409 1279 527 1315 sensum
539 1283 826 1328 &perceptionem
851 1282 973 1315 adimit.
995 1283 1082 1317 Nam
1098 1281 1163 1328 ipsa
1177 1293 1295 1316 naturae
1307 1294 1409 1323 voce,
1439 1284 1489 1315 cui
1515 1279 1616 1315 obsisti
1641 1294 1710 1316 non

328 1330 452 1377 potest,
472 1331 636 1363 communi
654 1328 917 1372 omnium'sensu,
943 1334 977 1365 &
996 1331 1041 1362 rei
1062 1330 1226 1363 evidentia
1244 1333 1378 1364 omnino
1405 1330 1568 1364 refellitur.
1587 1331 1710 1376 Neque

327 1381 371 1414 ita
388 1377 487 1413 facile
498 1377 541 1410 est
559 1388 614 1410 eos
634 1380 828 1412 convincere
846 1380 899 1424 qui
919 1377 1072 1425 judicium
1091 1377 1256 1424 quoddam
1273 1406 1283 1420 ,
1306 1382 1339 1413 &
1363 1380 1568 1413 ratiocinium
1591 1376 1708 1412 belluis

327 1428 520 1463 concedunt.
535 1425 644 1461 Nobis
660 1438 808 1462 extremae
826 1429 996 1475 opiniones
1006 1427 1168 1474 fugiendae
1193 1426 1341 1462 videntur
1360 1440 1368 1461 :
1387 1429 1436 1462 Sit

895 1526 1004 1559 vnica
1028 1527 1055 1558 C
1057 1524 1201 1570 onclnfio.

360 1623 462 1659 Nulla
481 1625 527 1659 est
547 1627 578 1659 in
594 1623 704 1660 bestiis
723 1626 807 1658 ratio
826 1624 955 1671 proprie
966 1622 1063 1659 dicta.

372 1671 532 1707 Probatur
545 1676 573 1706 C
573 1675 650 1710 ancl.
660 1687 683 1708 1.
694 1675 812 1708 Omnis
821 1673 1028 1707 ratiocinatio
1040 1673 1083 1707 est
1091 1684 1164 1707 curn
1174 1671 1524 1720 reflexioneconjundla
1539 1686 1547 1708 :
1559 1673 1605 1707 est
1616 1675 1704 1708 enim

326 1721 425 1756 illatio
439 1724 530 1756 unius
547 1724 744 1771 cognitionis
755 1734 794 1756 ex
809 1722 881 1757 alia.
907 1721 997 1755 Nam
1009 1723 1041 1755 in
1056 1724 1146 1756 omni
1163 1724 1289 1756 ratione
1306 1720 1502 1769 consequens
1516 1735 1588 1757 cum
1609 1734 1703 1758 ante·

323 1772 458 1805 cedente
475 1783 677 1820 comparatur
693 1784 701 1806 :
727 1773 794 1805 imo
805 1771 950 1818 cognitio
958 1771 1179 1805 antecedentis
1190 1770 1329 1804 conferri
1345 1769 1446 1804 debet
1457 1782 1531 1805 cum
1543 1773 1704 1819 cognitio-

323 1832 363 1854 ne
380 1818 614 1867 consequentis.
640 1820 743 1867 Qod
758 1818 825 1855 fieri
844 1832 909 1853 non
920 1817 1026 1866 potest
1040 1818 1102 1854 fine
1113 1821 1303 1868 cognitione
1313 1819 1429 1855 reflexa
1440 1849 1450 1863 ,
1472 1819 1573 1867 qualis
1585 1823 1616 1855 in
1630 1818 1702 1855 bel-

325 1868 385 1902 luis
402 1868 488 1902 nulla
509 1867 568 1904 effe
588 1870 702 1917 potest.
1671 1880 1675 1883 *

359 1919 451 1965 Qiin
470 1920 568 1953 etiarn
582 1917 668 1952 nulla
679 1917 883 1952 ratiocinatio
905 1917 1010 1953 afferri
1037 1918 1139 1965 potest
1156 1947 1164 1960 ‚
1201 1930 1272 1965 quae
1295 1914 1507 1952 universalem
1526 1920 1571 1951 rei
1591 1927 1700 1964 perce-

322 1969 470 2012 ptionem
480 1967 725 2013 quodammodo
743 1978 808 2000 non
827 1966 970 2002 includat
982 1995 992 2010 ,
1014 1978 1071 2001 aut
1086 1966 1311 2015 praesupponat
1326 1981 1333 2001 :
1353 1965 1405 2000 sed
1415 1966 1500 2001 nulla
1514 1966 1561 2000 est
1583 1967 1616 1999 in
1642 1962 1700 1998 be-

323 2017 384 2050 stiis
401 2015 516 2050 reflexa
529 2018 674 2064 cognitio
687 2045 698 2060 ,
717 2014 804 2051 nulla
814 2015 997 2050 universalis
1011 2017 1187 2063 perceptio.
1201 2019 1285 2063 Ergo
1297 2027 1405 2061 neque
1424 2017 1457 2050 in
1477 2016 1514 2048 iis
1533 2014 1576 2048 est
1594 2012 1697 2048 ullum

320 2066 548 2099 ratiocinium:
576 2064 749 2112 praesertim
768 2076 839 2099 cum
863 2077 924 2099 nec
942 2066 1112 2099 veritatem
1137 2067 1201 2107 rei,
1223 2076 1282 2099 nec
1303 2063 1473 2099 falsitatem
1497 2064 1694 2110 percipiant:

320 2115 388 2148 imo
400 2125 459 2148 nec
476 2111 642 2148 affirment
666 2125 722 2149 aut
736 2124 872 2160 negent,
893 2112 979 2148 nulla
993 2115 1115 2161 quippe
1130 2115 1239 2161 imago
1259 2124 1413 2160 corporea
1439 2110 1516 2145 illud
1539 2109 1693 2146 exhibere

319 2161 424 2210 potest
438 2190 447 2204 ‚
467 2162 555 2209 quod
570 2161 763 2198 affirmando
777 2191 787 2204 ,
802 2173 855 2197 aut
866 2162 1017 2210 negando
1036 2161 1257 2210 intelligimus
1276 2165 1358 2209 Ergo
1383 2162 1415 2194 in
1437 2159 1548 2193 bestiis
1570 2158 1694 2194 nullum

319 2213 362 2245 est
374 2214 501 2259 proprie
511 2211 634 2247 dicrum
643 2212 798 2260 judicium
810 2239 819 2253 ‚
843 2210 898 2245 nisi
914 2210 1050 2245 virtuale
1062 2211 1305 2258 quodammodo
1321 2238 1330 2252 ‚
1347 2208 1435 2256 quod
1451 2206 1568 2242 scilicet
1581 2209 1694 2242 actua-

320 2261 338 2294 li
350 2261 471 2305 judicio
483 2262 606 2295 ratione
618 2263 758 2296 muneris
769 2259 957 2307 aequivalet,
980 2273 1046 2295 non
1063 2262 1189 2299 ratione
1204 2260 1365 2306 dignitatis
1379 2287 1388 2300 ,
1411 2269 1517 2304 neque
1538 2258 1626 2292 enim
1647 2257 1692 2291 est

320 2322 392 2342 cuni
416 2312 544 2344 ratione
557 2310 775 2358 conjunemm.

355 2373 377 2392 2-
397 2360 512 2392 Omnis
525 2357 701 2394 belluarum
719 2359 862 2406 cognitio
879 2356 942 2392 sola
959 2357 1226 2405 apprelienlione,
1245 2368 1299 2390 aut
1318 2355 1452 2390 naturali
1476 2355 1595 2403 judicio
1609 2368 1689 2390 con-

322 2407 454 2449 timetur,
470 2408 568 2455 idque
577 2407 616 2445 ad
630 2409 792 2456 propriam
806 2405 1083 2442 conservationem
1101 2407 1136 2440 iis
1150 2407 1259 2440 datum
1277 2405 1342 2448 cst,
1366 2404 1418 2439 vel
1432 2416 1468 2439 ex
1487 2403 1554 2453 ipsis
1571 2416 1688 2441 naturas
