1857 2745
363 149 429 181 470
819 131 1292 170 METAPHYSICAE

363 185 518 232 Logicam
535 211 543 225 ,
560 194 595 216 ac
615 182 634 217 si
655 181 782 218 realiter
803 182 987 218 existerent.
1008 185 1218 230 >Quanquam
1232 195 1271 218 ea
1289 184 1418 232 proprie
1431 193 1492 217 nec
1507 180 1748 230 producunturg

361 245 420 267 nec
439 232 590 273 existunt,
614 233 645 265 id
660 233 747 266 enim
766 242 890 266 tantum
905 233 973 266 enti
986 230 1119 276 Physico
1142 233 1307 267 convenit.
1335 234 1388 267 Sic
1406 231 1585 267 formalitas
1598 261 1608 275 ‚
1626 244 1681 268 aut
1693 246 1748 271 ra.

361 283 408 314 tio
422 279 524 327 logica
536 309 545 323 ‚
561 280 653 314 realis
663 280 909 328 quodammodo
921 280 982 314 dici
1000 281 1108 329 potest
1120 309 1129 323 ‚
1149 293 1215 316 non
1229 280 1358 328 physice
1375 310 1385 326 ,
1407 280 1461 315 sed
1480 279 1585 329 logice
1606 280 1746 327 loquen»

360 329 413 364 do.
433 330 485 362 Sic
500 328 679 364 animalitas
691 357 700 371 ,
728 343 759 364 v.
781 342 827 379 gr.
845 334 880 366 &
898 328 1097 370 rationalitas
1111 331 1174 364 dici
1196 325 1319 378 poffiint
1339 331 1409 365 duae
1427 328 1590 364 realitates
1611 329 1744 377 logicae-,z

361 378 407 411 hae
425 379 547 425 quippe
567 391 633 413 non
646 377 774 427 p‘hyfice
787 408 797 422 ,
817 378 869 413 sed
881 378 986 427 logice
1002 378 1240 428 distinguuntur
1258 379 1514 427 quodammodo.
1540 380 1592 412 Sic
1608 381 1748 426 privatio

359 426 453 461 realis
466 427 670 476 dici-potest:
698 440 773 463 nam
790 440 887 462 caecus
901 440 1013 462 revera
1035 427 1077 461 cst
1093 440 1193 462 caecus
1217 444 1225 470 ;
1239 428 1311 463 'hoc
1329 429 1373 462 est
1384 458 1393 472 ‚
1417 428 1550 463 videndi
1567 426 1722 462 facultate
1735 455 1748 471 ‚

359 488 431 523 quae
450 475 547 510 realis
558 477 618 520 est,
640 488 737 512 caret.
763 478 844 512 Haec
859 476 956 525 paulo
974 476 1119 511 subtilius
1132 476 1293 526 explicare
1310 477 1472 512 voluimus
1490 490 1497 512 :
1515 488 1591 515 nam
1599 478 1635 510 iis
1651 475 1749 512 intel-

360 524 453 560 lectis
463 524 572 559 multae
584 530 617 562 &
627 523 772 561 difficiles
787 529 869 561 tricae
881 525 986 560 multo
1005 524 1133 561 facilius
1148 526 1355 561 evolvuntur.

398 588 419 619 3„
437 576 527 609 Hinc
546 574 684 609 celebris
701 575 756 610 illa
776 576 961 611 Platonicos
977 577 1062 610 inter
1077 577 1362 624 &Peripateticos
1380 572 1508 621 quaestio
1522 572 1654 609 solvitur
1670 602 1680 618 ,
1704 586 1748 614 an

359 634 535 672 conceptus
555 626 636 659 entis
646 623 680 659 fi:
695 626 782 672 prior
796 631 830 662 δ(
847 624 1019 673 simplicior
1034 636 1193 673 conceptu
1210 627 1313 661 unius.
1338 627 1427 660 Nam
1452 622 1609 657 Platonici
1628 625 1746 658 acriter

360 671 543 707 defendunt
566 686 664 708 unum
678 672 739 709 effe
752 677 872 722 prius&
887 673 1024 722 superius
1039 685 1127 709 ente.
1145 673 1271 709 Contra
1293 683 1416 722 negant
1434 673 1639 719 Peripatetici
1655 674 1748 720 quici-

359 733 458 768 quam
477 723 559 769 prius
570 721 693 758 anobis
707 726 857 772 concipi,
877 724 978 771 quam
989 735 1044 758 e-ns
1059 723 1161 770 ipsum
1173 752 1184 766 ,
1208 728 1294 771 cujus
1313 724 1460 760 ide-taut
1483 723 1577 755 notio
1597 722 1641 756 est
1659 724 1747 770 prior

359 774 393 806 ὃ(
405 768 576 818 simplicior
586 783 776 820 quacunque
796 773 859 807 alia
881 775 1025 808 notione.
1042 772 1090 808 Est
1108 773 1216 815 enim,
1233 784 1267 806 ut
1278 772 1420 807 diximus
1432 797 1441 812 ‚
1467 771 1588 817 primus
1606 772 1654 805 rei
1666 782 1749 805 con-

359 830 471 868 ceptus
482 848 490 863 ,
506 819 661 865 velidea,
681 834 717 856 ac
731 824 815 869 prius
826 835 894 857 rem
906 821 966 856 else
980 823 1178 870 concipimus
1194 850 1204 864 ,
1222 820 1323 869 quam
1336 820 1424 868 quod
1438 817 1475 859 fit
1495 818 1630 855 indivisa
1641 822 1674 855 in
1690 818 1746 864 se,

359 879 416 902 aut
435 868 580 916 perfecta
596 897 606 911 ‚
636 882 692 905 aut
709 869 763 906 suo
778 871 957 919 exemplari
976 873 1163 907 conveni-at.

395 932 426 963 4.
440 918 607 964 Qiaentur
620 932 687 966 quo
696 920 812 957 ordine
824 923 904 955 entis
915 921 1127 968 proprietates
1144 921 1227 953 inter
1241 917 1269 953 se
1283 917 1514 966 disponantur:
1528 928 1565 950 ac
1583 929 1657 952 mea
1673 920 1745 965 qui-

360 966 436 1001 dem
447 969 615 1015 opinione,
624 981 673 1003 tes
686 981 773 1016 pene
789 981 826 1003 ex
837 968 970 1003 arbitrio
984 969 1109 1003 viderur
1124 968 1272 1016 pendere.
1292 970 1374 1001 Sunt
1388 969 1444 1014 qui
1459 970 1573 1015 putent
1582 963 1748 1002 effentiam

359 1018 403 1049 rei
416 1015 558 1064 primurn
570 1016 695 1052 anobis
705 1019 847 1065 concipi,
858 1018 941 1052 unde
953 1023 985 1056 &
998 1019 1119 1065 primus
1133 1015 1400 1064 conceptussolet
1417 1017 1565 1058 vocitari,
1576 1015 1663 1061 quod
1682 1018 1747 1051 uti-

359 1077 440 1111 que,
453 1064 473 1099 fi
489 1065 674 1100 Platonicos
684 1069 847 1114 exceperis
858 1095 867 1109 ,
885 1079 1000 1101 omnes
1011 1066 1195 1114 Philosophi
1207 1065 1385 1114 agnoscunt
1400 1079 1408 1100 :
1431 1064 1482 1099 sed
1501 1061 1640 1098 elsentiae
1661 1067 1746 1100 veri-

361 1124 461 1147 tatem
476 1113 638 1148 succedere
658 1115 848 1153 existimant.
859 1116 909 1150 Est
919 1117 1006 1149 enini
1021 1117 1138 1149 veritas
1151 1144 1160 1158 ,
1174 1127 1306 1161 quares
1327 1126 1466 1161 quaeque
1482 1113 1552 1148 talis
1569 1112 1614 1146 est
1632 1142 1642 1156 ,
1666 1126 1746 1162 qua-

360 1158 469 1196 lisell'e
482 1161 646 1198 debet‘Ex
660 1165 796 1197 veritate
819 1162 949 1197 bonitas
970 1164 1135 1207 dimanat,
1162 1176 1233 1211 quae
1259 1165 1292 1198 in
1317 1163 1456 1210 quadam
1483 1164 1671 1208 integritate
1689 1174 1746 1198 aut

361 1210 567 1258 perfeffionc
583 1210 737 1247 consistit:
754 1224 792 1246 ex
804 1213 959 1253 iis-unitas
980 1213 1110 1247 tandem
1127 1214 1261 1260 exurgit.
1290 1214 1380 1248 Nam
1394 1214 1477 1257 prius
1491 1212 1533 1246 est
1552 1223 1621 1245 rem
1636 1211 1696 1246 effe
1710 1214 1745 1247 in

358 1258 455 1307 seipsa
467 1289 476 1303 ,
503 1265 536 1296 δέ
551 1260 652 1307 qualis
676 1258 737 1295 esse
754 1260 855 1295 debet
867 1290 876 1303 ‚
890 1267 922 1297 &
940 1263 1117 1310 integram,
1135 1260 1235 1308 quam
1246 1272 1282 1294 ut
1290 1259 1633 1307 concipiaturindivisa
1645 1262 1679 1295 in
1689 1259 1719 1295 se
1734 1274 1744 1296 z

360 1311 446 1358 prius
458 1309 500 1343 est
511 1321 623 1344 omnes
637 1308 739 1344 adeffe
752 1310 1090 1358 perfeetioneS,quam
1101 1309 1155 1345 ille
1168 1308 1258 1351 fimul
1269 1311 1362 1344 unitae
1377 1314 1410 1346 δε
1420 1309 1603 1356 conjunctae
1621 1308 1744 1350 intelli-

361 1369 488 1407 gantur.
745 1366 748 1369 “
994 1364 998 1367 Α

394 1408 611 1442 Communior
627 1420 737 1443 tamen
756 1408 913 1443 sententia
932 1409 976 1443 est
986 1409 1144 1443 unitatem
1154 1409 1297 1455 priorem
1308 1405 1366 1441 effe
1382 1407 1520 1439 veritate
1535 1434 1545 1450 ‚
1569 1418 1607 1440 ac
1628 1408 1747 1441 veritas-

358 1468 426 1491 tem
436 1455 602 1491 bonitate.
625 1460 703 1493 Non
713 1459 801 1492 enim
812 1459 972 1492 unitatem
987 1458 1186 1506 concipimus
1197 1484 1206 1498 ,
1220 1468 1255 1490 ut
1268 1457 1406 1504 partium
1416 1457 1584 1498 unionem,
1598 1453 1652 1489 seu
1664 1468 1745 1491 con-

357 1507 559 1554 junctionem
571 1535 580 1548 ‚
590 1506 640 1540 sed
652 1518 687 1540 ut
697 1507 850 1553 quiddam
861 1506 1058 1541 multitudini
1071 1505 1254 1555 oppositum
1268 1520 1274 1540 :
1299 1502 1386 1550 quod
1406 1502 1557 1538 videlicet
1569 1516 1623 1539 ens
1634 1517 1700 1539 non
1709 1502 1746 1539 fit

359 1553 527 1602 multiplex
542 1582 551 1597 ‚
567 1556 664 1602 idque
678 1554 719 1589 ab
729 1557 820 1590 omni
836 1555 900 1591 alio
917 1555 952 1590 sit
966 1554 1101 1590 divisum
1120 1585 1129 1598 ‚
1156 1566 1192 1589 ut
1214 1567 1290 1588 mox
1303 1554 1420 1588 disturi
1438 1551 1538 1586 sumus
1555 1566 1562 1588 ε
1579 1553 1666 1600 quod
1678 1556 1744 1588 uti-

358 1616 423 1650 que
431 1605 468 1637 in
481 1614 554 1637 ente
565 1602 738 1638 secundum
751 1603 781 1638 se
797 1599 941 1653 spectato
960 1607 1101 1653 primum
1117 1602 1351 1639 attendi-solet.
1370 1604 1422 1635 Sic
1432 1604 1516 1650 prius
1530 1602 1654 1649 aliquid
1664 1614 1744 1638 con..

359 1654 472 1699 cipitur
499 1652 531 1685 id
551 1654 639 1699 quod
658 1651 719 1687 effe
731 1652 832 1688 debet
849 1683 859 1698 ‚
886 1654 987 1702 quam
1007 1656 1190 1702 inte-grum,
1217 1658 1251 1689 &
1267 1651 1460 1700 perfectum.
1491 1651 1603 1698 Qare
1625 1653 1744 1686 vetitas

359 1700 508 1735 bonitate
521 1704 607 1748 prior
621 1702 674 1738 est.
691 1703 758 1736 Res
780 1715 892 1738 autem
902 1716 978 1738 vera
996 1703 1043 1737 est
1060 1709 1075 1745 ,“
1092 1714 1147 1737 aut
1166 1701 1269 1749 qualis
1283 1698 1344 1735 effe
1354 1699 1455 1734 debet
1474 1728 1484 1743 ,
1512 1712 1583 1734 cum
1597 1700 1676 1734 ideae
1687 1712 1745 1743 auvt

360 1750 537 1798 exemplari
553 1750 616 1785 ‘suo
636 1752 792 1786 convenit
812 1769 821 1794 ;
846 1753 892 1786 est
913 1752 1030 1786 itidem
1048 1753 1175 1798 integra
1194 1779 1204 1793 ,
1230 1762 1286 1785 aut
1317 1749 1483 1797 perfecta,
1507 1761 1667 1796 quatenus
1697 1752 1746 1784 ei-

360 1799 433 1832 dem
458 1798 633 1847 exemplari
648 1799 755 1835 fimilis
774 1800 826 1840 est.
851 1802 958 1847 ‘Atque
971 1800 1035 1835 haec
1053 1800 1206 1834 attributa
1225 1812 1290 1833 non
1310 1810 1362 1837 re,
1382 1797 1434 1832 sed
1452 1799 1653 1845 cogitatione
1669 1809 1743 1833 tan-

360 1860 428 1882 tum
447 1848 688 1896 distinguuntur,
700 1861 797 1884 unum
808 1849 944 1884 alterum
956 1848 1170 1897 praesupponit
1179 1860 1214 1882 ur
1230 1850 1316 1896 prius
1331 1849 1540 1894 cogitatione,
1549 1859 1612 1881 non
1622 1848 1740 1881 natura.

395 1897 458 1931 Sed
469 1925 477 1939 ‚
498 1899 637 1944 inquies,
662 1897 909 1945 intelligibilitas
924 1899 967 1933 est
977 1900 1059 1933 entis
1071 1899 1265 1946 proprietas:
1279 1909 1356 1945 ergo
1368 1895 1437 1930 sunt
1446 1895 1550 1943 plures
1565 1897 1648 1930 entis
1663 1907 1741 1942 pto-

360 1948 511 1994 prietates
531 1946 631 1992 quam
643 1959 713 1994 quae
730 1945 828 1996 vulgo
842 1959 1058 1983 numerantur.

403 1996 493 2040 Resp.
508 1997 588 2030 Non
602 1994 703 2031 modo
715 2008 770 2032 ens
789 1996 876 2031 reale
887 2026 896 2039 ,
920 1996 972 2031 sed
985 2001 1082 2030 etiam
1093 2007 1159 2029 non
1174 2006 1229 2029 ens
1242 1992 1301 2029 esse
1315 1991 1519 2041 intelligibile
1532 2020 1543 2035 ‚
1564 2002 1741 2040 utrumque

359 2056 469 2079 tamen
481 2056 640 2090 quatenus
651 2047 820 2080 veritatem
838 2046 1000 2091 quandam
1022 2043 1165 2078 includit.
1194 2044 1272 2078 Hoc
1286 2041 1367 2077 ,veria
1388 2041 1461 2078 loco
1481 2042 1564 2075 entis
1588 2041 1741 2076 duntaxat

360 2092 452 2126 realis
462 2095 678 2140 proprietates
690 2121 699 2136 ,
714 2105 770 2127 aut
789 2092 978 2129 affeffiones
990 2094 1189 2140 inquirimus.
1211 2089 1464 2138 Intelligibilitas
1477 2088 1555 2124 vero
1569 2117 1577 2132 ‚
1592 2102 1646 2124 aut
1656 2093 1739 2124 ratio

361 2140 528 2188 objectiva
541 2143 583 2176 est
603 2141 798 2177 attributum
812 2143 978 2190 quoddam
988 2154 1065 2177 ente
1076 2141 1211 2189 superius
1225 2169 1235 2184 ,
1248 2140 1335 2187 quod
1353 2138 1506 2173 abstrahit
1516 2138 1555 2172 ab
1571 2150 1646 2173 ente
1661 2138 1739 2173 reali

362 2196 396 2225 ἃ·
417 2204 481 2224 non
498 2191 583 2224 reali.

397 2241 494 2274 Nunc
508 2238 632 2288 singul-‘e
645 2243 725 2275 entis
739 2243 952 2289 proprietates
963 2238 1061 2276 essent
1080 2235 1353 2287 explicanda-:fuist
1366 2238 1404 2272 de
1417 2237 1566 2274 bonitate
1576 2240 1609 2272 in
1619 2235 1739 2271 Morali

359 2291 423 2332 jain
437 2287 501 2321 fuse
512 2291 531 2323 a
541 2288 635 2323 nobis
648 2292 819 2325 tractatum
838 2288 943 2326 fuill'et
956 2319 964 2332 ,
985 2303 1022 2324 ac
1039 2290 1080 2322 de
1093 2291 1227 2323 veritate
1238 2291 1269 2322 in
1280 2289 1400 2333 Logica
1413 2286 1511 2321 multa
1523 2285 1620 2322 elsent
1633 2285 1738 2333 expli-

365 2347 444 2376 cam,
458 2343 487 2372 ἃ
499 2340 530 2371 in
550 2340 686 2373 tradam
696 2339 813 2374 ultimo
827 2353 901 2374 cum
916 2339 957 2372 de
974 2341 1083 2372 anima
1105 2337 1257 2372 rationali
1275 2348 1403 2386 agemus
1415 2366 1423 2379 ,
1451 2337 1541 2385 plura
1564 2335 1736 2378 tradantur).

367 2384 476 2428 Qut-³
492 2387 521 2420 id
535 2386 672 2435 superest
685 2400 719 2423 ut
736 2389 777 2424 de
796 2402 861 2424 uno
876 2400 975 2437 pauca
998 2386 1209 2434 subjiciamuS.
