1857 2745
246 150 285 173 ω
644 130 1212 171 INSTITUTIONES

247 187 290 221 est
305 182 477 225 affirmans,
495 181 596 215 altera
610 191 732 228 negans
746 190 754 216 :⁷
770 191 807 216 ut
820 184 925 216 omnis
939 181 1040 219 homo
1057 185 1100 219 est
1114 183 1253 228 animal,
1267 182 1373 219 nullus
1392 181 1494 217 homo
1514 183 1556 218 est
1570 184 1642 218 ani-

250 233 315 271 mal
331 235 457 277 3omnis
470 231 571 266 homo
583 228 627 263 est
639 228 852 277 Philosophus
868 259 878 273 ,
895 230 998 266 nullus
1010 232 1111 268 homo
1125 235 1169 269 est
1189 232 1415 282 Philosophus.

288 280 526 329 Propositiones
536 279 704 313 contrariae
717 277 844 327 poffunt
853 279 913 314 effe
924 278 1012 316 fimul
1025 281 1107 318 falfie
1117 313 1128 327 ‚
1145 295 1182 318 ut
1191 295 1282 331 patet
1295 295 1336 319 ex
1349 281 1516 331 posteriori
1530 293 1641 317 excin-

251 332 325 381 plo:
339 342 447 364 carum
460 340 592 377 quoque
603 340 665 363 una
680 329 784 376 potest
792 326 854 364 effe
872 342 947 364 vera
958 359 967 372 ‚
977 336 1011 367 ὃ(
1021 331 1123 366 altera
1131 331 1210 368 falsa
1225 360 1236 374 ,
1249 345 1286 367 ut
1296 333 1408 367 videre
1429 331 1471 365 est
1484 333 1518 366 in
1537 333 1644 380 priore

253 393 291 415 ex
304 379 415 427 emplo
429 393 437 414 t
450 378 502 413 sed
519 376 622 412 amba·
639 388 808 425 nequeunt
819 375 879 413 else
897 391 990 415 verae.

288 427 464 477 Oppofitio
485 426 704 462 subcontraria
733 427 778 468 est
795 430 878 463 inter
899 428 977 462 duas
1008 428 1242 477 propositiones
1259 430 1464 478 particulares
1481 459 1490 473 ‚
1509 442 1647 477 quarum

253 490 317 513 una
331 479 373 512 est
388 476 550 512 affirm-ms
565 505 574 519 ,
590 476 692 511 altera
705 489 825 526 negans
840 492 847 513 ε
865 489 899 511 ut
916 477 1031 525 aliquis
1043 478 1143 514 homo
1155 481 1198 515 est
1208 480 1456 527 aninml‚aliquis
1469 479 1569 514 homo
1579 493 1647 515 non.

254 527 300 562 est
314 527 434 562 animal
455 542 462 563 :
482 526 600 573 aliquis
616 526 763 562 homoest
776 525 998 575 Philosophus,
1008 526 1123 574 aliquis
1140 528 1241 563 horno
1255 543 1322 564 non
1335 530 1378 563 est
1390 528 1612 576 Philosophus.

288 575 526 625 Propositiones
544 574 769 610 subcontrariae
779 575 905 625 poliunt
920 575 980 611 else
998 574 1195 622 limulverae‚
1225 590 1261 612 ut
1275 578 1396 612 constat
1415 590 1452 611 ex
1471 579 1647 625 posteriore

257 626 409 675 exemplo
421 641 428 661 ε
438 638 548 660 carum
559 637 693 672 quoque
708 637 772 660 una
789 626 892 672 potest
906 623 965 660 effe
980 638 1055 660 vera
1065 631 1100 663 ὃς
1117 626 1217 669 altera
1228 624 1319 670 falsa,
1337 637 1374 660 ut
1391 637 1483 673 patet
1501 638 1539 660 ex
1557 629 1649 674 ptio-

260 688 294 711 re
314 675 465 723 exemplo
477 693 486 717 -,
501 673 552 708 sed
564 686 733 721 nequeunt
748 673 809 709 effe
820 673 912 710 simul
925 674 1017 712 falsae.

290 723 466 773 Oppositio
478 722 661 759 subalterna
679 725 723 759 est
742 726 827 759 inter
846 725 921 759 duas
933 723 1167 774 propositiones
1180 753 1190 767 ,
1214 737 1353 772 quarum
1369 725 1490 765 una-est
1509 724 1646 758 univcr-

259 772 327 808 filis
343 803 352 818 ,
363 775 464 809 altera
479 772 679 821 particularis
696 788 703 809 :
722 771 774 808 sed
785 785 922 821 utraque
932 773 984 809 vel
994 774 1035 808 est
1054 772 1217 809 affirmans
1229 803 1239 817 ,
1257 774 1312 808 vel
1338 774 1476 823 reg-inq
1492 784 1528 808 ut
1544 775 1649 807 omnis

261 823 361 858 homo
376 825 418 858 est
432 822 680 870 aninuhaliquis
696 823 797 858 homo
812 824 854 858 est
868 822 1103 867 animal-,nullus
1115 823 1217 858 homo
1230 824 1272 857 est
1285 822 1536 870 animahaliquis
1549 822 1650 857 homo

260 885 326 907 non
342 873 385 906 est
400 871 520 906 animal
535 886 542 907 :
557 874 661 906 omnis
676 871 778 907 homo
788 873 831 906 est
851 871 1061 920 PhilosophuS
1074 902 1082 916 ‚
1097 873 1229 919 quidam
1248 873 1349 907 homo
1367 873 1409 907 est
1423 870 1652 920 Philosophus,

286 919 547 968 Propositionum
561 919 816 955 subalternorum
826 921 1003 968 aliquando
1014 934 1075 956 una
1088 934 1164 955 vcra
1179 923 1222 956 est
1233 927 1265 958 ὃς
1281 922 1380 956 altera
1394 920 1473 956 falsi
1484 951 1493 965 ‚
1509 932 1543 955 ut
1561 932 1653 969 patet

261 983 300 1005 ex
313 970 475 1018 postremo
487 968 639 1016 exemplo
653 986 660 1012 3
672 969 850 1016 aliquando
866 966 1002 1017 utruque
1017 970 1093 1004 falsa
1103 1000 1113 1014 ,
1130 982 1165 1005 ut
1175 976 1267 1019 patet
1283 983 1321 1006 ex
1336 971 1475 1006 secundo
1486 986 1493 1006 3
1504 969 1653 1017 aliquan-

263 1020 306 1053 do
324 1029 464 1064 utraque
484 1018 527 1051 est
543 1029 619 1051 vera
631 1045 639 1058 ‚
658 1029 694 1051 ut
707 1030 745 1051 ex
770 1020 876 1065 primo
890 1018 1066 1066 colligitur.

298 1069 460 1102 Omnium
472 1078 550 1111 ergo
565 1063 808 1113 oppositionum
826 1068 966 1100 maxima
977 1067 1019 1100 est
1031 1067 1284 1102 contradi&01·i.1
1300 1081 1307 1101 :
1324 1066 1421 1115 paulo
1434 1070 1542 1101 minor
1558 1080 1594 1102 ea
1607 1068 1653 1103 est

264 1118 443 1159 contraria3
455 1106 559 1150 multo
569 1116 676 1149 minor
699 1115 742 1149 cst
767 1113 985 1150 subcontraria
999 1145 1008 1158 ‚
1029 1117 1165 1150 minima
1183 1115 1262 1151 vero
1281 1115 1471 1152 subalterna.
1494 1117 1655 1164 ngdo-

262 1165 399 1213 quidem
418 1164 678 1199 contradictoriae
698 1176 758 1198 nec
774 1167 806 1199 in
821 1166 958 1199 veritate
980 1168 1182 1200 conveniunt
1196 1178 1357 1212 unquam,
1372 1178 1431 1200 nec
1445 1167 1478 1200 in
1492 1164 1652 1202 falsitat&

264 1216 432 1250 contrariae
443 1213 637 1260 3aliquando
650 1214 682 1247 in
700 1212 837 1249 falsitate
850 1213 1304 1257 conveniunt3subcontrariae
1324 1217 1356 1249 in
1373 1217 1511 1250 veritate
1525 1233 1534 1258 3
1550 1214 1657 1250 subal-

269 1275 368 1298 ternae
386 1264 418 1299 in
433 1274 586 1310 utraque,
602 1264 636 1298 in
651 1265 792 1298 veritate
806 1265 960 1299 nimirum
975 1269 1007 1300 &
1019 1263 1156 1298 falsitate
1170 1263 1376 1299 consentiunt
1390 1266 1478 1300 :imo
1490 1263 1510 1299 fi
1526 1265 1657 1313 proprie

269 1312 364 1360 loqui
378 1312 530 1348 volumus
541 1341 549 1355 ‚
564 1311 784 1360 oppositiones
803 1309 1030 1348 subcontrariae
1043 1319 1077 1351 &
1095 1313 1283 1349 subalternae
1298 1326 1364 1349 non
1377 1313 1448 1348 sunt
1458 1326 1541 1347 verae
1551 1327 1658 1362 oppo-

273 1361 509 1397 sitionesmam
525 1360 746 1396 subcontrariae
760 1361 905 1397 nonsunt
922 1363 963 1396 de
984 1364 1102 1397 eodem
1120 1361 1264 1409 subjecto
1282 1393 1291 1406 ‚
1310 1360 1366 1398 nisi
1380 1375 1462 1397 voce
1481 1375 1598 1406 tenus;
1618 1374 1656 1397 ut

267 1411 391 1446 constat
403 1424 443 1446 ex
460 1411 509 1446 his
524 1409 658 1446 duabus.
682 1412 829 1459 Qdam
842 1412 942 1446 homo
956 1413 999 1446 est
1018 1411 1231 1461 Philotopnus
1244 1441 1252 1455 ‚
1266 1413 1299 1447 id
1313 1413 1355 1446 est
1366 1415 1479 1448 Petrus
1497 1429 1505 1455 3
1522 1412 1657 1459 quidam

268 1461 370 1496 homo
380 1473 447 1495 non
461 1460 504 1494 est
512 1459 724 1509 Philosophus
737 1490 747 1504 ,
764 1461 795 1494 id
815 1462 858 1496 est
878 1460 1003 1497 Paulus.

302 1508 572 1543 Subalternarum
589 1520 698 1543 autem
714 1522 776 1543 una
790 1539 799 1552 ‚
816 1522 936 1557 nempe
955 1508 1161 1557 particularis
1175 1539 1184 1553 ‚
1207 1511 1392 1544 continetur
1419 1512 1452 1543 in
1466 1508 1566 1542 altera
1580 1537 1589 1552 ,
1606 1511 1658 1544 ni-

268 1559 388 1592 mirum
409 1559 442 1592 in
456 1556 646 1601 universali,
662 1569 814 1605 tanquam
827 1570 898 1606 pars
917 1561 950 1593 in
966 1569 1061 1602 τοῖος
1077 1560 1175 1605 partis
1198 1571 1309 1593 autem
1330 1563 1363 1595 &
1378 1561 1480 1593 totius
1498 1556 1660 1607 oppositio

267 1608 401 1656 proprie
426 1605 513 1641 nulla
539 1606 592 1641 est.

694 1654 968 1702 eAEqnipollent³a
986 1655 1243 1704 propositionum.

390 1703 634 1752 Qipollenffia,
652 1704 708 1738 seu
726 1703 957 1750 aequivalentia
979 1705 1023 1738 est
1040 1704 1187 1739 reductio
1201 1705 1293 1738 unius
1320 1715 1359 1737 ex
1384 1703 1660 1752 propositionibus

272 1707 542 1802 AEoppofitis
560 1756 595 1789 in
613 1752 736 1789 sensum
751 1752 896 1797 alterius,
910 1754 1009 1801 idque
1026 1755 1120 1790 unius
1136 1765 1191 1788 aut
1203 1751 1393 1800 multiplicis
1408 1755 1591 1802 negationis
1606 1753 1661 1788 be-

274 1803 405 1839 neficio.

317 1855 400 1888 Tres
420 1852 491 1887 sunt
510 1850 627 1901 regulae
642 1851 913 1901 aequipollentiae‚
931 1865 999 1899 quae
1007 1851 1110 1887 solent
1126 1851 1189 1885 hoc
1205 1849 1294 1884 versu
1313 1850 1558 1899 comprehendi,
1602 1885 1606 1888 ,

442 1904 508 1935 Prae
531 1902 695 1935 contradic
713 1928 723 1941 ,
742 1901 808 1947 post
825 1912 935 1934 contra
949 1928 958 1942 ,
977 1911 1036 1947 prae
1053 1899 1179 1947 postque
1192 1898 1374 1945 fitbaltern.

318 1953 397 1985 Hoc
419 1952 461 1985 est
474 1980 483 1994 ‚
499 1954 532 1985 in
552 1949 812 1984 contradiemriis
826 1952 1035 1996 negationem
1049 1961 1197 1996 praepone
1208 1963 1215 1983 :
1227 1960 1260 1982 ut
1271 1951 1376 1983 omnis
1392 1949 1494 1984 homo
1521 1949 1565 1983 est
1591 1953 1661 1985 ani-

274 2000 339 2035 mal
356 2029 364 2043 ‚
380 1999 465 2034 illius
490 1996 720 2047 aequipollens,
734 2010 802 2032 non
820 1997 936 2044 aliquis
957 1999 1058 2033 homo
1073 1998 1117 2032 est
1131 2011 1197 2032 non
1219 1997 1349 2034 animal.
1375 2002 1410 2034 In
1434 2001 1600 2032 contrariis
1619 2001 1662 2034 est

275 2049 496 2098 postponenda
508 2048 704 2095 negarimut
714 2047 820 2081 omnis
842 2046 945 2083 homo
957 2048 999 2083 est
1020 2046 1157 2088 animal,
1189 2046 1274 2081 illius
1301 2046 1511 2094 aequipollens
1526 2076 1535 2089 ‚
1557 2048 1662 2083 nullus

276 2099 377 2134 homo
388 2112 455 2134 non
468 2099 512 2134 est
523 2095 641 2133 animal
654 2110 662 2132 t
675 2099 707 2132 in
717 2094 907 2132 subalternis
919 2098 1114 2147 praeponitur
1128 2094 1218 2131 simul
1237 2101 1270 2133 &
1284 2097 1506 2146 postponitur:
1530 2096 1582 2133 sed
1602 2099 1663 2133 istx

277 2150 332 2183 vix
345 2148 437 2183 ullius
459 2147 531 2183 sunt
555 2145 717 2183 utilitatis·

766 2196 797 2232 C
824 2197 853 2231 A
880 2198 904 2232 Ρ
929 2195 966 2230 U
994 2197 1025 2231 T
1092 2197 1174 2231 IIY.

700 2279 757 2312 De
769 2275 1031 2328 propofitionibus
1048 2275 1238 2315 modalibus.

349 2345 520 2392 Ropositio
531 2347 666 2383 modalis
678 2348 721 2383 est
731 2361 768 2383 ea
780 2378 788 2391 ‚
802 2353 872 2395 quae
886 2344 1089 2382 affirmatam
1102 2359 1200 2397 negat
1209 2347 1421 2394 exprimendo
1434 2348 1566 2382 modum
1579 2374 1587 2386 ‚
1599 2358 1666 2394 quo

319 2429 323 2434 „
348 2393 540 2433 attributum
550 2398 646 2444 inest,
658 2409 714 2434 aut
730 2411 797 2435 non
809 2397 887 2434 inest
905 2395 1061 2445 subjecto.
1084 2398 1165 2432 Haec
1180 2395 1356 2446 propositio
1366 2408 1414 2432 ex.
1428 2408 1474 2445 gr.
1488 2392 1608 2434 necesse
1623 2395 1666 2430 est
