<?xml version="1.0" encoding="UTF-8"?>
<!DOCTYPE html PUBLIC "-//W3C//DTD XHTML 1.0 Transitional//EN"
    "http://www.w3.org/TR/xhtml1/DTD/xhtml1-transitional.dtd">
<html xmlns="http://www.w3.org/1999/xhtml" xml:lang="en" lang="en">
 <head>
  <title>
</title>
<meta http-equiv="Content-Type" content="text/html;charset=utf-8" />
  <meta name='ocr-system' content='tesseract 3.04.00' />
  <meta name='ocr-capabilities' content='ocr_page ocr_carea ocr_par ocr_line ocrx_word'/>
</head>
<body>
  <div class='ocr_page' id='page_1' title='image "./philosophiavetus01duhauoft_0094.png"; bbox 0 0 1857 2745; ppageno 0'>
   <div class='ocr_carea' id='block_1_1' title="bbox 327 120 1752 916">
    <p class='ocr_par' dir='ltr' id='par_1_1' title="bbox 344 120 1499 174">
     <span class='ocr_line' id='line_1_1' title="bbox 344 120 1499 174; baseline 0.005 -16"><span class='ocrx_word' id='word_1_1' title='bbox 344 142 382 174; x_wconf 77' lang='lat'>72</span> <span class='ocrx_word' id='word_1_2' title='bbox 715 124 781 160; x_wconf 87' lang='lat' dir='ltr'>DE</span> <span class='ocrx_word' id='word_1_3' title='bbox 813 120 1284 162; x_wconf 74' lang='lat' dir='ltr'>UNIVERSA&#39;LIBUS&#39;</span> <span class='ocrx_word' id='word_1_4' title='bbox 1496 162 1499 164; x_wconf 87' lang='lat'>.</span> 
     </span>
    </p>

    <p class='ocr_par' dir='ltr' id='par_1_2' title="bbox 340 171 1752 322">
     <span class='ocr_line' id='line_1_2' title="bbox 384 171 1752 225; baseline 0.003 -15"><span class='ocrx_word' id='word_1_5' title='bbox 384 176 469 225; x_wconf 85' lang='lat' dir='ltr'><em>Opp.</em></span> <span class='ocrx_word' id='word_1_6' title='bbox 485 187 530 210; x_wconf 87' lang='lat'>2-.</span> <span class='ocrx_word' id='word_1_7' title='bbox 543 171 737 209; x_wconf 85' lang='lat' dir='ltr'>Universale</span> <span class='ocrx_word' id='word_1_8' title='bbox 749 185 850 208; x_wconf 87' lang='lat' dir='ltr'>unum</span> <span class='ocrx_word' id='word_1_9' title='bbox 861 173 904 207; x_wconf 86' lang='lat' dir='ltr'>est</span> <span class='ocrx_word' id='word_1_10' title='bbox 917 185 1030 222; x_wconf 84' lang='lat' dir='ltr'>aptum</span> <span class='ocrx_word' id='word_1_11' title='bbox 1039 174 1102 209; x_wconf 89' lang='lat' dir='ltr'>dici</span> <span class='ocrx_word' id='word_1_12' title='bbox 1113 204 1122 218; x_wconf 92' lang='lat'>,</span> <span class='ocrx_word' id='word_1_13' title='bbox 1136 175 1366 224; x_wconf 81' lang='lat' dir='ltr'>autpraedicari</span> <span class='ocrx_word' id='word_1_14' title='bbox 1384 175 1424 209; x_wconf 82' lang='lat' dir='ltr'>de</span> <span class='ocrx_word' id='word_1_15' title='bbox 1438 173 1546 210; x_wconf 86' lang='lat' dir='ltr'>multis</span> <span class='ocrx_word' id='word_1_16' title='bbox 1561 179 1641 212; x_wconf 83' lang='lat' dir='ltr'>:Sed</span> <span class='ocrx_word' id='word_1_17' title='bbox 1658 191 1733 222; x_wconf 62' lang='grc' dir='ltr'>νοις</span> <span class='ocrx_word' id='word_1_18' title='bbox 1748 209 1752 213; x_wconf 96' lang='grc'><em>.</em></span> 
     </span>
     <span class='ocr_line' id='line_1_3' title="bbox 343 221 1733 270; baseline 0.001 -10"><span class='ocrx_word' id='word_1_19' title='bbox 343 225 409 261; x_wconf 87' lang='lat' dir='ltr'>sola</span> <span class='ocrx_word' id='word_1_20' title='bbox 424 226 550 266; x_wconf 85' lang='lat' dir='ltr'>dicitur,</span> <span class='ocrx_word' id='word_1_21' title='bbox 562 234 616 256; x_wconf 88' lang='lat' dir='ltr'>aut</span> <span class='ocrx_word' id='word_1_22' title='bbox 628 221 819 270; x_wconf 81' lang='lat' dir='ltr'>praedicatut</span> <span class='ocrx_word' id='word_1_23' title='bbox 830 222 870 256; x_wconf 90' lang='lat' dir='ltr'>de</span> <span class='ocrx_word' id='word_1_24' title='bbox 885 223 1015 259; x_wconf 84' lang='lat' dir='ltr'>multis:</span> <span class='ocrx_word' id='word_1_25' title='bbox 1033 236 1109 258; x_wconf 86' lang='lat' dir='ltr'>nam</span> <span class='ocrx_word' id='word_1_26' title='bbox 1129 238 1194 260; x_wconf 88' lang='lat' dir='ltr'>vox</span> <span class='ocrx_word' id='word_1_27' title='bbox 1207 254 1215 268; x_wconf 88' lang='lat'>,</span> <span class='ocrx_word' id='word_1_28' title='bbox 1225 236 1277 258; x_wconf 84' lang='lat' dir='ltr'>aut</span> <span class='ocrx_word' id='word_1_29' title='bbox 1291 224 1392 259; x_wconf 70' lang='lat' dir='ltr'>difflo</span> <span class='ocrx_word' id='word_1_30' title='bbox 1405 237 1502 259; x_wconf 83' lang='lat' dir='ltr'>unum</span> <span class='ocrx_word' id='word_1_31' title='bbox 1516 226 1558 260; x_wconf 80' lang='lat' dir='ltr'>est</span> <span class='ocrx_word' id='word_1_32' title='bbox 1568 256 1578 270; x_wconf 82' lang='lat'>‚</span> <span class='ocrx_word' id='word_1_33' title='bbox 1589 233 1620 264; x_wconf 88' lang='lat'>&amp;</span> <span class='ocrx_word' id='word_1_34' title='bbox 1632 229 1733 264; x_wconf 84' lang='lat' dir='ltr'>idem.</span> 
     </span>
     <span class='ocr_line' id='line_1_4' title="bbox 340 271 1546 322; baseline -0.002 -13"><span class='ocrx_word' id='word_1_35' title='bbox 340 274 438 312; x_wconf 87' lang='lat' dir='ltr'>Unde</span> <span class='ocrx_word' id='word_1_36' title='bbox 450 278 484 309; x_wconf 90' lang='lat'>&amp;</span> <span class='ocrx_word' id='word_1_37' title='bbox 500 271 695 321; x_wconf 77' lang='lat' dir='ltr'>Porphyrius</span> <span class='ocrx_word' id='word_1_38' title='bbox 713 271 798 308; x_wconf 91' lang='lat' dir='ltr'>hunc</span> <span class='ocrx_word' id='word_1_39' title='bbox 816 273 990 308; x_wconf 69' lang='lat' dir='ltr'>tractatum</span> <span class='ocrx_word' id='word_1_40' title='bbox 1007 271 1157 322; x_wconf 82' lang='lat' dir='ltr'>inscripsit</span> <span class='ocrx_word' id='word_1_41' title='bbox 1170 275 1211 308; x_wconf 90' lang='lat' dir='ltr'>de</span> <span class='ocrx_word' id='word_1_42' title='bbox 1227 275 1372 321; x_wconf 86' lang='lat' dir='ltr'>quinque</span> <span class='ocrx_word' id='word_1_43' title='bbox 1389 273 1546 309; x_wconf 85' lang='lat' dir='ltr'>Vocibus.</span> 
     </span>
    </p>

    <p class='ocr_par' dir='ltr' id='par_1_3' title="bbox 332 319 1733 617">
     <span class='ocr_line' id='line_1_5' title="bbox 359 319 1733 373; baseline 0.004 -18"><span class='ocrx_word' id='word_1_44' title='bbox 359 324 445 370; x_wconf 84' lang='lat' dir='ltr'>Resp.</span> <span class='ocrx_word' id='word_1_45' title='bbox 458 321 538 357; x_wconf 87' lang='lat' dir='ltr'>Dist.</span> <span class='ocrx_word' id='word_1_46' title='bbox 552 323 631 357; x_wconf 87' lang='lat' dir='ltr'>min.</span> <span class='ocrx_word' id='word_1_47' title='bbox 643 319 719 356; x_wconf 83' lang='lat' dir='ltr'>Sola</span> <span class='ocrx_word' id='word_1_48' title='bbox 735 322 932 357; x_wconf 82' lang='lat' dir='ltr'>voxdicitut</span> <span class='ocrx_word' id='word_1_49' title='bbox 951 322 993 356; x_wconf 87' lang='lat' dir='ltr'>de</span> <span class='ocrx_word' id='word_1_50' title='bbox 1006 321 1117 358; x_wconf 78' lang='lat' dir='ltr'>multis</span> <span class='ocrx_word' id='word_1_51' title='bbox 1129 325 1264 359; x_wconf 74' lang='lat' dir='ltr'>ratione</span> <span class='ocrx_word' id='word_1_52' title='bbox 1273 326 1320 357; x_wconf 85' lang='lat' dir='ltr'>rei</span> <span class='ocrx_word' id='word_1_53' title='bbox 1333 321 1519 373; x_wconf 83' lang='lat' dir='ltr'>significatae-</span> <span class='ocrx_word' id='word_1_54' title='bbox 1531 353 1540 368; x_wconf 85' lang='lat'>,</span> <span class='ocrx_word' id='word_1_55' title='bbox 1552 326 1592 362; x_wconf 92' lang='lat' dir='ltr'>C.</span> <span class='ocrx_word' id='word_1_56' title='bbox 1603 328 1733 362; x_wconf 83' lang='lat' dir='ltr'>ratione</span> 
     </span>
     <span class='ocr_line' id='line_1_6' title="bbox 336 370 1732 421; baseline 0.001 -13"><span class='ocrx_word' id='word_1_57' title='bbox 336 371 382 408; x_wconf 84' lang='lat' dir='ltr'>sui</span> <span class='ocrx_word' id='word_1_58' title='bbox 394 400 403 414; x_wconf 85' lang='lat'>‚</span> <span class='ocrx_word' id='word_1_59' title='bbox 421 373 465 407; x_wconf 91' lang='lat' dir='ltr'>N.</span> <span class='ocrx_word' id='word_1_60' title='bbox 484 374 606 419; x_wconf 82' lang='lat' dir='ltr'>Neque</span> <span class='ocrx_word' id='word_1_61' title='bbox 625 373 712 406; x_wconf 84' lang='lat' dir='ltr'>enirn</span> <span class='ocrx_word' id='word_1_62' title='bbox 727 383 792 406; x_wconf 85' lang='lat' dir='ltr'>vox</span> <span class='ocrx_word' id='word_1_63' title='bbox 811 370 865 405; x_wconf 81' lang='lat' dir='ltr'>illa</span> <span class='ocrx_word' id='word_1_64' title='bbox 880 371 1040 416; x_wconf 79' lang='lat' dir='ltr'>circulus,</span> <span class='ocrx_word' id='word_1_65' title='bbox 1056 383 1115 408; x_wconf 72' lang='lat' dir='ltr'>aut</span> <span class='ocrx_word' id='word_1_66' title='bbox 1127 371 1229 409; x_wconf 89' lang='lat' dir='ltr'>homo</span> <span class='ocrx_word' id='word_1_67' title='bbox 1242 373 1432 421; x_wconf 81' lang='lat' dir='ltr'>praedicatur</span> <span class='ocrx_word' id='word_1_68' title='bbox 1449 374 1489 408; x_wconf 89' lang='lat' dir='ltr'>de</span> <span class='ocrx_word' id='word_1_69' title='bbox 1503 373 1565 409; x_wconf 86' lang='lat' dir='ltr'>hoc</span> <span class='ocrx_word' id='word_1_70' title='bbox 1578 403 1587 418; x_wconf 85' lang='lat'>‚</span> <span class='ocrx_word' id='word_1_71' title='bbox 1607 376 1660 410; x_wconf 87' lang='lat' dir='ltr'>vel</span> <span class='ocrx_word' id='word_1_72' title='bbox 1670 375 1732 411; x_wconf 80' lang='lat' dir='ltr'>illo</span> 
     </span>
     <span class='ocr_line' id='line_1_7' title="bbox 335 419 1732 472; baseline 0.005 -18"><span class='ocrx_word' id='word_1_73' title='bbox 335 420 479 464; x_wconf 72' lang='lat' dir='ltr'>circu103</span> <span class='ocrx_word' id='word_1_74' title='bbox 495 421 535 455; x_wconf 88' lang='lat' dir='ltr'>de</span> <span class='ocrx_word' id='word_1_75' title='bbox 550 421 612 456; x_wconf 87' lang='lat' dir='ltr'>hoc</span> <span class='ocrx_word' id='word_1_76' title='bbox 630 420 685 457; x_wconf 89' lang='lat' dir='ltr'>vel</span> <span class='ocrx_word' id='word_1_77' title='bbox 703 420 761 456; x_wconf 84' lang='lat' dir='ltr'>illo</span> <span class='ocrx_word' id='word_1_78' title='bbox 775 422 910 456; x_wconf 88' lang='lat' dir='ltr'>homine</span> <span class='ocrx_word' id='word_1_79' title='bbox 921 451 930 465; x_wconf 90' lang='lat'>‚</span> <span class='ocrx_word' id='word_1_80' title='bbox 945 419 999 456; x_wconf 90' lang='lat' dir='ltr'>sed</span> <span class='ocrx_word' id='word_1_81' title='bbox 1012 423 1118 466; x_wconf 78' lang='lat' dir='ltr'>ratio,</span> <span class='ocrx_word' id='word_1_82' title='bbox 1137 421 1186 458; x_wconf 89' lang='lat' dir='ltr'>seu</span> <span class='ocrx_word' id='word_1_83' title='bbox 1208 433 1321 458; x_wconf 83' lang='lat' dir='ltr'>natura</span> <span class='ocrx_word' id='word_1_84' title='bbox 1339 421 1514 472; x_wconf 80' lang='lat' dir='ltr'>significata</span> <span class='ocrx_word' id='word_1_85' title='bbox 1528 436 1583 470; x_wconf 83' lang='lat' dir='ltr'>per</span> <span class='ocrx_word' id='word_1_86' title='bbox 1599 437 1732 462; x_wconf 84' lang='lat' dir='ltr'>nomen.</span> 
     </span>
     <span class='ocr_line' id='line_1_8' title="bbox 334 470 1731 521; baseline 0.004 -17"><span class='ocrx_word' id='word_1_87' title='bbox 334 472 454 518; x_wconf 78' lang='lat' dir='ltr'>Sitque</span> <span class='ocrx_word' id='word_1_88' title='bbox 471 475 505 506; x_wconf 74' lang='grc' dir='ltr'>δε</span> <span class='ocrx_word' id='word_1_89' title='bbox 527 470 714 506; x_wconf 85' lang='lat' dir='ltr'>Aristoteles</span> <span class='ocrx_word' id='word_1_90' title='bbox 726 500 736 514; x_wconf 87' lang='lat'>,</span> <span class='ocrx_word' id='word_1_91' title='bbox 753 477 787 508; x_wconf 90' lang='lat'>&amp;</span> <span class='ocrx_word' id='word_1_92' title='bbox 802 471 1000 520; x_wconf 84' lang='lat' dir='ltr'>Porphyrius</span> <span class='ocrx_word' id='word_1_93' title='bbox 1019 471 1159 521; x_wconf 81' lang='lat' dir='ltr'>intelligi</span> <span class='ocrx_word' id='word_1_94' title='bbox 1170 470 1294 507; x_wconf 90' lang='lat' dir='ltr'>debent</span> <span class='ocrx_word' id='word_1_95' title='bbox 1306 484 1358 508; x_wconf 88' lang='lat' dir='ltr'>:ut</span> <span class='ocrx_word' id='word_1_96' title='bbox 1378 485 1452 507; x_wconf 87' lang='lat' dir='ltr'>cum</span> <span class='ocrx_word' id='word_1_97' title='bbox 1472 474 1657 508; x_wconf 86' lang='lat' dir='ltr'>Aristoteles</span> <span class='ocrx_word' id='word_1_98' title='bbox 1670 474 1731 509; x_wconf 90' lang='lat' dir='ltr'>do-</span> 
     </span>
     <span class='ocr_line' id='line_1_9' title="bbox 333 518 1732 571; baseline 0.004 -17"><span class='ocrx_word' id='word_1_99' title='bbox 333 531 389 554; x_wconf 88' lang='lat' dir='ltr'>cet</span> <span class='ocrx_word' id='word_1_100' title='bbox 402 518 583 555; x_wconf 79' lang='lat' dir='ltr'>universale</span> <span class='ocrx_word' id='word_1_101' title='bbox 599 519 660 554; x_wconf 82' lang='lat' dir='ltr'>effe</span> <span class='ocrx_word' id='word_1_102' title='bbox 674 520 753 567; x_wconf 89' lang='lat' dir='ltr'>quid</span> <span class='ocrx_word' id='word_1_103' title='bbox 771 521 925 570; x_wconf 83' lang='lat' dir='ltr'>posterius</span> <span class='ocrx_word' id='word_1_104' title='bbox 935 519 1155 571; x_wconf 78' lang='lat' dir='ltr'>singularibus,</span> <span class='ocrx_word' id='word_1_105' title='bbox 1165 521 1198 556; x_wconf 87' lang='lat' dir='ltr'>id</span> <span class='ocrx_word' id='word_1_106' title='bbox 1210 533 1322 558; x_wconf 86' lang='lat' dir='ltr'>verum</span> <span class='ocrx_word' id='word_1_107' title='bbox 1333 522 1392 566; x_wconf 86' lang='lat' dir='ltr'>est,</span> <span class='ocrx_word' id='word_1_108' title='bbox 1407 534 1568 570; x_wconf 83' lang='lat' dir='ltr'>quatenus</span> <span class='ocrx_word' id='word_1_109' title='bbox 1581 537 1648 559; x_wconf 88' lang='lat' dir='ltr'>non</span> <span class='ocrx_word' id='word_1_110' title='bbox 1663 525 1732 559; x_wconf 64' lang='lat' dir='ltr'>exi·—</span> 
     </span>
     <span class='ocr_line' id='line_1_10' title="bbox 332 566 775 617; baseline 0 -15"><span class='ocrx_word' id='word_1_111' title='bbox 332 569 386 604; x_wconf 87' lang='lat' dir='ltr'>stit</span> <span class='ocrx_word' id='word_1_112' title='bbox 398 566 455 604; x_wconf 77' lang='lat' dir='ltr'>nisi</span> <span class='ocrx_word' id='word_1_113' title='bbox 481 571 515 604; x_wconf 89' lang='lat' dir='ltr'>in</span> <span class='ocrx_word' id='word_1_114' title='bbox 536 568 756 617; x_wconf 73' lang='lat' dir='ltr'>singularibus,</span> <span class='ocrx_word' id='word_1_115' title='bbox 773 599 775 601; x_wconf 88' lang='lat'>.</span> 
     </span>
    </p>

    <p class='ocr_par' dir='ltr' id='par_1_4' title="bbox 327 617 1741 916">
     <span class='ocr_line' id='line_1_11' title="bbox 368 617 1741 669; baseline 0.004 -17"><span class='ocrx_word' id='word_1_116' title='bbox 368 621 484 666; x_wconf 83' lang='lat' dir='ltr'>Itaque</span> <span class='ocrx_word' id='word_1_117' title='bbox 500 620 533 653; x_wconf 87' lang='lat' dir='ltr'>in</span> <span class='ocrx_word' id='word_1_118' title='bbox 552 617 774 667; x_wconf 84' lang='lat' dir='ltr'>propositione</span> <span class='ocrx_word' id='word_1_119' title='bbox 790 632 887 655; x_wconf 86' lang='lat' dir='ltr'>voces</span> <span class='ocrx_word' id='word_1_120' title='bbox 902 619 973 655; x_wconf 89' lang='lat' dir='ltr'>sunt</span> <span class='ocrx_word' id='word_1_121' title='bbox 989 617 1075 668; x_wconf 71' lang='lat' dir='ltr'>signa</span> <span class='ocrx_word' id='word_1_122' title='bbox 1091 630 1320 669; x_wconf 82' lang='lat' dir='ltr'>conceptuum,</span> <span class='ocrx_word' id='word_1_123' title='bbox 1340 625 1375 656; x_wconf 87' lang='lat'>&amp;</span> <span class='ocrx_word' id='word_1_124' title='bbox 1393 631 1568 668; x_wconf 86' lang='lat' dir='ltr'>conceptus</span> <span class='ocrx_word' id='word_1_125' title='bbox 1586 619 1671 669; x_wconf 76' lang='lat' dir='ltr'>signa</span> <span class='ocrx_word' id='word_1_126' title='bbox 1681 634 1741 657; x_wconf 68' lang='lat' dir='ltr'>re&lt;-</span> 
     </span>
     <span class='ocr_line' id='line_1_12' title="bbox 331 667 1732 718; baseline 0.003 -16"><span class='ocrx_word' id='word_1_127' title='bbox 331 680 417 704; x_wconf 85' lang='lat' dir='ltr'>rum.</span> <span class='ocrx_word' id='word_1_128' title='bbox 433 669 543 714; x_wconf 83' lang='lat' dir='ltr'>Atque</span> <span class='ocrx_word' id='word_1_129' title='bbox 563 679 598 702; x_wconf 90' lang='lat' dir='ltr'>ut</span> <span class='ocrx_word' id='word_1_130' title='bbox 611 681 672 703; x_wconf 81' lang='lat' dir='ltr'>vox</span> <span class='ocrx_word' id='word_1_131' title='bbox 693 673 731 705; x_wconf 85' lang='lat'>&amp;-</span> <span class='ocrx_word' id='word_1_132' title='bbox 743 681 920 718; x_wconf 82' lang='lat' dir='ltr'>conceptus</span> <span class='ocrx_word' id='word_1_133' title='bbox 935 668 1117 717; x_wconf 81' lang='lat' dir='ltr'>supponant</span> <span class='ocrx_word' id='word_1_134' title='bbox 1140 681 1200 718; x_wconf 85' lang='lat' dir='ltr'>pro</span> <span class='ocrx_word' id='word_1_135' title='bbox 1213 669 1309 704; x_wconf 86' lang='lat' dir='ltr'>rebus</span> <span class='ocrx_word' id='word_1_136' title='bbox 1323 667 1413 718; x_wconf 77' lang='lat' dir='ltr'>ipsis,</span> <span class='ocrx_word' id='word_1_137' title='bbox 1443 681 1556 705; x_wconf 84' lang='lat' dir='ltr'>tamen</span> <span class='ocrx_word' id='word_1_138' title='bbox 1581 683 1652 705; x_wconf 88' lang='lat' dir='ltr'>non</span> <span class='ocrx_word' id='word_1_139' title='bbox 1673 683 1732 706; x_wconf 82' lang='lat' dir='ltr'>eo-</span> 
     </span>
     <span class='ocr_line' id='line_1_13' title="bbox 329 717 1730 767; baseline 0.002 -16"><span class='ocrx_word' id='word_1_140' title='bbox 329 717 407 752; x_wconf 90' lang='lat' dir='ltr'>dem</span> <span class='ocrx_word' id='word_1_141' title='bbox 428 717 530 753; x_wconf 88' lang='lat' dir='ltr'>modo</span> <span class='ocrx_word' id='word_1_142' title='bbox 547 717 774 766; x_wconf 81' lang='lat' dir='ltr'>praedicantur.</span> <span class='ocrx_word' id='word_1_143' title='bbox 791 723 901 753; x_wconf 77' lang='lat' dir='ltr'>Voces</span> <span class='ocrx_word' id='word_1_144' title='bbox 919 721 1008 753; x_wconf 84' lang='lat' dir='ltr'>enim</span> <span class='ocrx_word' id='word_1_145' title='bbox 1021 723 1242 767; x_wconf 86' lang='lat' dir='ltr'>&amp;conceptus</span> <span class='ocrx_word' id='word_1_146' title='bbox 1252 732 1320 754; x_wconf 89' lang='lat' dir='ltr'>non</span> <span class='ocrx_word' id='word_1_147' title='bbox 1333 718 1405 754; x_wconf 89' lang='lat' dir='ltr'>sunt</span> <span class='ocrx_word' id='word_1_148' title='bbox 1418 719 1450 753; x_wconf 90' lang='lat' dir='ltr'>id</span> <span class='ocrx_word' id='word_1_149' title='bbox 1462 720 1553 766; x_wconf 89' lang='lat' dir='ltr'>quod</span> <span class='ocrx_word' id='word_1_150' title='bbox 1571 721 1730 767; x_wconf 79' lang='lat' dir='ltr'>primario</span> 
     </span>
     <span class='ocr_line' id='line_1_14' title="bbox 330 766 1728 816; baseline 0.004 -17"><span class='ocrx_word' id='word_1_151' title='bbox 330 767 543 814; x_wconf 74' lang='lat' dir='ltr'>praedicatur:</span> <span class='ocrx_word' id='word_1_152' title='bbox 561 778 597 801; x_wconf 81' lang='lat' dir='ltr'>ut</span> <span class='ocrx_word' id='word_1_153' title='bbox 618 766 877 815; x_wconf 57' lang='lat' dir='ltr'>calculi»‹quibus</span> <span class='ocrx_word' id='word_1_154' title='bbox 902 769 1021 802; x_wconf 75' lang='lat' dir='ltr'>utimur</span> <span class='ocrx_word' id='word_1_155' title='bbox 1051 768 1092 801; x_wconf 91' lang='lat' dir='ltr'>ad</span> <span class='ocrx_word' id='word_1_156' title='bbox 1124 768 1362 802; x_wconf 86' lang='lat' dir='ltr'>numerandum</span> <span class='ocrx_word' id='word_1_157' title='bbox 1376 797 1385 811; x_wconf 91' lang='lat'>,</span> <span class='ocrx_word' id='word_1_158' title='bbox 1405 782 1473 803; x_wconf 88' lang='lat' dir='ltr'>non</span> <span class='ocrx_word' id='word_1_159' title='bbox 1497 766 1568 803; x_wconf 90' lang='lat' dir='ltr'>sunt</span> <span class='ocrx_word' id='word_1_160' title='bbox 1590 767 1624 801; x_wconf 85' lang='lat' dir='ltr'>id</span> <span class='ocrx_word' id='word_1_161' title='bbox 1638 769 1728 816; x_wconf 88' lang='lat' dir='ltr'>quod</span> 
     </span>
     <span class='ocr_line' id='line_1_15' title="bbox 328 815 1728 865; baseline 0.001 -15"><span class='ocrx_word' id='word_1_162' title='bbox 328 827 387 863; x_wconf 84' lang='lat' dir='ltr'>per</span> <span class='ocrx_word' id='word_1_163' title='bbox 401 815 432 850; x_wconf 87' lang='lat' dir='ltr'>se</span> <span class='ocrx_word' id='word_1_164' title='bbox 454 822 488 853; x_wconf 85' lang='lat'>&amp;</span> <span class='ocrx_word' id='word_1_165' title='bbox 502 818 656 864; x_wconf 86' lang='lat' dir='ltr'>primario</span> <span class='ocrx_word' id='word_1_166' title='bbox 671 828 859 852; x_wconf 84' lang='lat' dir='ltr'>numeratur</span> <span class='ocrx_word' id='word_1_167' title='bbox 876 834 885 860; x_wconf 81' lang='lat'>3</span> <span class='ocrx_word' id='word_1_168' title='bbox 904 815 1029 851; x_wconf 77' lang='lat' dir='ltr'>tametsi</span> <span class='ocrx_word' id='word_1_169' title='bbox 1042 815 1226 865; x_wconf 88' lang='lat' dir='ltr'>supponunt</span> <span class='ocrx_word' id='word_1_170' title='bbox 1241 829 1301 865; x_wconf 84' lang='lat' dir='ltr'>pro</span> <span class='ocrx_word' id='word_1_171' title='bbox 1317 815 1388 865; x_wconf 84' lang='lat' dir='ltr'>ipfis</span> <span class='ocrx_word' id='word_1_172' title='bbox 1403 819 1555 854; x_wconf 79' lang='lat' dir='ltr'>nummis,</span> <span class='ocrx_word' id='word_1_173' title='bbox 1567 819 1620 852; x_wconf 86' lang='lat' dir='ltr'>Sic</span> <span class='ocrx_word' id='word_1_174' title='bbox 1629 830 1728 853; x_wconf 86' lang='lat' dir='ltr'>voces</span> 
     </span>
     <span class='ocr_line' id='line_1_16' title="bbox 327 864 1732 916; baseline 0.001 -17"><span class='ocrx_word' id='word_1_175' title='bbox 327 875 385 899; x_wconf 80' lang='lat' dir='ltr'>aut</span> <span class='ocrx_word' id='word_1_176' title='bbox 402 876 580 913; x_wconf 78' lang='lat' dir='ltr'>conceptus</span> <span class='ocrx_word' id='word_1_177' title='bbox 598 864 668 900; x_wconf 84' lang='lat' dir='ltr'>sunt</span> <span class='ocrx_word' id='word_1_178' title='bbox 683 866 714 899; x_wconf 87' lang='lat' dir='ltr'>id</span> <span class='ocrx_word' id='word_1_179' title='bbox 736 871 821 914; x_wconf 80' lang='lat' dir='ltr'>cujus</span> <span class='ocrx_word' id='word_1_180' title='bbox 836 864 1004 901; x_wconf 82' lang='lat' dir='ltr'>beneficio</span> <span class='ocrx_word' id='word_1_181' title='bbox 1021 894 1031 908; x_wconf 89' lang='lat'>,</span> <span class='ocrx_word' id='word_1_182' title='bbox 1058 864 1112 899; x_wconf 86' lang='lat' dir='ltr'>seu</span> <span class='ocrx_word' id='word_1_183' title='bbox 1127 866 1159 899; x_wconf 90' lang='lat' dir='ltr'>id</span> <span class='ocrx_word' id='word_1_184' title='bbox 1183 879 1249 913; x_wconf 84' lang='lat' dir='ltr'>quo</span> <span class='ocrx_word' id='word_1_185' title='bbox 1262 879 1361 901; x_wconf 86' lang='lat' dir='ltr'>unum</span> <span class='ocrx_word' id='word_1_186' title='bbox 1377 867 1417 900; x_wconf 91' lang='lat' dir='ltr'>de</span> <span class='ocrx_word' id='word_1_187' title='bbox 1443 867 1548 902; x_wconf 85' lang='lat' dir='ltr'>altero</span> <span class='ocrx_word' id='word_1_188' title='bbox 1574 867 1732 916; x_wconf 68' lang='lat' dir='ltr'>praedica-</span> 
     </span>
    </p>
   </div>
   <div class='ocr_carea' id='block_1_2' title="bbox 330 923 1316 1000">
    <p class='ocr_par' dir='ltr' id='par_1_5' title="bbox 330 923 1316 1000">
     <span class='ocr_line' id='line_1_17' title="bbox 330 923 1316 1000; baseline -0.001 -2"><span class='ocrx_word' id='word_1_189' title='bbox 330 923 390 949; x_wconf 54' lang='grc' dir='ltr'>Μ’</span> <span class='ocrx_word' id='word_1_190' title='bbox 777 962 1162 1000; x_wconf 81' lang='lat' dir='ltr'>ARTICULUS</span> <span class='ocrx_word' id='word_1_191' title='bbox 1214 965 1316 1000; x_wconf 65' lang='grc' dir='ltr'>ιη’,</span> 
     </span>
    </p>
   </div>
   <div class='ocr_carea' id='block_1_3' title="bbox 753 1060 1337 1109">
    <p class='ocr_par' dir='ltr' id='par_1_6' title="bbox 753 1060 1337 1109">
     <span class='ocr_line' id='line_1_18' title="bbox 753 1060 1337 1109; baseline 0.005 -18"><span class='ocrx_word' id='word_1_192' title='bbox 753 1060 808 1093; x_wconf 81' lang='lat' dir='ltr'>De</span> <span class='ocrx_word' id='word_1_193' title='bbox 824 1060 996 1105; x_wconf 70' lang='lat' dir='ltr'>universali</span> <span class='ocrx_word' id='word_1_194' title='bbox 1017 1060 1317 1109; x_wconf 63' lang='lat' dir='ltr'>Peripateticorum,</span> <span class='ocrx_word' id='word_1_195' title='bbox 1332 1088 1337 1094; x_wconf 72' lang='grc'>,.</span> 
     </span>
    </p>
   </div>
   <div class='ocr_carea' id='block_1_4' title="bbox 310 1156 1728 2390">
    <p class='ocr_par' dir='ltr' id='par_1_7' title="bbox 321 1156 1724 1356">
     <span class='ocr_line' id='line_1_19' title="bbox 323 1156 1724 1243; baseline 0.006 -54"><span class='ocrx_word' id='word_1_196' title='bbox 323 1157 427 1243; x_wconf 78' lang='lat' dir='ltr'>EX</span> <span class='ocrx_word' id='word_1_197' title='bbox 448 1157 540 1193; x_wconf 63' lang='lat' dir='ltr'>distis</span> <span class='ocrx_word' id='word_1_198' title='bbox 553 1156 658 1205; x_wconf 87' lang='lat' dir='ltr'>liquet</span> <span class='ocrx_word' id='word_1_199' title='bbox 669 1167 791 1206; x_wconf 74' lang='lat' dir='ltr'>¹praeter</span> <span class='ocrx_word' id='word_1_200' title='bbox 805 1157 894 1193; x_wconf 79' lang='lat' dir='ltr'>ideas</span> <span class='ocrx_word' id='word_1_201' title='bbox 909 1157 1093 1194; x_wconf 81' lang='lat' dir='ltr'>Platonicas</span> <span class='ocrx_word' id='word_1_202' title='bbox 1103 1188 1112 1203; x_wconf 90' lang='lat'><strong><em>,</em></strong></span> <span class='ocrx_word' id='word_1_203' title='bbox 1124 1170 1241 1207; x_wconf 85' lang='lat' dir='ltr'>praeter</span> <span class='ocrx_word' id='word_1_204' title='bbox 1254 1170 1352 1194; x_wconf 82' lang='lat' dir='ltr'>voces</span> <span class='ocrx_word' id='word_1_205' title='bbox 1372 1164 1406 1196; x_wconf 90' lang='lat'>&amp;</span> <span class='ocrx_word' id='word_1_206' title='bbox 1416 1171 1593 1210; x_wconf 88' lang='lat' dir='ltr'>conceptus</span> <span class='ocrx_word' id='word_1_207' title='bbox 1603 1165 1724 1199; x_wconf 57' lang='lat' dir='ltr'>Nomia</span> 
     </span>
     <span class='ocr_line' id='line_1_20' title="bbox 395 1206 1724 1263; baseline 0.005 -21"><span class='ocrx_word' id='word_1_208' title='bbox 395 1206 520 1242; x_wconf 88' lang='lat' dir='ltr'>nalium</span> <span class='ocrx_word' id='word_1_209' title='bbox 534 1208 663 1241; x_wconf 75' lang='lat' dir='ltr'>admitti</span> <span class='ocrx_word' id='word_1_210' title='bbox 681 1218 835 1256; x_wconf 80' lang='lat' dir='ltr'>oportere</span> <span class='ocrx_word' id='word_1_211' title='bbox 850 1209 885 1242; x_wconf 92' lang='lat' dir='ltr'>in</span> <span class='ocrx_word' id='word_1_212' title='bbox 898 1207 995 1242; x_wconf 84' lang='lat' dir='ltr'>rebus</span> <span class='ocrx_word' id='word_1_213' title='bbox 1013 1207 1084 1257; x_wconf 85' lang='lat' dir='ltr'>ipsis</span> <span class='ocrx_word' id='word_1_214' title='bbox 1106 1220 1237 1243; x_wconf 76' lang='lat' dir='ltr'>naturas</span> <span class='ocrx_word' id='word_1_215' title='bbox 1257 1209 1454 1244; x_wconf 77' lang='lat' dir='ltr'>universales</span> <span class='ocrx_word' id='word_1_216' title='bbox 1472 1215 1506 1247; x_wconf 91' lang='lat'>&amp;</span> <span class='ocrx_word' id='word_1_217' title='bbox 1519 1223 1724 1263; x_wconf 70' lang='lat' dir='ltr'>communes,</span> 
     </span>
     <span class='ocr_line' id='line_1_21' title="bbox 324 1254 1696 1305; baseline 0.005 -15"><span class='ocrx_word' id='word_1_218' title='bbox 324 1259 358 1293; x_wconf 88' lang='lat' dir='ltr'>in</span> <span class='ocrx_word' id='word_1_219' title='bbox 375 1254 490 1305; x_wconf 77' lang='lat' dir='ltr'>quibus</span> <span class='ocrx_word' id='word_1_220' title='bbox 516 1268 631 1290; x_wconf 87' lang='lat' dir='ltr'>omnes</span> <span class='ocrx_word' id='word_1_221' title='bbox 649 1255 964 1292; x_wconf 64' lang='lat' dir='ltr'>scientiae-versantur</span> <span class='ocrx_word' id='word_1_222' title='bbox 987 1271 994 1292; x_wconf 93' lang='lat'>:</span> <span class='ocrx_word' id='word_1_223' title='bbox 1014 1269 1123 1305; x_wconf 84' lang='lat' dir='ltr'>neque</span> <span class='ocrx_word' id='word_1_224' title='bbox 1141 1261 1228 1293; x_wconf 88' lang='lat' dir='ltr'>enim</span> <span class='ocrx_word' id='word_1_225' title='bbox 1245 1261 1425 1294; x_wconf 83' lang='lat' dir='ltr'>Geometra</span> <span class='ocrx_word' id='word_1_226' title='bbox 1442 1258 1529 1294; x_wconf 88' lang='lat' dir='ltr'>hunc</span> <span class='ocrx_word' id='word_1_227' title='bbox 1543 1261 1696 1297; x_wconf 87' lang='lat' dir='ltr'>circulum</span> 
     </span>
     <span class='ocr_line' id='line_1_22' title="bbox 321 1300 1721 1356; baseline 0.004 -16"><span class='ocrx_word' id='word_1_228' title='bbox 321 1305 375 1341; x_wconf 87' lang='lat' dir='ltr'>sed</span> <span class='ocrx_word' id='word_1_229' title='bbox 392 1317 543 1342; x_wconf 85' lang='lat' dir='ltr'>naturam</span> <span class='ocrx_word' id='word_1_230' title='bbox 555 1305 661 1340; x_wconf 85' lang='lat' dir='ltr'>circuli</span> <span class='ocrx_word' id='word_1_231' title='bbox 674 1334 683 1349; x_wconf 81' lang='lat'>‚</span> <span class='ocrx_word' id='word_1_232' title='bbox 701 1317 737 1339; x_wconf 90' lang='lat' dir='ltr'>ut</span> <span class='ocrx_word' id='word_1_233' title='bbox 750 1304 896 1354; x_wconf 76' lang='lat' dir='ltr'>Phyficus</span> <span class='ocrx_word' id='word_1_234' title='bbox 911 1318 1061 1342; x_wconf 78' lang='lat' dir='ltr'>naturam</span> <span class='ocrx_word' id='word_1_235' title='bbox 1079 1306 1255 1342; x_wconf 81' lang='lat' dir='ltr'>humanam</span> <span class='ocrx_word' id='word_1_236' title='bbox 1269 1307 1518 1356; x_wconf 78' lang='lat' dir='ltr'>contemplatur.</span> <span class='ocrx_word' id='word_1_237' title='bbox 1709 1300 1721 1316; x_wconf 69' lang='lat'>&#39;</span> 
     </span>
    </p>

    <p class='ocr_par' dir='ltr' id='par_1_8' title="bbox 315 1354 1728 1797">
     <span class='ocr_line' id='line_1_23' title="bbox 361 1354 1728 1404; baseline 0.005 -14"><span class='ocrx_word' id='word_1_238' title='bbox 361 1358 439 1390; x_wconf 86' lang='lat' dir='ltr'>Hoc</span> <span class='ocrx_word' id='word_1_239' title='bbox 456 1357 563 1402; x_wconf 78' lang='lat' dir='ltr'>itaque</span> <span class='ocrx_word' id='word_1_240' title='bbox 579 1356 621 1389; x_wconf 85' lang='lat' dir='ltr'>est</span> <span class='ocrx_word' id='word_1_241' title='bbox 637 1354 816 1389; x_wconf 80' lang='lat' dir='ltr'>universale</span> <span class='ocrx_word' id='word_1_242' title='bbox 845 1358 1136 1404; x_wconf 75' lang='lat' dir='ltr'>Peripateticorum</span> <span class='ocrx_word' id='word_1_243' title='bbox 1156 1386 1165 1400; x_wconf 85' lang='lat'>,</span> <span class='ocrx_word' id='word_1_244' title='bbox 1183 1357 1272 1404; x_wconf 88' lang='lat' dir='ltr'>quod</span> <span class='ocrx_word' id='word_1_245' title='bbox 1293 1358 1335 1391; x_wconf 89' lang='lat' dir='ltr'>est</span> <span class='ocrx_word' id='word_1_246' title='bbox 1351 1370 1455 1392; x_wconf 83' lang='lat' dir='ltr'>unum</span> <span class='ocrx_word' id='word_1_247' title='bbox 1477 1360 1511 1393; x_wconf 90' lang='lat' dir='ltr'>in</span> <span class='ocrx_word' id='word_1_248' title='bbox 1534 1360 1644 1395; x_wconf 83' lang='lat' dir='ltr'>multis</span> <span class='ocrx_word' id='word_1_249' title='bbox 1661 1376 1668 1395; x_wconf 89' lang='lat'><strong>:</strong></span> <span class='ocrx_word' id='word_1_250' title='bbox 1685 1375 1728 1397; x_wconf 53' lang='lat' dir='ltr'>ut*</span> 
     </span>
     <span class='ocr_line' id='line_1_24' title="bbox 320 1403 1722 1454; baseline 0.004 -15"><span class='ocrx_word' id='word_1_251' title='bbox 320 1403 477 1454; x_wconf 71' lang='lat' dir='ltr'>singulare</span> <span class='ocrx_word' id='word_1_252' title='bbox 499 1434 508 1447; x_wconf 88' lang='lat'>,</span> <span class='ocrx_word' id='word_1_253' title='bbox 527 1404 581 1439; x_wconf 82' lang='lat' dir='ltr'>vel</span> <span class='ocrx_word' id='word_1_254' title='bbox 614 1405 818 1439; x_wconf 86' lang='lat' dir='ltr'>individuum</span> <span class='ocrx_word' id='word_1_255' title='bbox 836 1407 880 1439; x_wconf 87' lang='lat' dir='ltr'>ita</span> <span class='ocrx_word' id='word_1_256' title='bbox 894 1418 952 1453; x_wconf 88' lang='lat' dir='ltr'>pet</span> <span class='ocrx_word' id='word_1_257' title='bbox 966 1404 995 1441; x_wconf 89' lang='lat' dir='ltr'>se</span> <span class='ocrx_word' id='word_1_258' title='bbox 1013 1406 1118 1441; x_wconf 86' lang='lat' dir='ltr'>existit</span> <span class='ocrx_word' id='word_1_259' title='bbox 1142 1435 1152 1449; x_wconf 88' lang='lat'>,</span> <span class='ocrx_word' id='word_1_260' title='bbox 1176 1418 1212 1441; x_wconf 88' lang='lat' dir='ltr'>ut</span> <span class='ocrx_word' id='word_1_261' title='bbox 1234 1406 1315 1442; x_wconf 88' lang='lat' dir='ltr'>nulli</span> <span class='ocrx_word' id='word_1_262' title='bbox 1338 1406 1430 1442; x_wconf 77' lang='lat' dir='ltr'>alteri</span> <span class='ocrx_word' id='word_1_263' title='bbox 1457 1412 1654 1445; x_wconf 87' lang='lat' dir='ltr'>conveniat:</span> <span class='ocrx_word' id='word_1_264' title='bbox 1677 1412 1722 1445; x_wconf 86' lang='lat' dir='ltr'>est</span> 
     </span>
     <span class='ocr_line' id='line_1_25' title="bbox 321 1453 1718 1505; baseline 0.004 -17"><span class='ocrx_word' id='word_1_265' title='bbox 321 1457 412 1489; x_wconf 84' lang='lat' dir='ltr'>enim</span> <span class='ocrx_word' id='word_1_266' title='bbox 431 1465 522 1487; x_wconf 87' lang='lat' dir='ltr'>certo</span> <span class='ocrx_word' id='word_1_267' title='bbox 537 1453 612 1487; x_wconf 90' lang='lat' dir='ltr'>loco</span> <span class='ocrx_word' id='word_1_268' title='bbox 629 1459 662 1489; x_wconf 86' lang='lat'>&amp;</span> <span class='ocrx_word' id='word_1_269' title='bbox 676 1456 817 1502; x_wconf 81' lang='lat' dir='ltr'>tempori</span> <span class='ocrx_word' id='word_1_270' title='bbox 832 1454 1012 1498; x_wconf 66' lang='lat' dir='ltr'>addietum,</span> <span class='ocrx_word' id='word_1_271' title='bbox 1028 1461 1062 1491; x_wconf 89' lang='lat'>&amp;</span> <span class='ocrx_word' id='word_1_272' title='bbox 1076 1457 1216 1490; x_wconf 91' lang='lat' dir='ltr'>omnino</span> <span class='ocrx_word' id='word_1_273' title='bbox 1227 1457 1492 1499; x_wconf 85' lang='lat' dir='ltr'>determinatum,</span> <span class='ocrx_word' id='word_1_274' title='bbox 1507 1459 1604 1505; x_wconf 88' lang='lat' dir='ltr'>idque</span> <span class='ocrx_word' id='word_1_275' title='bbox 1617 1472 1718 1494; x_wconf 88' lang='lat' dir='ltr'>unum</span> 
     </span>
     <span class='ocr_line' id='line_1_26' title="bbox 319 1502 1719 1555; baseline 0.005 -18"><span class='ocrx_word' id='word_1_276' title='bbox 319 1515 459 1537; x_wconf 88' lang='lat' dir='ltr'>numero</span> <span class='ocrx_word' id='word_1_277' title='bbox 473 1502 604 1536; x_wconf 88' lang='lat' dir='ltr'>dicitur:</span> <span class='ocrx_word' id='word_1_278' title='bbox 624 1513 658 1535; x_wconf 87' lang='lat' dir='ltr'>ut</span> <span class='ocrx_word' id='word_1_279' title='bbox 674 1505 831 1536; x_wconf 80' lang='lat' dir='ltr'>Socrates.</span> <span class='ocrx_word' id='word_1_280' title='bbox 853 1503 981 1538; x_wconf 78' lang='lat' dir='ltr'>Contra</span> <span class='ocrx_word' id='word_1_281' title='bbox 996 1532 1005 1546; x_wconf 85' lang='lat'>,</span> <span class='ocrx_word' id='word_1_282' title='bbox 1016 1502 1202 1539; x_wconf 85' lang='lat' dir='ltr'>universalis</span> <span class='ocrx_word' id='word_1_283' title='bbox 1214 1507 1350 1539; x_wconf 86' lang='lat' dir='ltr'>nomine</span> <span class='ocrx_word' id='word_1_284' title='bbox 1363 1505 1604 1552; x_wconf 66' lang='lat' dir='ltr'>perfeffionem</span> <span class='ocrx_word' id='word_1_285' title='bbox 1615 1521 1719 1555; x_wconf 84' lang='lat' dir='ltr'>quan-</span> 
     </span>
     <span class='ocr_line' id='line_1_27' title="bbox 318 1550 1717 1602; baseline 0.004 -16"><span class='ocrx_word' id='word_1_286' title='bbox 318 1552 397 1586; x_wconf 87' lang='lat' dir='ltr'>dam</span> <span class='ocrx_word' id='word_1_287' title='bbox 414 1581 423 1595; x_wconf 80' lang='lat'>‚</span> <span class='ocrx_word' id='word_1_288' title='bbox 437 1561 490 1585; x_wconf 88' lang='lat' dir='ltr'>aut</span> <span class='ocrx_word' id='word_1_289' title='bbox 501 1551 639 1599; x_wconf 74' lang='lat' dir='ltr'>gradum</span> <span class='ocrx_word' id='word_1_290' title='bbox 654 1578 663 1592; x_wconf 81' lang='grc'>,</span> <span class='ocrx_word' id='word_1_291' title='bbox 682 1553 716 1585; x_wconf 90' lang='lat' dir='ltr'>in</span> <span class='ocrx_word' id='word_1_292' title='bbox 728 1563 795 1598; x_wconf 86' lang='lat' dir='ltr'>quo</span> <span class='ocrx_word' id='word_1_293' title='bbox 816 1550 919 1586; x_wconf 86' lang='lat' dir='ltr'>multa</span> <span class='ocrx_word' id='word_1_294' title='bbox 930 1554 1131 1587; x_wconf 80' lang='lat' dir='ltr'>conveniunt</span> <span class='ocrx_word' id='word_1_295' title='bbox 1151 1581 1161 1595; x_wconf 87' lang='lat'>,</span> <span class='ocrx_word' id='word_1_296' title='bbox 1175 1556 1316 1589; x_wconf 84' lang='lat' dir='ltr'>omnino</span> <span class='ocrx_word' id='word_1_297' title='bbox 1329 1554 1540 1602; x_wconf 80' lang='lat' dir='ltr'>intelligimus</span> <span class='ocrx_word' id='word_1_298' title='bbox 1554 1585 1565 1599; x_wconf 83' lang='grc'>,</span> <span class='ocrx_word' id='word_1_299' title='bbox 1592 1569 1631 1591; x_wconf 91' lang='lat' dir='ltr'>eo</span> <span class='ocrx_word' id='word_1_300' title='bbox 1644 1560 1717 1592; x_wconf 82' lang='lat' dir='ltr'>uni-</span> 
     </span>
     <span class='ocr_line' id='line_1_28' title="bbox 316 1601 1716 1655; baseline 0.004 -20"><span class='ocrx_word' id='word_1_301' title='bbox 316 1601 527 1635; x_wconf 80' lang='lat' dir='ltr'>versaliorem</span> <span class='ocrx_word' id='word_1_302' title='bbox 549 1629 558 1643; x_wconf 86' lang='lat'>‚</span> <span class='ocrx_word' id='word_1_303' title='bbox 586 1613 651 1647; x_wconf 87' lang='lat' dir='ltr'>quo</span> <span class='ocrx_word' id='word_1_304' title='bbox 669 1602 776 1634; x_wconf 88' lang='lat' dir='ltr'>minus</span> <span class='ocrx_word' id='word_1_305' title='bbox 797 1601 1052 1636; x_wconf 85' lang='lat' dir='ltr'>determinatum</span> <span class='ocrx_word' id='word_1_306' title='bbox 1072 1616 1080 1637; x_wconf 89' lang='lat'>:</span> <span class='ocrx_word' id='word_1_307' title='bbox 1105 1614 1141 1637; x_wconf 88' lang='lat' dir='ltr'>ut</span> <span class='ocrx_word' id='word_1_308' title='bbox 1153 1603 1271 1650; x_wconf 77' lang='lat' dir='ltr'>gradus</span> <span class='ocrx_word' id='word_1_309' title='bbox 1294 1602 1471 1639; x_wconf 83' lang='lat' dir='ltr'>substantiae</span> <span class='ocrx_word' id='word_1_310' title='bbox 1492 1604 1583 1639; x_wconf 84' lang='lat' dir='ltr'>latius</span> <span class='ocrx_word' id='word_1_311' title='bbox 1601 1618 1693 1655; x_wconf 83' lang='lat' dir='ltr'>patet</span> <span class='ocrx_word' id='word_1_312' title='bbox 1706 1636 1716 1650; x_wconf 90' lang='lat'>‚</span> 
     </span>
     <span class='ocr_line' id='line_1_29' title="bbox 315 1649 1714 1703; baseline 0.004 -18"><span class='ocrx_word' id='word_1_313' title='bbox 315 1649 418 1697; x_wconf 67' lang='lat' dir='ltr'>quam</span> <span class='ocrx_word' id='word_1_314' title='bbox 431 1650 544 1699; x_wconf 82' lang='lat' dir='ltr'>gradus</span> <span class='ocrx_word' id='word_1_315' title='bbox 556 1651 709 1697; x_wconf 85' lang='lat' dir='ltr'>corporis.</span> <span class='ocrx_word' id='word_1_316' title='bbox 738 1661 875 1697; x_wconf 84' lang='lat' dir='ltr'>uterque</span> <span class='ocrx_word' id='word_1_317' title='bbox 896 1661 1009 1686; x_wconf 85' lang='lat' dir='ltr'>tamen</span> <span class='ocrx_word' id='word_1_318' title='bbox 1021 1680 1031 1694; x_wconf 89' lang='lat'>,</span> <span class='ocrx_word' id='word_1_319' title='bbox 1049 1663 1085 1685; x_wconf 89' lang='lat' dir='ltr'>ut</span> <span class='ocrx_word' id='word_1_320' title='bbox 1099 1652 1253 1698; x_wconf 75' lang='lat' dir='ltr'>quiddam</span> <span class='ocrx_word' id='word_1_321' title='bbox 1279 1652 1457 1687; x_wconf 88' lang='lat' dir='ltr'>universale</span> <span class='ocrx_word' id='word_1_322' title='bbox 1475 1656 1509 1688; x_wconf 89' lang='lat' dir='ltr'>in</span> <span class='ocrx_word' id='word_1_323' title='bbox 1528 1653 1625 1688; x_wconf 87' lang='lat' dir='ltr'>rebus</span> <span class='ocrx_word' id='word_1_324' title='bbox 1644 1654 1714 1703; x_wconf 82' lang='lat' dir='ltr'>ipfis</span> 
     </span>
     <span class='ocr_line' id='line_1_30' title="bbox 317 1697 1713 1748; baseline 0.003 -13"><span class='ocrx_word' id='word_1_325' title='bbox 317 1705 351 1735; x_wconf 86' lang='lat'>&amp;</span> <span class='ocrx_word' id='word_1_326' title='bbox 367 1697 575 1747; x_wconf 75' lang='lat' dir='ltr'>singularibus</span> <span class='ocrx_word' id='word_1_327' title='bbox 592 1698 731 1734; x_wconf 84' lang='lat' dir='ltr'>existens</span> <span class='ocrx_word' id='word_1_328' title='bbox 751 1728 762 1743; x_wconf 84' lang='grc'>,</span> <span class='ocrx_word' id='word_1_329' title='bbox 782 1699 873 1748; x_wconf 88' lang='lat' dir='ltr'>quod</span> <span class='ocrx_word' id='word_1_330' title='bbox 892 1710 939 1733; x_wconf 30' lang='lat' dir='ltr'>ex*</span> <span class='ocrx_word' id='word_1_331' title='bbox 952 1698 982 1735; x_wconf 91' lang='lat' dir='ltr'>se</span> <span class='ocrx_word' id='word_1_332' title='bbox 996 1699 1077 1735; x_wconf 80' lang='lat' dir='ltr'>nulli</span> <span class='ocrx_word' id='word_1_333' title='bbox 1101 1702 1265 1748; x_wconf 84' lang='lat' dir='ltr'>tempori,</span> <span class='ocrx_word' id='word_1_334' title='bbox 1290 1699 1345 1735; x_wconf 83' lang='lat' dir='ltr'>vel</span> <span class='ocrx_word' id='word_1_335' title='bbox 1356 1699 1436 1735; x_wconf 8' lang='lat' dir='ltr'>eloco</span> <span class='ocrx_word' id='word_1_336' title='bbox 1462 1702 1628 1738; x_wconf 67' lang='lat' dir='ltr'>addietum</span> <span class='ocrx_word' id='word_1_337' title='bbox 1648 1704 1713 1748; x_wconf 88' lang='lat' dir='ltr'>est,</span> 
     </span>
     <span class='ocr_line' id='line_1_31' title="bbox 319 1750 511 1797; baseline 0.01 -15"><span class='ocrx_word' id='word_1_338' title='bbox 319 1750 511 1797; x_wconf 84' lang='lat' dir='ltr'>concipitur.</span> 
     </span>
    </p>

    <p class='ocr_par' dir='ltr' id='par_1_9' title="bbox 312 1796 1711 1940">
     <span class='ocr_line' id='line_1_32' title="bbox 350 1796 1711 1849; baseline 0.002 -18"><span class='ocrx_word' id='word_1_339' title='bbox 350 1798 388 1831; x_wconf 90' lang='lat' dir='ltr'>Id</span> <span class='ocrx_word' id='word_1_340' title='bbox 404 1810 503 1845; x_wconf 84' lang='lat' dir='ltr'>porro</span> <span class='ocrx_word' id='word_1_341' title='bbox 515 1796 695 1832; x_wconf 80' lang='lat' dir='ltr'>universale</span> <span class='ocrx_word' id='word_1_342' title='bbox 712 1797 794 1833; x_wconf 87' lang='lat' dir='ltr'>solet</span> <span class='ocrx_word' id='word_1_343' title='bbox 806 1797 1058 1848; x_wconf 52' lang='lat' dir='ltr'>&amp;Peripateticis</span> <span class='ocrx_word' id='word_1_344' title='bbox 1077 1797 1204 1833; x_wconf 85' lang='lat' dir='ltr'>definiri</span> <span class='ocrx_word' id='word_1_345' title='bbox 1221 1828 1230 1843; x_wconf 85' lang='lat'>,</span> <span class='ocrx_word' id='word_1_346' title='bbox 1249 1812 1346 1834; x_wconf 76' lang='lat' dir='ltr'>unum</span> <span class='ocrx_word' id='word_1_347' title='bbox 1365 1809 1477 1849; x_wconf 74' lang='lat' dir='ltr'>aptum</span> <span class='ocrx_word' id='word_1_348' title='bbox 1496 1800 1584 1847; x_wconf 70' lang='lat' dir='ltr'>ineffe</span> <span class='ocrx_word' id='word_1_349' title='bbox 1600 1800 1711 1835; x_wconf 83' lang='lat' dir='ltr'>multis</span> 
     </span>
     <span class='ocr_line' id='line_1_33' title="bbox 315 1846 1710 1898; baseline 0.004 -19"><span class='ocrx_word' id='word_1_350' title='bbox 315 1849 448 1880; x_wconf 72' lang='lat' dir='ltr'>univoce</span> <span class='ocrx_word' id='word_1_351' title='bbox 465 1846 503 1881; x_wconf 55' lang='grc' dir='ltr'><em>ὠ</em></span> <span class='ocrx_word' id='word_1_352' title='bbox 518 1847 646 1892; x_wconf 79' lang='lat' dir='ltr'>divifim</span> <span class='ocrx_word' id='word_1_353' title='bbox 662 1861 672 1880; x_wconf 90' lang='lat'><em>:</em></span> <span class='ocrx_word' id='word_1_354' title='bbox 693 1859 750 1882; x_wconf 86' lang='lat' dir='ltr'>aut</span> <span class='ocrx_word' id='word_1_355' title='bbox 774 1848 873 1897; x_wconf 87' lang='lat' dir='ltr'>paulo</span> <span class='ocrx_word' id='word_1_356' title='bbox 884 1849 993 1894; x_wconf 82' lang='lat' dir='ltr'>aliter,</span> <span class='ocrx_word' id='word_1_357' title='bbox 1017 1861 1126 1884; x_wconf 78' lang='lat' dir='ltr'>unum·</span> <span class='ocrx_word' id='word_1_358' title='bbox 1141 1859 1253 1897; x_wconf 78' lang='lat' dir='ltr'>aptum</span> <span class='ocrx_word' id='word_1_359' title='bbox 1269 1848 1440 1898; x_wconf 66' lang='lat' dir='ltr'>praedicari</span> <span class='ocrx_word' id='word_1_360' title='bbox 1457 1849 1496 1883; x_wconf 85' lang='lat' dir='ltr'>de</span> <span class='ocrx_word' id='word_1_361' title='bbox 1516 1849 1625 1883; x_wconf 77' lang='lat' dir='ltr'>multis</span> <span class='ocrx_word' id='word_1_362' title='bbox 1639 1852 1710 1884; x_wconf 83' lang='lat' dir='ltr'>um·-</span> 
     </span>
     <span class='ocr_line' id='line_1_34' title="bbox 312 1895 608 1940; baseline 0.007 -12"><span class='ocrx_word' id='word_1_363' title='bbox 312 1908 389 1928; x_wconf 72' lang='lat' dir='ltr'>voce</span> <span class='ocrx_word' id='word_1_364' title='bbox 407 1895 444 1930; x_wconf 71' lang='lat' dir='ltr'>C·</span> <span class='ocrx_word' id='word_1_365' title='bbox 468 1896 608 1940; x_wconf 81' lang='lat' dir='ltr'>divifim.</span> 
     </span>
    </p>

    <p class='ocr_par' dir='ltr' id='par_1_10' title="bbox 310 1944 1709 2238">
     <span class='ocr_line' id='line_1_35' title="bbox 349 1944 1705 1997; baseline 0.004 -18"><span class='ocrx_word' id='word_1_366' title='bbox 349 1946 456 1979; x_wconf 76' lang='lat' dir='ltr'>Prima</span> <span class='ocrx_word' id='word_1_367' title='bbox 472 1944 623 1981; x_wconf 85' lang='lat' dir='ltr'>definitio</span> <span class='ocrx_word' id='word_1_368' title='bbox 638 1946 779 1995; x_wconf 77' lang='lat' dir='ltr'>explicat</span> <span class='ocrx_word' id='word_1_369' title='bbox 792 1944 959 1981; x_wconf 83' lang='lat' dir='ltr'>essentiam</span> <span class='ocrx_word' id='word_1_370' title='bbox 980 1945 1186 1989; x_wconf 78' lang='lat' dir='ltr'>universalis3</span> <span class='ocrx_word' id='word_1_371' title='bbox 1207 1944 1345 1982; x_wconf 86' lang='lat' dir='ltr'>secunda</span> <span class='ocrx_word' id='word_1_372' title='bbox 1370 1953 1433 1997; x_wconf 86' lang='lat' dir='ltr'>ejus</span> <span class='ocrx_word' id='word_1_373' title='bbox 1452 1949 1705 1997; x_wconf 86' lang='lat' dir='ltr'>proprietatem:</span> 
     </span>
     <span class='ocr_line' id='line_1_36' title="bbox 314 1994 1709 2046; baseline 0.006 -19"><span class='ocrx_word' id='word_1_374' title='bbox 314 2006 352 2028; x_wconf 75' lang='lat' dir='ltr'>ex</span> <span class='ocrx_word' id='word_1_375' title='bbox 375 2007 411 2029; x_wconf 60' lang='lat' dir='ltr'>eo</span> <span class='ocrx_word' id='word_1_376' title='bbox 431 1995 522 2029; x_wconf 83' lang='lat' dir='ltr'>enim</span> <span class='ocrx_word' id='word_1_377' title='bbox 537 1995 624 2043; x_wconf 90' lang='lat' dir='ltr'>quod</span> <span class='ocrx_word' id='word_1_378' title='bbox 641 1996 762 2043; x_wconf 83' lang='lat' dir='ltr'>aliquid</span> <span class='ocrx_word' id='word_1_379' title='bbox 781 1994 817 2029; x_wconf 87' lang='lat' dir='ltr'>sit</span> <span class='ocrx_word' id='word_1_380' title='bbox 828 2008 930 2030; x_wconf 89' lang='lat' dir='ltr'>unum</span> <span class='ocrx_word' id='word_1_381' title='bbox 951 1997 984 2030; x_wconf 90' lang='lat' dir='ltr'>in</span> <span class='ocrx_word' id='word_1_382' title='bbox 1010 1995 1118 2029; x_wconf 85' lang='lat' dir='ltr'>multis</span> <span class='ocrx_word' id='word_1_383' title='bbox 1133 2025 1141 2039; x_wconf 85' lang='lat'>,</span> <span class='ocrx_word' id='word_1_384' title='bbox 1160 1995 1298 2043; x_wconf 88' lang='lat' dir='ltr'>sequitur</span> <span class='ocrx_word' id='word_1_385' title='bbox 1317 1998 1348 2031; x_wconf 89' lang='lat' dir='ltr'>id</span> <span class='ocrx_word' id='word_1_386' title='bbox 1372 1995 1460 2046; x_wconf 81' lang='lat' dir='ltr'>poffe</span> <span class='ocrx_word' id='word_1_387' title='bbox 1485 1997 1546 2032; x_wconf 84' lang='lat' dir='ltr'>illis</span> <span class='ocrx_word' id='word_1_388' title='bbox 1565 1997 1709 2036; x_wconf 38' lang='lat' dir='ltr'>attribu&amp;</span> 
     </span>
     <span class='ocr_line' id='line_1_37' title="bbox 314 2043 1705 2093; baseline 0.004 -18"><span class='ocrx_word' id='word_1_389' title='bbox 314 2044 420 2079; x_wconf 82' lang='lat' dir='ltr'>Prima</span> <span class='ocrx_word' id='word_1_390' title='bbox 444 2046 542 2078; x_wconf 74' lang='lat' dir='ltr'>etiam</span> <span class='ocrx_word' id='word_1_391' title='bbox 571 2043 721 2079; x_wconf 67' lang='lat' dir='ltr'>definitio</span> <span class='ocrx_word' id='word_1_392' title='bbox 740 2044 918 2080; x_wconf 83' lang='lat' dir='ltr'>universale</span> <span class='ocrx_word' id='word_1_393' title='bbox 937 2043 1197 2093; x_wconf 79' lang='lat' dir='ltr'>metapliyficum</span> <span class='ocrx_word' id='word_1_394' title='bbox 1221 2074 1230 2087; x_wconf 88' lang='lat'>‚</span> <span class='ocrx_word' id='word_1_395' title='bbox 1246 2058 1281 2080; x_wconf 88' lang='lat' dir='ltr'>ut</span> <span class='ocrx_word' id='word_1_396' title='bbox 1299 2045 1435 2082; x_wconf 82' lang='lat' dir='ltr'>secunda</span> <span class='ocrx_word' id='word_1_397' title='bbox 1460 2046 1639 2081; x_wconf 81' lang='lat' dir='ltr'>universale</span> <span class='ocrx_word' id='word_1_398' title='bbox 1654 2048 1705 2083; x_wconf 83' lang='lat' dir='ltr'>lo-</span> 
     </span>
     <span class='ocr_line' id='line_1_38' title="bbox 310 2092 1704 2144; baseline 0.005 -19"><span class='ocrx_word' id='word_1_399' title='bbox 310 2095 421 2139; x_wconf 65' lang='lat' dir='ltr'>giem]</span> <span class='ocrx_word' id='word_1_400' title='bbox 441 2096 601 2140; x_wconf 44' lang='lat' dir='ltr'>xpm-it:</span> <span class='ocrx_word' id='word_1_401' title='bbox 615 2092 747 2129; x_wconf 71' lang='lat' dir='ltr'>effentia</span> <span class='ocrx_word' id='word_1_402' title='bbox 759 2097 847 2129; x_wconf 79' lang='lat' dir='ltr'>enim</span> <span class='ocrx_word' id='word_1_403' title='bbox 868 2097 1050 2129; x_wconf 72' lang='lat' dir='ltr'>communis</span> <span class='ocrx_word' id='word_1_404' title='bbox 1068 2095 1237 2129; x_wconf 58' lang='lat' dir='ltr'>fecundum</span> <span class='ocrx_word' id='word_1_405' title='bbox 1250 2095 1279 2129; x_wconf 82' lang='lat' dir='ltr'>se</span> <span class='ocrx_word' id='word_1_406' title='bbox 1300 2094 1497 2131; x_wconf 84' lang='lat' dir='ltr'>considerata</span> <span class='ocrx_word' id='word_1_407' title='bbox 1518 2096 1562 2129; x_wconf 82' lang='lat' dir='ltr'>est</span> <span class='ocrx_word' id='word_1_408' title='bbox 1580 2095 1704 2144; x_wconf 83' lang='lat' dir='ltr'>aliquid</span> 
     </span>
     <span class='ocr_line' id='line_1_39' title="bbox 312 2141 1705 2193; baseline 0.004 -19"><span class='ocrx_word' id='word_1_409' title='bbox 312 2143 444 2190; x_wconf 74' lang='lat' dir='ltr'>metipb</span> <span class='ocrx_word' id='word_1_410' title='bbox 453 2141 580 2181; x_wconf 69' lang='lat' dir='ltr'>vficum.</span> <span class='ocrx_word' id='word_1_411' title='bbox 607 2145 729 2178; x_wconf 66' lang='lat' dir='ltr'>Eadem</span> <span class='ocrx_word' id='word_1_412' title='bbox 749 2156 863 2178; x_wconf 87' lang='lat' dir='ltr'>natura</span> <span class='ocrx_word' id='word_1_413' title='bbox 877 2155 911 2178; x_wconf 88' lang='lat' dir='ltr'>ut</span> <span class='ocrx_word' id='word_1_414' title='bbox 931 2143 1142 2192; x_wconf 84' lang='lat' dir='ltr'>praedicabilis</span> <span class='ocrx_word' id='word_1_415' title='bbox 1156 2175 1165 2188; x_wconf 82' lang='lat'>‚</span> <span class='ocrx_word' id='word_1_416' title='bbox 1190 2145 1233 2179; x_wconf 84' lang='lat' dir='ltr'>est</span> <span class='ocrx_word' id='word_1_417' title='bbox 1251 2144 1429 2180; x_wconf 80' lang='lat' dir='ltr'>universale</span> <span class='ocrx_word' id='word_1_418' title='bbox 1442 2145 1607 2193; x_wconf 81' lang='lat' dir='ltr'>logicum:</span> <span class='ocrx_word' id='word_1_419' title='bbox 1628 2148 1705 2193; x_wconf 86' lang='lat' dir='ltr'>quia</span> 
     </span>
     <span class='ocr_line' id='line_1_40' title="bbox 312 2191 1110 2238; baseline 0.006 -15"><span class='ocrx_word' id='word_1_420' title='bbox 312 2191 433 2238; x_wconf 65' lang='lat' dir='ltr'>Logica</span> <span class='ocrx_word' id='word_1_421' title='bbox 454 2191 633 2226; x_wconf 80' lang='lat' dir='ltr'>considerat</span> <span class='ocrx_word' id='word_1_422' title='bbox 642 2205 734 2228; x_wconf 45' lang='lat' dir='ltr'>reiut</span> <span class='ocrx_word' id='word_1_423' title='bbox 746 2192 859 2227; x_wconf 77' lang='lat' dir='ltr'>suntin</span> <span class='ocrx_word' id='word_1_424' title='bbox 871 2206 981 2227; x_wconf 74' lang='lat' dir='ltr'>mente</span> <span class='ocrx_word' id='word_1_425' title='bbox 994 2194 1110 2228; x_wconf 83' lang='lat' dir='ltr'>nostra-</span> 
     </span>
    </p>

    <p class='ocr_par' dir='ltr' id='par_1_11' title="bbox 310 2241 1701 2390">
     <span class='ocr_line' id='line_1_41' title="bbox 373 2241 1692 2287; baseline 0.005 -15"><span class='ocrx_word' id='word_1_426' title='bbox 373 2241 486 2274; x_wconf 79' lang='lat' dir='ltr'>Primo</span> <span class='ocrx_word' id='word_1_427' title='bbox 500 2242 632 2287; x_wconf 81' lang='lat' dir='ltr'>quidem</span> <span class='ocrx_word' id='word_1_428' title='bbox 664 2255 780 2277; x_wconf 80' lang='lat' dir='ltr'>natura</span> <span class='ocrx_word' id='word_1_429' title='bbox 804 2242 989 2277; x_wconf 81' lang='lat' dir='ltr'>universalis</span> <span class='ocrx_word' id='word_1_430' title='bbox 1014 2256 1077 2278; x_wconf 83' lang='lat' dir='ltr'>una</span> <span class='ocrx_word' id='word_1_431' title='bbox 1089 2242 1149 2278; x_wconf 83' lang='lat' dir='ltr'>esse</span> <span class='ocrx_word' id='word_1_432' title='bbox 1167 2241 1280 2285; x_wconf 71' lang='lat' dir='ltr'>debet,</span> <span class='ocrx_word' id='word_1_433' title='bbox 1303 2243 1365 2277; x_wconf 91' lang='lat' dir='ltr'>hoc</span> <span class='ocrx_word' id='word_1_434' title='bbox 1379 2244 1440 2285; x_wconf 78' lang='lat' dir='ltr'>est,</span> <span class='ocrx_word' id='word_1_435' title='bbox 1458 2242 1591 2277; x_wconf 82' lang='lat' dir='ltr'>indivisa</span> <span class='ocrx_word' id='word_1_436' title='bbox 1604 2245 1637 2278; x_wconf 88' lang='lat' dir='ltr'>in</span> <span class='ocrx_word' id='word_1_437' title='bbox 1647 2243 1692 2287; x_wconf 84' lang='lat' dir='ltr'>se,</span> 
     </span>
     <span class='ocr_line' id='line_1_42' title="bbox 311 2287 1701 2340; baseline 0.005 -20"><span class='ocrx_word' id='word_1_438' title='bbox 311 2287 408 2321; x_wconf 79' lang='lat' dir='ltr'>divisa</span> <span class='ocrx_word' id='word_1_439' title='bbox 420 2287 461 2321; x_wconf 82' lang='lat' dir='ltr'>ab</span> <span class='ocrx_word' id='word_1_440' title='bbox 481 2291 631 2325; x_wconf 75' lang='lat' dir='ltr'>omnibus</span> <span class='ocrx_word' id='word_1_441' title='bbox 652 2292 731 2327; x_wconf 80' lang='lat' dir='ltr'>aliis,</span> <span class='ocrx_word' id='word_1_442' title='bbox 746 2294 865 2328; x_wconf 68' lang='lat' dir='ltr'>Unitas</span> <span class='ocrx_word' id='word_1_443' title='bbox 881 2304 959 2325; x_wconf 85' lang='lat' dir='ltr'>vero</span> <span class='ocrx_word' id='word_1_444' title='bbox 978 2292 1094 2339; x_wconf 66' lang='lat' dir='ltr'>triplex</span> <span class='ocrx_word' id='word_1_445' title='bbox 1117 2323 1125 2337; x_wconf 75' lang='lat'>‚</span> <span class='ocrx_word' id='word_1_446' title='bbox 1141 2303 1299 2339; x_wconf 78' lang='lat' dir='ltr'>quantum</span> <span class='ocrx_word' id='word_1_447' title='bbox 1312 2292 1351 2326; x_wconf 83' lang='lat' dir='ltr'>ad</span> <span class='ocrx_word' id='word_1_448' title='bbox 1367 2290 1578 2340; x_wconf 80' lang='lat' dir='ltr'>propositum.</span> <span class='ocrx_word' id='word_1_449' title='bbox 1593 2295 1701 2328; x_wconf 86' lang='lat' dir='ltr'>Prima</span> 
     </span>
     <span class='ocr_line' id='line_1_43' title="bbox 310 2337 1697 2390; baseline 0.004 -22"><span class='ocrx_word' id='word_1_450' title='bbox 310 2337 353 2370; x_wconf 82' lang='lat' dir='ltr'>est</span> <span class='ocrx_word' id='word_1_451' title='bbox 376 2338 554 2372; x_wconf 61' lang='lat' dir='ltr'>Numerica</span> <span class='ocrx_word' id='word_1_452' title='bbox 567 2369 575 2382; x_wconf 77' lang='lat'>‚</span> <span class='ocrx_word' id='word_1_453' title='bbox 588 2354 626 2374; x_wconf 77' lang='lat' dir='ltr'>ex</span> <span class='ocrx_word' id='word_1_454' title='bbox 642 2354 705 2387; x_wconf 80' lang='lat' dir='ltr'>qua</span> <span class='ocrx_word' id='word_1_455' title='bbox 719 2341 828 2390; x_wconf 64' lang='lat' dir='ltr'>saepiuv,</span> <span class='ocrx_word' id='word_1_456' title='bbox 842 2344 980 2389; x_wconf 65' lang='lat' dir='ltr'>repetita</span> <span class='ocrx_word' id='word_1_457' title='bbox 998 2340 1033 2376; x_wconf 83' lang='lat' dir='ltr'>fit</span> <span class='ocrx_word' id='word_1_458' title='bbox 1051 2354 1202 2378; x_wconf 71' lang='lat' dir='ltr'>numerus</span> <span class='ocrx_word' id='word_1_459' title='bbox 1216 2354 1223 2375; x_wconf 80' lang='lat' dir='ltr'>z</span> <span class='ocrx_word' id='word_1_460' title='bbox 1235 2339 1274 2375; x_wconf 88' lang='lat' dir='ltr'>fic</span> <span class='ocrx_word' id='word_1_461' title='bbox 1292 2340 1386 2377; x_wconf 86' lang='lat' dir='ltr'>Plato</span> <span class='ocrx_word' id='word_1_462' title='bbox 1398 2342 1440 2375; x_wconf 85' lang='lat' dir='ltr'>est</span> <span class='ocrx_word' id='word_1_463' title='bbox 1450 2354 1530 2376; x_wconf 86' lang='lat' dir='ltr'>unus</span> <span class='ocrx_word' id='word_1_464' title='bbox 1551 2354 1697 2376; x_wconf 83' lang='lat' dir='ltr'>numero.</span> 
     </span>
    </p>
   </div>
   <div class='ocr_carea' id='block_1_5' title="bbox 309 2386 1699 2487">
    <p class='ocr_par' dir='ltr' id='par_1_12' title="bbox 309 2386 1699 2487">
     <span class='ocr_line' id='line_1_44' title="bbox 309 2386 1699 2474; baseline 0.004 -56"><span class='ocrx_word' id='word_1_465' title='bbox 309 2386 455 2421; x_wconf 74' lang='lat' dir='ltr'>Secunda</span> <span class='ocrx_word' id='word_1_466' title='bbox 466 2390 568 2424; x_wconf 79' lang='lat' dir='ltr'>unitas</span> <span class='ocrx_word' id='word_1_467' title='bbox 589 2390 631 2424; x_wconf 82' lang='lat' dir='ltr'>est</span> <span class='ocrx_word' id='word_1_468' title='bbox 646 2391 806 2438; x_wconf 79' lang='lat' dir='ltr'>Specifica</span> <span class='ocrx_word' id='word_1_469' title='bbox 819 2420 829 2434; x_wconf 80' lang='lat'><em>,</em></span> <span class='ocrx_word' id='word_1_470' title='bbox 854 2402 911 2439; x_wconf 84' lang='lat' dir='ltr'>per</span> <span class='ocrx_word' id='word_1_471' title='bbox 931 2403 1030 2439; x_wconf 76' lang='lat' dir='ltr'>quam</span> <span class='ocrx_word' id='word_1_472' title='bbox 1049 2392 1141 2441; x_wconf 78' lang='lat' dir='ltr'>plura</span> <span class='ocrx_word' id='word_1_473' title='bbox 1165 2402 1301 2427; x_wconf 84' lang='lat' dir='ltr'>numero</span> <span class='ocrx_word' id='word_1_474' title='bbox 1315 2390 1465 2427; x_wconf 59' lang='lat' dir='ltr'>distincita</span> <span class='ocrx_word' id='word_1_475' title='bbox 1475 2389 1558 2434; x_wconf 86' lang='lat' dir='ltr'>,sunt</span> <span class='ocrx_word' id='word_1_476' title='bbox 1579 2393 1614 2474; x_wconf 70' lang='lat' dir='ltr'>isn</span> <span class='ocrx_word' id='word_1_477' title='bbox 1631 2404 1699 2446; x_wconf 77' lang='lat' dir='ltr'>una</span> 
     </span>
     <span class='ocr_line' id='line_1_45' title="bbox 1594 2451 1698 2487; baseline 0 -14"><span class='ocrx_word' id='word_1_478' title='bbox 1594 2451 1698 2487; x_wconf 79' lang='lat' dir='ltr'>pecie,</span> 
     </span>
    </p>
   </div>
  </div>
 </body>
</html>
