1857 2745
480 120 832 159 TRACTATUS
883 120 1176 157 TERTIUS.
1485 124 1533 167 581

683 204 865 237 Solvuntur
884 199 1078 246 objefflones.

183 271 270 306 Cum
284 279 418 303 centum
434 269 486 301 au‘t
502 268 629 301 circiter
638 265 758 303 abhinc
777 269 867 303 annis
882 279 1001 315 magna
1012 269 1223 303 contentione
1237 267 1276 302 de
1289 266 1438 303 concursu
1451 268 1535 303 divi-

147 332 192 354 no
203 318 398 366 disputatum
413 316 530 358 fuerit,
549 321 582 352 ὃ(
596 313 816 365 ὶηίὶῃὲῑῖρειιε
832 316 908 351 libri
923 316 984 350 hac
1008 317 1049 350 de
1061 328 1095 350 re
1117 315 1309 364 conscripti,
1332 329 1382 352 tot
1402 320 1535 352 rationi-

148 367 208 402 bus
220 370 369 413 utrinque
379 375 557 413 pugnatum
574 364 655 408 fuit,
665 376 700 399 ut
717 363 1034 402 difficillimumeffet
1045 370 1079 401 &
1092 364 1262 399 molestum
1274 377 1326 399 eas
1340 378 1453 401 omnes
1466 379 1537 414 qua:

147 428 207 464 pro
225 414 350 464 physica
362 414 697 463 praedeterminatione
711 413 782 449 sunt
807 415 1019 462 excogitatae,
1040 413 1199 462 sigillatim
1213 426 1398 462 exponere:
1415 414 1486 450 satis
1505 416 1537 450 id

146 465 245 500 fuerit
257 494 265 507 ‚
280 464 349 499 fiad
361 475 448 498 certa
460 464 565 511 capita
579 474 623 497 eae
632 463 810 499 referantur
820 493 830 508 ‚
851 461 936 497 simul
954 468 988 500 δε
1007 463 1086 510 quid
1106 462 1276 499 universim
1289 462 1324 498 fit
1343 463 1539 513 responden-

91 538 95 542 ·
147 514 224 549 dum
250 513 396 547 breviter
411 523 617 548 annotemus.

190 564 314 598 Omnia
325 573 408 610 pene
418 561 660 596 Thomistarum
670 573 860 610 argumenta
871 573 911 596 eo
931 560 1069 596 tendunt
1079 590 1088 605 ,
1108 572 1144 596 tit
1164 561 1381 598 necessitatem
1405 575 1537 598 concur-

147 611 203 646 si'is
220 612 333 660 praevii
342 624 409 646 non
428 621 553 645 tantum
570 609 748 647 fimultanei
761 610 910 659 probent·
938 608 1048 646 Primo
1061 623 1100 646 ex
1111 611 1299 646 conditione
1315 615 1412 646 caula:
1427 612 1538 647 secun-

148 661 199 694 dae
217 672 286 708 quae
299 661 410 707 primae
428 658 538 708 subjici
555 659 678 703 debet,
699 671 734 694 ut
747 660 829 696 instri
843 671 991 694 mentum
1011 659 1107 694 causae
1130 663 1265 708 principi
1281 678 1290 705 3
1319 660 1474 704 secundo,
1501 674 1538 695 ex

130 749 134 754 ¹
149 709 275 745 summo
287 711 352 745 Dei
361 711 395 744 in
404 721 563 744 creaturas
583 709 753 753 domini03
770 707 887 752 tertio,
904 720 942 743 ex
959 719 1073 744 natura
1082 708 1231 757 cujusque
1245 714 1327 744 tntis
1341 714 1538 759 participati,

148 759 237 806 quod
255 758 297 792 ab
316 769 392 793 ente
413 769 468 804 per
480 756 645 793 essentiam
658 757 961 807 proficisciturzadeo
978 768 1014 791 ut
1035 770 1102 793 non
1113 757 1247 794 effictus
1263 758 1428 804 niodo3sed
1439 762 1539 794 etiam

148 809 236 843 aetio
246 805 311 854 ipsa
329 805 424 841 causae
441 805 582 841 secunda:
596 808 615 842 ἐι
627 809 728 854 prima
743 806 833 841 causa
855 809 986 842 oriatur.
1007 807 1207 855 Argumenta
1226 807 1305 843 vero
1322 822 1360 844 ex
1379 809 1424 843 his
1440 808 1540 844 fonti-

149 855 207 891 bus
223 855 317 891 du&a
331 855 415 890 adeo
426 854 562 890 dilatant
573 884 582 898 ‚
598 858 698 891 variis
716 855 792 891 locis
810 855 1101 892 &authoritatibus
1113 870 1185 891 cum
1205 855 1294 892 sacris
1311 870 1378 893 tum
1399 857 1540 907 propha-

135 901 199 941 'nis
216 906 364 940 muniunt
376 933 387 948 ,
398 916 434 939 ut
449 902 675 939 difficiunt-um
692 906 838 940 videatur
851 907 884 940 in
898 917 930 939 re
943 916 1009 939 tam
1020 906 1187 940 recondita
1202 934 1213 948 ,
1230 919 1296 942 non
1315 906 1415 943 ntodo
1428 910 1463 941 iis
1482 909 1539 955 qui

136 957 195 994 ,ita
213 952 370 996 sentiunt,
396 953 449 987 sed
461 952 665 988 etiamnobis
678 953 950 1002 ipsissatisfacere.

189 1002 293 1050 Qod
317 1001 338 1036 si
354 1013 463 1036 tamen
482 1013 554 1049 quae
575 1002 643 1037 fuse
665 1001 891 1051 exposuimus,
915 1004 946 1036 in
963 1005 1158 1039 memoriam
1184 1005 1387 1054 redigamus,
1416 1005 1539 1041 facilius

146 1050 279 1088 forsitan
291 1063 330 1085 ex
341 1052 378 1084 iis
393 1048 635 1087 difficultatibus
648 1065 706 1086 nos
721 1052 940 1099 expediemus.
958 1053 1068 1086 Primo
1088 1056 1172 1089 enim
1193 1054 1336 1089 fatemur
1349 1053 1474 1089 causam
1491 1054 1539 1089 se-

147 1101 285 1136 cundam
303 1102 412 1148 primae
431 1103 567 1135 omnino
588 1100 697 1149 subjici
710 1106 762 1143 ‚&
776 1099 818 1135 ab
834 1113 871 1134 ea
885 1101 1047 1148 pendere,
1071 1113 1138 1136 tum
1158 1115 1192 1136 ut
1213 1101 1248 1136 sit
1265 1131 1275 1146 ,
1288 1115 1357 1138 tum
1371 1114 1404 1136 ut
1422 1116 1538 1152 opere-

147 1161 199 1185 tur
214 1163 222 1186 ε
238 1148 290 1184 sed
310 1161 463 1197 negamus
477 1148 553 1183 hinc
568 1147 657 1197 sequi
667 1149 791 1184 causam
808 1148 977 1184 secundam
999 1148 1020 1183 ἐι
1042 1152 1144 1196 prima
1166 1151 1318 1198 applicari
1334 1157 1368 1188 &
1383 1151 1539 1186 determi-

146 1200 215 1234 nari
229 1198 270 1232 ad
287 1198 447 1247 agendum
465 1211 473 1233 ι
492 1196 577 1232 secus
591 1200 693 1246 prima
703 1197 792 1233 causa
807 1197 873 1233 sola
885 1208 1021 1246 ageret,
1033 1198 1165 1246 reliqu-“e
1183 1197 1352 1243 cessarent3
1369 1211 1431 1235 nec
1440 1204 1539 1236 causae

146 1246 335 1283 universalis
349 1275 358 1289 ,
370 1246 422 1282 sed
443 1246 638 1295 particularis
649 1259 764 1282 munus
774 1246 892 1283 obiret.

210 1310 240 1332 2.
259 1296 293 1330 Id
317 1296 640 1331 etiamvconcedimus
658 1309 724 1332 non
738 1295 894 1331 effestum
905 1299 1004 1333 modo
1023 1297 1120 1333 causae
1141 1296 1300 1341 secundm,
1312 1298 1362 1333 sed
1374 1300 1538 1335 aaronem

148 1346 158 1379 i
185 1344 249 1380 sam
263 1345 368 1381 {tDeo
382 1346 535 1392 pendere.
553 1347 643 1380 Nam
653 1358 689 1379 ea
709 1358 774 1379 non
791 1344 954 1388 esset,nis1
971 1351 1058 1382 Deus
1073 1359 1296 1383 concurreret:
1316 1347 1365 1382 scd
1383 1347 1456 1382 hinc
1471 1363 1538 1384 non

148 1359 289 1441 {quitur
302 1394 466 1427 adtionem
476 1403 626 1428 creaturae
643 1393 663 1428 a
683 1395 758 1427 Deo
770 1391 838 1427 fieri
850 1421 859 1436 ‚
871 1405 944 1429 cum
961 1407 997 1429 ea
1017 1408 1083 1430 non
1101 1393 1137 1429 fit
1153 1407 1209 1430 ens
1223 1424 1234 1439 ,
1249 1409 1307 1431 nec
1320 1399 1435 1431 entitas
1452 1411 1537 1445 quae-

149 1443 223 1478 dam
239 1458 246 1478 :
265 1454 363 1489 quare
382 1442 512 1476 afflone
537 1441 574 1477 fit
586 1442 708 1489 aliquid
721 1470 730 1484 ‚
747 1455 814 1476 non
831 1441 893 1490 ipsa
909 1441 1057 1480 efficitur.

183 1507 206 1537 3.
237 1491 308 1528 Alia
326 1491 371 1525 est
391 1493 474 1525 ratio
487 1491 654 1526 astionum
667 1490 861 1525 naturalium
874 1520 883 1534 ‚
899 1491 962 1527 alia
972 1491 1258 1540 supernaturalium
1274 1508 1281 1529 :
1303 1497 1336 1529 in
1361 1493 1425 1529 illis
1449 1498 1537 1531 enini

149 1538 315 1576 concursus
327 1541 390 1576 Dei
401 1539 448 1573 est
467 1537 670 1574 simultaneus
682 1569 691 1582 ,
705 1551 864 1587 quatenus
879 1543 968 1575 Deus
983 1546 1015 1578 &
1029 1554 1109 1576 crea·
1119 1555 1172 1576 ura
1188 1541 1275 1577 simul
1291 1543 1386 1578 eumd
1393 1556 1444 1578 em
1456 1545 1537 1580 effe-

142 1592 240 1626 &um
256 1600 428 1637 procreant
443 1605 451 1631 3
472 1590 503 1623 in
514 1587 638 1623 aeribus
649 1589 706 1636 qui
725 1587 793 1623 sunt
806 1587 1060 1637 supernaturales
1071 1618 1080 1628 ‚
1095 1594 1183 1626 Deus
1208 1595 1364 1638 praevenit
1376 1621 1384 1634 ‚
1400 1605 1538 1640 praenio-

150 1651 218 1682 vet,
234 1644 266 1676 δ(
282 1638 527 1684 quodammodo
544 1638 817 1687 praedeterminat.
830 1640 918 1674 Nam
929 1641 1049 1686 primos
1065 1644 1097 1675 δέ
1113 1639 1344 1674 indeliberatos
1361 1642 1536 1677 voluntatis

151 1700 258 1724 motus
267 1685 367 1721 efficit
382 1704 390 1730 3
407 1698 473 1720 tum
484 1687 572 1721 astus
591 1686 711 1722 liberos
725 1686 902 1722 voluntatis
916 1689 1046 1736 adjuvat
1058 1717 1067 1730 ‚
1080 1691 1163 1736 regit
1178 1718 1186 1731 ,
1199 1688 1401 1731 corroborat,
1420 1691 1538 1738 eosque

141 1737 189 1773 *ad
207 1737 319 1771 statum
343 1734 616 1782 supernaturalem
636 1736 766 1778 evehit3
788 1749 844 1784 per
862 1738 949 1772 :ustus
972 1736 1203 1772 indeliberatos
1221 1740 1252 1771 in
1269 1738 1472 1775 voluntatem
1489 1743 1538 1788 ip-

149 1785 214 1819 sam
228 1787 293 1833 agit
308 1815 317 1829 ,
332 1783 572 1832 impreffionem
584 1785 671 1820 illam
689 1785 783 1820 fovet
796 1814 805 1828 ‚
821 1797 893 1819 cum
908 1785 1054 1820 voluntas
1075 1798 1286 1834 cooperatur3
1300 1799 1396 1834 atque
1407 1801 1442 1822 nr
1456 1802 1538 1836 ope-

150 1836 232 1869 tatio
246 1834 421 1869 voluntatis
433 1834 476 1868 est
484 1832 730 1882 supernaturalis
746 1862 755 1876 ,
769 1845 839 1868 tota
851 1834 922 1870 esta
935 1838 1009 1871 Deo
1024 1851 1034 1879 3
1047 1837 1194 1883 quamvis
1207 1847 1241 1871 ut
1253 1834 1355 1870 libera
1369 1837 1415 1870 est
1437 1842 1469 1874 &
1489 1840 1538 1872 vi-

151 1883 223 1917 talis
236 1912 245 1926 ,
267 1881 379 1918 nonsit
392 1883 411 1918 a
425 1886 500 1918 Deo
519 1883 744 1919 determinata.

198 1935 314 1979 ltaque
327 1935 358 1966 in
374 1931 557 1966 afflonibus
574 1932 683 1967 liberis
700 1937 732 1968 &
747 1933 943 1969 naturalibus
956 1936 1042 1970 Deus
1060 1936 1189 1982 proprie
1203 1934 1316 1968 dicitur
1331 1945 1536 1970 concurrere:

151 1983 300 2030 expectat
321 1985 410 2016 enim
431 1979 606 2016 voluntatis
631 1981 959 2018 determinationem:
979 1983 1061 2017 adeo
1083 1994 1119 2017 ut
1143 1982 1326 2025 concursus,
1345 1987 1377 2018 &
1398 1981 1536 2017 simulta-

144 2042 229 2065 »neus
244 2058 254 2073 ,
271 2036 303 2066 δι
321 2029 516 2076 consequens
539 2030 600 2064 dici
618 2028 713 2078 poffit
729 2045 737 2066 t
753 2032 842 2078 quod
856 2032 1030 2067 voluntatis
1050 2031 1355 2067 determinationem
1368 2030 1537 2079 subsequa-

153 2089 211 2112 tur.
225 2079 286 2113 Sed
298 2081 330 2113 in
343 2078 468 2113 aCtibus
491 2081 547 2126 qui
564 2082 645 2114 vires
660 2091 779 2114 naturae
792 2080 941 2130 superant
954 2110 964 2124 ,
980 2083 1068 2115 Deus
1090 2083 1121 2116 in
1139 2080 1240 2130 ipsam
1261 2080 1464 2115 voluntatem
1486 2083 1537 2115 in-

143 2126 220 2165 ‚fluit
238 2133 270 2164 δε
286 2138 436 2175 operatur
448 2145 456 2171 3
469 2140 539 2162 eam
553 2131 727 2176 praevenit,
746 2135 779 2167 ὃς
795 2129 876 2165 facit
891 2143 926 2164 ut
941 2140 1091 2178 operetur
1108 2158 1113 2165 ,
1127 2142 1164 2163 ac
1177 2130 1443 2177 voluntasmagis
1458 2141 1536 2163 coo..

152 2179 258 2222 perari
271 2189 342 2211 cum
362 2179 436 2211 Deo
448 2206 457 2220 ,
473 2182 505 2213 δε
516 2189 701 2212 concurrere
713 2178 849 2213 dicenda
863 2179 928 2221 est,
944 2179 1042 2226 quam
1060 2181 1150 2214 Deus
1170 2191 1242 2213 cum
1256 2177 1443 2212 voluntate:
1464 2192 1536 2213 mo-

154 2223 264 2257 tioilla
280 2230 313 2260 &
325 2226 453 2260 moralis
469 2255 477 2268 ,
493 2231 527 2262 ὅ(
552 2225 678 2274 physica
694 2227 756 2260 dici
773 2228 875 2274 potest
889 2241 897 2262 :
914 2229 1062 2274 quamvis
1088 2240 1155 2262 non
1179 2226 1214 2261 fit
1239 2227 1536 2275 praedeterminatio

153 2271 280 2319 physica
294 2301 303 2315 ,
316 2285 350 2307 ut
364 2275 542 2309 Thomistae
560 2287 632 2310 eam
658 2274 846 2324 intelligunt
864 2305 873 2319 ,
893 2288 990 2323 quam
1012 2288 1085 2310 cum
1103 2275 1255 2310 libertate
1282 2278 1333 2310 vix
1363 2275 1536 2311 conciliare

154 2320 321 2368 possumus.
344 2324 424 2356 Haec
435 2323 566 2358 velutin
587 2324 965 2373 transituperstrinximus
980 2354 989 2370 ,
1001 2336 1034 2360 tit
1054 2326 1091 2362 iis
1109 2337 1176 2373 quae
1197 2324 1295 2374 objici
1313 2324 1438 2368 solent,
1455 2325 1534 2360 faci-

150 2369 210 2405 lius
225 2372 346 2405 occurri
362 2369 463 2418 possit·
477 2373 680 2420 Cumitaque

248 2420 339 2455 Tom.
351 2422 379 2454 l.
1242 2425 1273 2458 D
1286 2422 1305 2456 d
1317 2421 1335 2456 d
1348 2423 1367 2457 d
1415 2419 1417 2421 ¹
