<?xml version="1.0" encoding="UTF-8"?>
<!DOCTYPE html PUBLIC "-//W3C//DTD XHTML 1.0 Transitional//EN"
    "http://www.w3.org/TR/xhtml1/DTD/xhtml1-transitional.dtd">
<html xmlns="http://www.w3.org/1999/xhtml" xml:lang="en" lang="en">
 <head>
  <title>
</title>
<meta http-equiv="Content-Type" content="text/html;charset=utf-8" />
  <meta name='ocr-system' content='tesseract 3.04.00' />
  <meta name='ocr-capabilities' content='ocr_page ocr_carea ocr_par ocr_line ocrx_word'/>
</head>
<body>
  <div class='ocr_page' id='page_1' title='image "./philosophiavetus01duhauoft_0453.png"; bbox 0 0 1857 2745; ppageno 0'>
   <div class='ocr_carea' id='block_1_1' title="bbox 36 120 1460 274">
    <p class='ocr_par' dir='ltr' id='par_1_1' title="bbox 36 120 1460 274">
     <span class='ocr_line' id='line_1_1' title="bbox 355 120 1460 174; baseline 0.005 -16"><span class='ocrx_word' id='word_1_1' title='bbox 355 120 816 161; x_wconf 80' lang='lat' dir='ltr'>TRACTATUS</span> <span class='ocrx_word' id='word_1_2' title='bbox 853 123 1114 163; x_wconf 84' lang='lat' dir='ltr'>PRIMUS.</span> <span class='ocrx_word' id='word_1_3' title='bbox 1390 138 1460 174; x_wconf 73' lang='lat'>435:</span> 
     </span>
     <span class='ocr_line' id='line_1_2' title="bbox 45 171 1450 223; baseline 0.001 -13"><span class='ocrx_word' id='word_1_4' title='bbox 45 176 236 214; x_wconf 57' lang='lat' dir='ltr'>affectiones</span> <span class='ocrx_word' id='word_1_5' title='bbox 252 186 260 209; x_wconf 74' lang='lat' dir='ltr'>t</span> <span class='ocrx_word' id='word_1_6' title='bbox 282 173 447 222; x_wconf 81' lang='lat' dir='ltr'>postremo</span> <span class='ocrx_word' id='word_1_7' title='bbox 457 185 530 220; x_wconf 67' lang='lat' dir='ltr'>quse</span> <span class='ocrx_word' id='word_1_8' title='bbox 547 171 608 208; x_wconf 83' lang='lat' dir='ltr'>sint</span> <span class='ocrx_word' id='word_1_9' title='bbox 620 176 729 222; x_wconf 78' lang='lat' dir='ltr'>ptimae</span> <span class='ocrx_word' id='word_1_10' title='bbox 748 174 833 209; x_wconf 90' lang='lat' dir='ltr'>illius</span> <span class='ocrx_word' id='word_1_11' title='bbox 851 173 982 223; x_wconf 77' lang='lat' dir='ltr'>species.</span> <span class='ocrx_word' id='word_1_12' title='bbox 998 178 1081 211; x_wconf 84' lang='lat' dir='ltr'>Haec</span> <span class='ocrx_word' id='word_1_13' title='bbox 1095 188 1164 210; x_wconf 86' lang='lat' dir='ltr'>non</span> <span class='ocrx_word' id='word_1_14' title='bbox 1180 173 1363 211; x_wconf 78' lang='lat' dir='ltr'>admodum</span> <span class='ocrx_word' id='word_1_15' title='bbox 1377 174 1450 211; x_wconf 81' lang='lat' dir='ltr'>dif-</span> 
     </span>
     <span class='ocr_line' id='line_1_3' title="bbox 36 221 1274 274; baseline -0.002 -14"><span class='ocrx_word' id='word_1_16' title='bbox 36 224 143 264; x_wconf 61' lang='lat' dir='ltr'>,finilia</span> <span class='ocrx_word' id='word_1_17' title='bbox 154 224 264 262; x_wconf 80' lang='lat' dir='ltr'>futura</span> <span class='ocrx_word' id='word_1_18' title='bbox 280 222 352 261; x_wconf 87' lang='lat' dir='ltr'>sunt</span> <span class='ocrx_word' id='word_1_19' title='bbox 370 251 382 267; x_wconf 96' lang='lat'><em>‚</em></span> <span class='ocrx_word' id='word_1_20' title='bbox 404 221 425 258; x_wconf 84' lang='lat' dir='ltr'>fi</span> <span class='ocrx_word' id='word_1_21' title='bbox 441 222 541 259; x_wconf 79' lang='lat' dir='ltr'>modo</span> <span class='ocrx_word' id='word_1_22' title='bbox 551 235 592 259; x_wconf 85' lang='lat' dir='ltr'>ex</span> <span class='ocrx_word' id='word_1_23' title='bbox 604 225 720 260; x_wconf 81' lang='lat' dir='ltr'>ordine</span> <span class='ocrx_word' id='word_1_24' title='bbox 737 229 772 262; x_wconf 76' lang='grc' dir='ltr'>δε</span> <span class='ocrx_word' id='word_1_25' title='bbox 788 235 876 260; x_wconf 77' lang='lat' dir='ltr'>certa</span> <span class='ocrx_word' id='word_1_26' title='bbox 893 227 1017 260; x_wconf 79' lang='lat' dir='ltr'>ratione</span> <span class='ocrx_word' id='word_1_27' title='bbox 1029 226 1274 274; x_wconf 66' lang='lat' dir='ltr'>pettta&amp;entut.</span> 
     </span>
    </p>
   </div>
   <div class='ocr_carea' id='block_1_2' title="bbox 405 323 1052 361">
    <p class='ocr_par' dir='ltr' id='par_1_2' title="bbox 405 323 1052 361">
     <span class='ocr_line' id='line_1_4' title="bbox 405 323 1052 361; baseline 0.003 -3"><span class='ocrx_word' id='word_1_28' title='bbox 405 323 773 361; x_wconf 83' lang='lat' dir='ltr'>DlSPUTATIO</span> <span class='ocrx_word' id='word_1_29' title='bbox 815 326 842 361; x_wconf 87' lang='lat' dir='ltr'><strong>P</strong></span> <span class='ocrx_word' id='word_1_30' title='bbox 862 325 987 360; x_wconf 82' lang='lat' dir='ltr'>RIM</span> <span class='ocrx_word' id='word_1_31' title='bbox 1013 325 1052 360; x_wconf 84' lang='lat' dir='ltr'>A.</span> 
     </span>
    </p>
   </div>
   <div class='ocr_carea' id='block_1_3' title="bbox 0 421 1443 817">
    <p class='ocr_par' dir='ltr' id='par_1_3' title="bbox 0 421 911 473">
     <span class='ocr_line' id='line_1_5' title="bbox 0 421 911 473; baseline 0.01 -23"><span class='ocrx_word' id='word_1_32' title='bbox 0 446 2 470; x_wconf 41' lang='grc'>;</span> <span class='ocrx_word' id='word_1_33' title='bbox 553 421 608 455; x_wconf 86' lang='lat' dir='ltr'>De</span> <span class='ocrx_word' id='word_1_34' title='bbox 628 425 803 473; x_wconf 63' lang='lat' dir='ltr'>principib*</span> <span class='ocrx_word' id='word_1_35' title='bbox 820 427 911 460; x_wconf 79' lang='lat' dir='ltr'>entis⁴</span> 
     </span>
    </p>

    <p class='ocr_par' dir='ltr' id='par_1_4' title="bbox 0 518 1443 817">
     <span class='ocr_line' id='line_1_6' title="bbox 43 518 1443 608; baseline -0.004 -49"><span class='ocrx_word' id='word_1_36' title='bbox 43 522 190 608; x_wconf 74' lang='lat' dir='ltr'>ENtis</span> <span class='ocrx_word' id='word_1_37' title='bbox 202 521 365 572; x_wconf 79' lang='lat' dir='ltr'><strong>duplicem</strong></span> <span class='ocrx_word' id='word_1_38' title='bbox 378 518 439 557; x_wconf 79' lang='lat' dir='ltr'>esse</span> <span class='ocrx_word' id='word_1_39' title='bbox 451 518 655 555; x_wconf 67' lang='lat' dir='ltr'>intellectum</span> <span class='ocrx_word' id='word_1_40' title='bbox 665 525 729 570; x_wconf 80' lang='lat' dir='ltr'>jam</span> <span class='ocrx_word' id='word_1_41' title='bbox 745 524 777 559; x_wconf 88' lang='lat' dir='ltr'>in</span> <span class='ocrx_word' id='word_1_42' title='bbox 793 524 915 572; x_wconf 85' lang='lat' dir='ltr'>Logica</span> <span class='ocrx_word' id='word_1_43' title='bbox 929 521 1065 556; x_wconf 82' lang='lat' dir='ltr'>diximus</span> <span class='ocrx_word' id='word_1_44' title='bbox 1077 534 1085 556; x_wconf 81' lang='lat' dir='ltr'>z</span> <span class='ocrx_word' id='word_1_45' title='bbox 1097 520 1261 556; x_wconf 82' lang='lat' dir='ltr'>interdum</span> <span class='ocrx_word' id='word_1_46' title='bbox 1280 519 1369 554; x_wconf 84' lang='lat' dir='ltr'>enim</span> <span class='ocrx_word' id='word_1_47' title='bbox 1385 519 1443 554; x_wconf 68' lang='lat' dir='ltr'>ha.-</span> 
     </span>
     <span class='ocr_line' id='line_1_7' title="bbox 0 523 1442 620; baseline -0.003 -13"><span class='ocrx_word' id='word_1_48' title='bbox 0 523 9 617; x_wconf 67' lang='lat' dir='ltr'>il</span> <span class='ocrx_word' id='word_1_49' title='bbox 50 574 56 589; x_wconf 66' lang='lat'><em>¹</em></span> <span class='ocrx_word' id='word_1_50' title='bbox 115 570 173 606; x_wconf 87' lang='lat' dir='ltr'>bet</span> <span class='ocrx_word' id='word_1_51' title='bbox 190 574 257 607; x_wconf 88' lang='lat' dir='ltr'>vim</span> <span class='ocrx_word' id='word_1_52' title='bbox 270 573 434 612; x_wconf 81' lang='lat' dir='ltr'>nominis,</span> <span class='ocrx_word' id='word_1_53' title='bbox 457 581 593 617; x_wconf 87' lang='lat' dir='ltr'>tumque</span> <span class='ocrx_word' id='word_1_54' title='bbox 612 570 646 605; x_wconf 80' lang='lat' dir='ltr'>id</span> <span class='ocrx_word' id='word_1_55' title='bbox 663 569 836 619; x_wconf 81' lang='lat' dir='ltr'>fignificat,</span> <span class='ocrx_word' id='word_1_56' title='bbox 855 571 943 620; x_wconf 89' lang='lat' dir='ltr'>quod</span> <span class='ocrx_word' id='word_1_57' title='bbox 967 582 1077 618; x_wconf 85' lang='lat' dir='ltr'>aptum</span> <span class='ocrx_word' id='word_1_58' title='bbox 1095 569 1142 604; x_wconf 89' lang='lat' dir='ltr'>est</span> <span class='ocrx_word' id='word_1_59' title='bbox 1158 570 1198 604; x_wconf 83' lang='lat' dir='ltr'>ad</span> <span class='ocrx_word' id='word_1_60' title='bbox 1222 568 1442 612; x_wconf 76' lang='lat' dir='ltr'>existendum3</span> 
     </span>
     <span class='ocr_line' id='line_1_8' title="bbox 8 617 1442 671; baseline -0.005 -13"><span class='ocrx_word' id='word_1_61' title='bbox 8 617 9 629; x_wconf 56' lang='lat'>¹</span> <span class='ocrx_word' id='word_1_62' title='bbox 37 619 121 668; x_wconf 59' lang='lat' dir='ltr'>stpe</span> <span class='ocrx_word' id='word_1_63' title='bbox 136 631 171 654; x_wconf 90' lang='lat' dir='ltr'>ut</span> <span class='ocrx_word' id='word_1_64' title='bbox 184 623 389 670; x_wconf 72' lang='lat' dir='ltr'>participium</span> <span class='ocrx_word' id='word_1_65' title='bbox 410 617 504 654; x_wconf 87' lang='lat' dir='ltr'>verbi</span> <span class='ocrx_word' id='word_1_66' title='bbox 523 617 711 657; x_wconf 82' lang='lat' dir='ltr'>substantivi</span> <span class='ocrx_word' id='word_1_67' title='bbox 730 624 904 671; x_wconf 82' lang='lat' dir='ltr'>accipitur,</span> <span class='ocrx_word' id='word_1_68' title='bbox 925 632 1061 668; x_wconf 85' lang='lat' dir='ltr'>tumque</span> <span class='ocrx_word' id='word_1_69' title='bbox 1088 631 1143 654; x_wconf 87' lang='lat' dir='ltr'>ens</span> <span class='ocrx_word' id='word_1_70' title='bbox 1175 619 1293 655; x_wconf 85' lang='lat' dir='ltr'>dicitur</span> <span class='ocrx_word' id='word_1_71' title='bbox 1309 646 1319 659; x_wconf 89' lang='lat'><em>,</em></span> <span class='ocrx_word' id='word_1_72' title='bbox 1351 618 1442 664; x_wconf 90' lang='lat' dir='ltr'>quod</span> 
     </span>
     <span class='ocr_line' id='line_1_9' title="bbox 8 666 1442 720; baseline -0.003 -16"><span class='ocrx_word' id='word_1_73' title='bbox 8 702 9 711; x_wconf 64' lang='grc'>,</span> <span class='ocrx_word' id='word_1_74' title='bbox 43 670 118 704; x_wconf 58' lang='lat' dir='ltr'>actu</span> <span class='ocrx_word' id='word_1_75' title='bbox 129 671 247 708; x_wconf 81' lang='lat' dir='ltr'>existit.</span> <span class='ocrx_word' id='word_1_76' title='bbox 269 673 358 708; x_wconf 85' lang='lat' dir='ltr'>Nam</span> <span class='ocrx_word' id='word_1_77' title='bbox 371 670 456 704; x_wconf 88' lang='lat' dir='ltr'>entis</span> <span class='ocrx_word' id='word_1_78' title='bbox 468 670 622 712; x_wconf 80' lang='lat' dir='ltr'>nornine,</span> <span class='ocrx_word' id='word_1_79' title='bbox 646 670 676 704; x_wconf 90' lang='lat' dir='ltr'>id</span> <span class='ocrx_word' id='word_1_80' title='bbox 694 671 904 720; x_wconf 84' lang='lat' dir='ltr'>intelligimus</span> <span class='ocrx_word' id='word_1_81' title='bbox 920 670 1011 719; x_wconf 86' lang='lat' dir='ltr'>quod</span> <span class='ocrx_word' id='word_1_82' title='bbox 1031 669 1140 704; x_wconf 84' lang='lat' dir='ltr'>existit</span> <span class='ocrx_word' id='word_1_83' title='bbox 1152 697 1162 711; x_wconf 85' lang='lat'>,</span> <span class='ocrx_word' id='word_1_84' title='bbox 1187 680 1244 703; x_wconf 79' lang='lat' dir='ltr'>aut</span> <span class='ocrx_word' id='word_1_85' title='bbox 1258 666 1361 715; x_wconf 87' lang='lat' dir='ltr'>potest</span> <span class='ocrx_word' id='word_1_86' title='bbox 1373 668 1442 701; x_wconf 85' lang='lat' dir='ltr'>exi-</span> 
     </span>
     <span class='ocr_line' id='line_1_10' title="bbox 7 716 1441 773; baseline -0.002 -20"><span class='ocrx_word' id='word_1_87' title='bbox 7 717 11 773; x_wconf 52' lang='lat' dir='ltr'>i</span> <span class='ocrx_word' id='word_1_88' title='bbox 35 718 132 754; x_wconf 68' lang='lat' dir='ltr'>stete.</span> <span class='ocrx_word' id='word_1_89' title='bbox 145 721 252 768; x_wconf 81' lang='lat' dir='ltr'>Hujus</span> <span class='ocrx_word' id='word_1_90' title='bbox 267 721 429 769; x_wconf 79' lang='lat' dir='ltr'>principia</span> <span class='ocrx_word' id='word_1_91' title='bbox 451 717 548 754; x_wconf 84' lang='lat' dir='ltr'>nobis</span> <span class='ocrx_word' id='word_1_92' title='bbox 569 717 641 754; x_wconf 87' lang='lat' dir='ltr'>sunt</span> <span class='ocrx_word' id='word_1_93' title='bbox 654 719 837 770; x_wconf 76' lang='lat' dir='ltr'>indaganda</span> <span class='ocrx_word' id='word_1_94' title='bbox 847 749 862 765; x_wconf 77' lang='lat'>‚</span> <span class='ocrx_word' id='word_1_95' title='bbox 874 732 911 755; x_wconf 77' lang='lat' dir='ltr'>ac</span> <span class='ocrx_word' id='word_1_96' title='bbox 928 717 1070 770; x_wconf 72' lang='lat' dir='ltr'>primurn</span> <span class='ocrx_word' id='word_1_97' title='bbox 1080 730 1151 767; x_wconf 80' lang='lat' dir='ltr'>quae</span> <span class='ocrx_word' id='word_1_98' title='bbox 1166 716 1227 753; x_wconf 84' lang='lat' dir='ltr'>fint</span> <span class='ocrx_word' id='word_1_99' title='bbox 1245 716 1441 765; x_wconf 84' lang='lat' dir='ltr'>cognitionis</span> 
     </span>
     <span class='ocr_line' id='line_1_11' title="bbox 36 769 393 817; baseline 0.006 -14"><span class='ocrx_word' id='word_1_100' title='bbox 36 769 199 817; x_wconf 51' lang='lat' dir='ltr'>§mancipia</span> <span class='ocrx_word' id='word_1_101' title='bbox 217 771 393 805; x_wconf 75' lang='lat' dir='ltr'>videamus.</span> 
     </span>
    </p>
   </div>
   <div class='ocr_carea' id='block_1_4' title="bbox 0 801 23 2442">
    <p class='ocr_par' dir='ltr' id='par_1_5' title="bbox 0 801 23 2442">
     <span class='ocr_line' id='line_1_12' title="bbox 0 801 23 2442; baseline 1.957 -327"><span class='ocrx_word' id='word_1_102' title='bbox 0 801 23 2442; x_wconf 95' lang='lat' dir='ltr'>   </span> <span class='ocrx_word' id='word_1_103' title='bbox 18 2119 23 2156; x_wconf 95' lang='lat' dir='ltr'> </span> 
     </span>
    </p>
   </div>
   <div class='ocr_carea' id='block_1_5' title="bbox 408 816 1043 966">
    <p class='ocr_par' dir='ltr' id='par_1_6' title="bbox 408 816 1043 966">
     <span class='ocr_line' id='line_1_13' title="bbox 535 816 955 867; baseline 0.005 -15"><span class='ocrx_word' id='word_1_104' title='bbox 535 816 638 867; x_wconf 66' lang='lat' dir='ltr'>QU</span> <span class='ocrx_word' id='word_1_105' title='bbox 658 820 697 852; x_wconf 85' lang='lat' dir='ltr'>AE</span> <span class='ocrx_word' id='word_1_106' title='bbox 725 820 746 854; x_wconf 92' lang='lat' dir='ltr'><strong>S</strong></span> <span class='ocrx_word' id='word_1_107' title='bbox 771 821 802 856; x_wconf 90' lang='lat' dir='ltr'>T</span> <span class='ocrx_word' id='word_1_108' title='bbox 821 820 882 856; x_wconf 89' lang='lat'>10</span> <span class='ocrx_word' id='word_1_109' title='bbox 927 820 955 854; x_wconf 70' lang='grc' dir='ltr'>Ι.</span> 
     </span>
     <span class='ocr_line' id='line_1_14' title="bbox 408 917 1043 966; baseline 0.002 -14"><span class='ocrx_word' id='word_1_110' title='bbox 408 919 482 965; x_wconf 76' lang='lat' dir='ltr'>Qae</span> <span class='ocrx_word' id='word_1_111' title='bbox 489 917 556 962; x_wconf 80' lang='lat' dir='ltr'>ſjnt</span> <span class='ocrx_word' id='word_1_112' title='bbox 572 920 652 952; x_wconf 82' lang='lat' dir='ltr'>entis</span> <span class='ocrx_word' id='word_1_113' title='bbox 660 918 827 965; x_wconf 75' lang='lat' dir='ltr'>principia</span> <span class='ocrx_word' id='word_1_114' title='bbox 845 919 1043 966; x_wconf 69' lang='lat' dir='ltr'>cognitionis:</span> 
     </span>
    </p>
   </div>
   <div class='ocr_carea' id='block_1_6' title="bbox 15 1011 1474 2440">
    <p class='ocr_par' dir='ltr' id='par_1_7' title="bbox 149 1011 1440 1063">
     <span class='ocr_line' id='line_1_15' title="bbox 149 1011 1440 1063; baseline 0 -17"><span class='ocrx_word' id='word_1_115' title='bbox 149 1011 286 1048; x_wconf 81' lang='lat' dir='ltr'>Mnibns</span> <span class='ocrx_word' id='word_1_116' title='bbox 301 1043 310 1058; x_wconf 87' lang='lat'>‚</span> <span class='ocrx_word' id='word_1_117' title='bbox 321 1016 427 1062; x_wconf 84' lang='lat' dir='ltr'>inquit</span> <span class='ocrx_word' id='word_1_118' title='bbox 439 1014 624 1051; x_wconf 83' lang='lat' dir='ltr'>Aristoteles</span> <span class='ocrx_word' id='word_1_119' title='bbox 637 1015 657 1052; x_wconf 85' lang='lat' dir='ltr'>l.</span> <span class='ocrx_word' id='word_1_120' title='bbox 668 1031 691 1063; x_wconf 86' lang='lat'>5.</span> <span class='ocrx_word' id='word_1_121' title='bbox 705 1014 855 1062; x_wconf 80' lang='lat' dir='ltr'>Metaph.</span> <span class='ocrx_word' id='word_1_122' title='bbox 869 1027 896 1050; x_wconf 93' lang='lat' dir='ltr'>c.</span> <span class='ocrx_word' id='word_1_123' title='bbox 910 1029 934 1050; x_wconf 85' lang='lat'>1.</span> <span class='ocrx_word' id='word_1_124' title='bbox 947 1015 1116 1063; x_wconf 75' lang='lat' dir='ltr'>principiis</span> <span class='ocrx_word' id='word_1_125' title='bbox 1129 1025 1292 1049; x_wconf 81' lang='lat' dir='ltr'>commune</span> <span class='ocrx_word' id='word_1_126' title='bbox 1310 1013 1350 1059; x_wconf 85' lang='lat' dir='ltr'>est</span> <span class='ocrx_word' id='word_1_127' title='bbox 1360 1042 1368 1053; x_wconf 88' lang='lat'><em>,</em></span> <span class='ocrx_word' id='word_1_128' title='bbox 1396 1016 1440 1061; x_wconf 63' lang='lat' dir='ltr'>es:</span> 
     </span>
    </p>

    <p class='ocr_par' dir='ltr' id='par_1_8' title="bbox 41 1063 1442 1344">
     <span class='ocr_line' id='line_1_16' title="bbox 136 1063 1440 1109; baseline 0.002 -14"><span class='ocrx_word' id='word_1_129' title='bbox 136 1064 315 1109; x_wconf 79' lang='lat' dir='ltr'>ftprlmum</span> <span class='ocrx_word' id='word_1_130' title='bbox 329 1091 338 1101; x_wconf 90' lang='lat'><em>‚</em></span> <span class='ocrx_word' id='word_1_131' title='bbox 351 1064 435 1097; x_wconf 85' lang='lat' dir='ltr'>unde</span> <span class='ocrx_word' id='word_1_132' title='bbox 451 1064 582 1109; x_wconf 82' lang='lat' dir='ltr'>aliquid</span> <span class='ocrx_word' id='word_1_133' title='bbox 602 1077 660 1099; x_wconf 85' lang='lat' dir='ltr'>aut</span> <span class='ocrx_word' id='word_1_134' title='bbox 677 1064 717 1109; x_wconf 79' lang='lat' dir='ltr'>est</span> <span class='ocrx_word' id='word_1_135' title='bbox 729 1091 739 1102; x_wconf 92' lang='lat'><em>,</em></span> <span class='ocrx_word' id='word_1_136' title='bbox 767 1075 826 1097; x_wconf 79' lang='lat' dir='ltr'>aut</span> <span class='ocrx_word' id='word_1_137' title='bbox 838 1063 902 1108; x_wconf 82' lang='lat' dir='ltr'>fit,</span> <span class='ocrx_word' id='word_1_138' title='bbox 921 1073 978 1096; x_wconf 87' lang='lat' dir='ltr'>aut</span> <span class='ocrx_word' id='word_1_139' title='bbox 998 1064 1199 1109; x_wconf 79' lang='lat' dir='ltr'>cognoscitur.</span> <span class='ocrx_word' id='word_1_140' title='bbox 1229 1064 1338 1108; x_wconf 89' lang='lat' dir='ltr'>Atque</span> <span class='ocrx_word' id='word_1_141' title='bbox 1361 1064 1440 1098; x_wconf 84' lang='lat' dir='ltr'>hinc</span> 
     </span>
     <span class='ocr_line' id='line_1_17' title="bbox 43 1109 1438 1162; baseline -0.001 -16"><span class='ocrx_word' id='word_1_142' title='bbox 43 1114 110 1146; x_wconf 66' lang='lat' dir='ltr'>ssia</span> <span class='ocrx_word' id='word_1_143' title='bbox 127 1112 354 1160; x_wconf 77' lang='lat' dir='ltr'>principiorum</span> <span class='ocrx_word' id='word_1_144' title='bbox 367 1125 487 1160; x_wconf 82' lang='lat' dir='ltr'>genera</span> <span class='ocrx_word' id='word_1_145' title='bbox 500 1111 654 1162; x_wconf 85' lang='lat' dir='ltr'>distingui</span> <span class='ocrx_word' id='word_1_146' title='bbox 664 1112 768 1147; x_wconf 83' lang='lat' dir='ltr'>solent</span> <span class='ocrx_word' id='word_1_147' title='bbox 777 1139 790 1154; x_wconf 85' lang='lat'><strong>,</strong></span> <span class='ocrx_word' id='word_1_148' title='bbox 813 1109 1058 1159; x_wconf 79' lang='lat' dir='ltr'>compositionis</span> <span class='ocrx_word' id='word_1_149' title='bbox 1072 1112 1225 1146; x_wconf 84' lang='lat' dir='ltr'>nimitum</span> <span class='ocrx_word' id='word_1_150' title='bbox 1236 1139 1246 1153; x_wconf 94' lang='lat'><em>‚</em></span> <span class='ocrx_word' id='word_1_151' title='bbox 1269 1122 1309 1144; x_wconf 80' lang='lat' dir='ltr'>ex</span> <span class='ocrx_word' id='word_1_152' title='bbox 1322 1110 1438 1158; x_wconf 83' lang='lat' dir='ltr'>quibus</span> 
     </span>
     <span class='ocr_line' id='line_1_18' title="bbox 41 1159 1442 1209; baseline 0 -14"><span class='ocrx_word' id='word_1_153' title='bbox 41 1172 98 1195; x_wconf 74' lang='lat' dir='ltr'>‚tes</span> <span class='ocrx_word' id='word_1_154' title='bbox 119 1159 241 1195; x_wconf 84' lang='lat' dir='ltr'>constat</span> <span class='ocrx_word' id='word_1_155' title='bbox 252 1189 261 1203; x_wconf 87' lang='lat'>‚</span> <span class='ocrx_word' id='word_1_156' title='bbox 283 1171 320 1195; x_wconf 91' lang='lat' dir='ltr'>ut</span> <span class='ocrx_word' id='word_1_157' title='bbox 331 1160 433 1196; x_wconf 88' lang='lat' dir='ltr'>homo</span> <span class='ocrx_word' id='word_1_158' title='bbox 444 1174 484 1196; x_wconf 85' lang='lat' dir='ltr'>ex</span> <span class='ocrx_word' id='word_1_159' title='bbox 498 1173 634 1209; x_wconf 81' lang='lat' dir='ltr'>corpore</span> <span class='ocrx_word' id='word_1_160' title='bbox 649 1167 684 1199; x_wconf 87' lang='lat'>&amp;</span> <span class='ocrx_word' id='word_1_161' title='bbox 694 1164 803 1196; x_wconf 84' lang='lat' dir='ltr'>anima</span> <span class='ocrx_word' id='word_1_162' title='bbox 826 1176 836 1203; x_wconf 83' lang='lat'>;</span> <span class='ocrx_word' id='word_1_163' title='bbox 860 1161 1083 1209; x_wconf 80' lang='lat' dir='ltr'>generationis</span> <span class='ocrx_word' id='word_1_164' title='bbox 1095 1189 1104 1203; x_wconf 93' lang='lat'>,</span> <span class='ocrx_word' id='word_1_165' title='bbox 1129 1172 1202 1207; x_wconf 82' lang='lat' dir='ltr'>quae</span> <span class='ocrx_word' id='word_1_166' title='bbox 1215 1159 1256 1194; x_wconf 81' lang='lat' dir='ltr'>ad</span> <span class='ocrx_word' id='word_1_167' title='bbox 1267 1161 1312 1193; x_wconf 82' lang='lat' dir='ltr'>rei</span> <span class='ocrx_word' id='word_1_168' title='bbox 1325 1161 1442 1208; x_wconf 78' lang='lat' dir='ltr'>produ-</span> 
     </span>
     <span class='ocr_line' id='line_1_19' title="bbox 43 1209 1441 1259; baseline -0.002 -16"><span class='ocrx_word' id='word_1_169' title='bbox 43 1211 194 1244; x_wconf 61' lang='lat' dir='ltr'>&amp;ionem</span> <span class='ocrx_word' id='word_1_170' title='bbox 211 1221 427 1255; x_wconf 79' lang='lat' dir='ltr'>concurrunt3</span> <span class='ocrx_word' id='word_1_171' title='bbox 448 1213 686 1259; x_wconf 85' lang='lat' dir='ltr'>&amp;cognitionis</span> <span class='ocrx_word' id='word_1_172' title='bbox 697 1240 707 1254; x_wconf 86' lang='lat'>‚</span> <span class='ocrx_word' id='word_1_173' title='bbox 734 1222 803 1258; x_wconf 83' lang='lat' dir='ltr'>quae</span> <span class='ocrx_word' id='word_1_174' title='bbox 822 1211 854 1244; x_wconf 90' lang='lat' dir='ltr'>in</span> <span class='ocrx_word' id='word_1_175' title='bbox 868 1212 915 1244; x_wconf 86' lang='lat' dir='ltr'>rei</span> <span class='ocrx_word' id='word_1_176' title='bbox 925 1211 1077 1245; x_wconf 77' lang='lat' dir='ltr'>notitiam</span> <span class='ocrx_word' id='word_1_177' title='bbox 1089 1221 1147 1244; x_wconf 90' lang='lat' dir='ltr'>nos</span> <span class='ocrx_word' id='word_1_178' title='bbox 1160 1209 1302 1244; x_wconf 89' lang='lat' dir='ltr'>ducunt:</span> <span class='ocrx_word' id='word_1_179' title='bbox 1320 1212 1441 1256; x_wconf 80' lang='lat' dir='ltr'>princi-</span> 
     </span>
     <span class='ocr_line' id='line_1_20' title="bbox 49 1257 1441 1309; baseline -0.001 -16"><span class='ocrx_word' id='word_1_180' title='bbox 49 1260 105 1307; x_wconf 85' lang='lat' dir='ltr'>pia</span> <span class='ocrx_word' id='word_1_181' title='bbox 121 1260 338 1307; x_wconf 83' lang='lat' dir='ltr'>generationis</span> <span class='ocrx_word' id='word_1_182' title='bbox 350 1259 413 1295; x_wconf 86' lang='lat' dir='ltr'>hoc</span> <span class='ocrx_word' id='word_1_183' title='bbox 427 1260 501 1296; x_wconf 89' lang='lat' dir='ltr'>loco</span> <span class='ocrx_word' id='word_1_184' title='bbox 514 1273 582 1296; x_wconf 79' lang='lat' dir='ltr'>non</span> <span class='ocrx_word' id='word_1_185' title='bbox 599 1260 851 1309; x_wconf 78' lang='lat' dir='ltr'>pet-vestigamus</span> <span class='ocrx_word' id='word_1_186' title='bbox 862 1288 873 1303; x_wconf 87' lang='lat'><em>,</em></span> <span class='ocrx_word' id='word_1_187' title='bbox 894 1257 947 1294; x_wconf 84' lang='lat' dir='ltr'>sed</span> <span class='ocrx_word' id='word_1_188' title='bbox 965 1270 1004 1293; x_wconf 79' lang='lat' dir='ltr'>ea</span> <span class='ocrx_word' id='word_1_189' title='bbox 1024 1270 1062 1294; x_wconf 86' lang='lat' dir='ltr'>ex</span> <span class='ocrx_word' id='word_1_190' title='bbox 1076 1257 1193 1306; x_wconf 86' lang='lat' dir='ltr'>quibus</span> <span class='ocrx_word' id='word_1_191' title='bbox 1207 1269 1263 1293; x_wconf 89' lang='lat' dir='ltr'>ens</span> <span class='ocrx_word' id='word_1_192' title='bbox 1274 1257 1441 1307; x_wconf 84' lang='lat' dir='ltr'>cognosci-</span> 
     </span>
     <span class='ocr_line' id='line_1_21' title="bbox 52 1307 318 1344; baseline 0.004 -1"><span class='ocrx_word' id='word_1_193' title='bbox 52 1319 103 1343; x_wconf 85' lang='lat' dir='ltr'>tut</span> <span class='ocrx_word' id='word_1_194' title='bbox 124 1313 158 1344; x_wconf 85' lang='lat'>&amp;</span> <span class='ocrx_word' id='word_1_195' title='bbox 178 1307 318 1344; x_wconf 80' lang='lat' dir='ltr'>constat.</span> 
     </span>
    </p>

    <p class='ocr_par' dir='ltr' id='par_1_9' title="bbox 43 1355 1441 1798">
     <span class='ocr_line' id='line_1_22' title="bbox 90 1355 1440 1407; baseline 0.001 -17"><span class='ocrx_word' id='word_1_196' title='bbox 90 1358 139 1391; x_wconf 87' lang='lat' dir='ltr'>Ac</span> <span class='ocrx_word' id='word_1_197' title='bbox 155 1355 298 1404; x_wconf 71' lang='lat' dir='ltr'>primuni</span> <span class='ocrx_word' id='word_1_198' title='bbox 311 1357 389 1392; x_wconf 89' lang='lat' dir='ltr'>licet</span> <span class='ocrx_word' id='word_1_199' title='bbox 404 1360 561 1407; x_wconf 84' lang='lat' dir='ltr'>principia</span> <span class='ocrx_word' id='word_1_200' title='bbox 578 1359 775 1406; x_wconf 84' lang='lat' dir='ltr'>cognitionis</span> <span class='ocrx_word' id='word_1_201' title='bbox 793 1358 907 1394; x_wconf 82' lang='lat' dir='ltr'>nostrae</span> <span class='ocrx_word' id='word_1_202' title='bbox 922 1360 954 1393; x_wconf 89' lang='lat' dir='ltr'>in</span> <span class='ocrx_word' id='word_1_203' title='bbox 973 1357 1036 1391; x_wconf 86' lang='lat' dir='ltr'>duo</span> <span class='ocrx_word' id='word_1_204' title='bbox 1053 1369 1172 1405; x_wconf 81' lang='lat' dir='ltr'>genera</span> <span class='ocrx_word' id='word_1_205' title='bbox 1191 1359 1301 1406; x_wconf 84' lang='lat' dir='ltr'>partiti</span> <span class='ocrx_word' id='word_1_206' title='bbox 1314 1384 1324 1399; x_wconf 86' lang='lat'>,</span> <span class='ocrx_word' id='word_1_207' title='bbox 1355 1368 1440 1404; x_wconf 79' lang='lat' dir='ltr'>quo-</span> 
     </span>
     <span class='ocr_line' id='line_1_23' title="bbox 44 1404 1440 1455; baseline -0.001 -14"><span class='ocrx_word' id='word_1_208' title='bbox 44 1418 122 1441; x_wconf 71' lang='lat' dir='ltr'>tum</span> <span class='ocrx_word' id='word_1_209' title='bbox 146 1405 208 1440; x_wconf 85' lang='lat' dir='ltr'>alia</span> <span class='ocrx_word' id='word_1_210' title='bbox 224 1405 297 1440; x_wconf 85' lang='lat' dir='ltr'>sunt</span> <span class='ocrx_word' id='word_1_211' title='bbox 311 1407 517 1455; x_wconf 81' lang='lat' dir='ltr'>incomplexa</span> <span class='ocrx_word' id='word_1_212' title='bbox 530 1435 542 1449; x_wconf 85' lang='lat'>‚</span> <span class='ocrx_word' id='word_1_213' title='bbox 564 1404 614 1441; x_wconf 82' lang='lat' dir='ltr'>seu</span> <span class='ocrx_word' id='word_1_214' title='bbox 626 1406 712 1454; x_wconf 73' lang='lat' dir='ltr'>ligna</span> <span class='ocrx_word' id='word_1_215' title='bbox 727 1407 873 1453; x_wconf 63' lang='lat' dir='ltr'>quaedam</span> <span class='ocrx_word' id='word_1_216' title='bbox 885 1435 894 1449; x_wconf 95' lang='lat'>‚</span> <span class='ocrx_word' id='word_1_217' title='bbox 913 1417 970 1441; x_wconf 84' lang='lat' dir='ltr'>aut</span> <span class='ocrx_word' id='word_1_218' title='bbox 985 1406 1122 1454; x_wconf 82' lang='lat' dir='ltr'>vestigia</span> <span class='ocrx_word' id='word_1_219' title='bbox 1134 1435 1144 1448; x_wconf 88' lang='lat'>,</span> <span class='ocrx_word' id='word_1_220' title='bbox 1170 1419 1243 1454; x_wconf 84' lang='lat' dir='ltr'>quae</span> <span class='ocrx_word' id='word_1_221' title='bbox 1257 1409 1289 1441; x_wconf 86' lang='lat' dir='ltr'>in</span> <span class='ocrx_word' id='word_1_222' title='bbox 1302 1405 1440 1440; x_wconf 82' lang='lat' dir='ltr'>aliarum</span> 
     </span>
     <span class='ocr_line' id='line_1_24' title="bbox 49 1454 1440 1503; baseline -0.001 -13"><span class='ocrx_word' id='word_1_223' title='bbox 49 1467 158 1490; x_wconf 85' lang='lat' dir='ltr'>tetum</span> <span class='ocrx_word' id='word_1_224' title='bbox 175 1455 397 1503; x_wconf 82' lang='lat' dir='ltr'>cognitionem</span> <span class='ocrx_word' id='word_1_225' title='bbox 412 1468 470 1490; x_wconf 84' lang='lat' dir='ltr'>nos</span> <span class='ocrx_word' id='word_1_226' title='bbox 481 1456 603 1490; x_wconf 90' lang='lat' dir='ltr'>ducunt</span> <span class='ocrx_word' id='word_1_227' title='bbox 613 1484 623 1498; x_wconf 89' lang='lat'>,</span> <span class='ocrx_word' id='word_1_228' title='bbox 639 1457 680 1489; x_wconf 89' lang='lat' dir='ltr'>de</span> <span class='ocrx_word' id='word_1_229' title='bbox 692 1454 809 1502; x_wconf 90' lang='lat' dir='ltr'>quibus</span> <span class='ocrx_word' id='word_1_230' title='bbox 823 1454 891 1490; x_wconf 83' lang='lat' dir='ltr'>fuse</span> <span class='ocrx_word' id='word_1_231' title='bbox 902 1458 934 1490; x_wconf 91' lang='lat' dir='ltr'>in</span> <span class='ocrx_word' id='word_1_232' title='bbox 950 1456 1070 1502; x_wconf 80' lang='lat' dir='ltr'>Logica</span> <span class='ocrx_word' id='word_1_233' title='bbox 1081 1456 1188 1491; x_wconf 69' lang='lat' dir='ltr'>aetum</span> <span class='ocrx_word' id='word_1_234' title='bbox 1201 1455 1262 1489; x_wconf 86' lang='lat' dir='ltr'>fuit</span> <span class='ocrx_word' id='word_1_235' title='bbox 1278 1471 1288 1498; x_wconf 81' lang='lat'><em>3</em></span> <span class='ocrx_word' id='word_1_236' title='bbox 1306 1454 1370 1488; x_wconf 76' lang='lat' dir='ltr'>alia</span> <span class='ocrx_word' id='word_1_237' title='bbox 1380 1466 1440 1488; x_wconf 86' lang='lat' dir='ltr'>ve-</span> 
     </span>
     <span class='ocr_line' id='line_1_25' title="bbox 52 1501 1439 1552; baseline -0.001 -14"><span class='ocrx_word' id='word_1_238' title='bbox 52 1502 91 1539; x_wconf 76' lang='lat' dir='ltr'>ro</span> <span class='ocrx_word' id='word_1_239' title='bbox 100 1503 270 1551; x_wconf 82' lang='lat' dir='ltr'>complexa</span> <span class='ocrx_word' id='word_1_240' title='bbox 279 1517 370 1552; x_wconf 78' lang='lat' dir='ltr'>„quae</span> <span class='ocrx_word' id='word_1_241' title='bbox 389 1509 421 1541; x_wconf 90' lang='lat'><strong>&amp;</strong></span> <span class='ocrx_word' id='word_1_242' title='bbox 437 1507 600 1539; x_wconf 81' lang='lat' dir='ltr'>axiomata</span> <span class='ocrx_word' id='word_1_243' title='bbox 611 1505 674 1538; x_wconf 82' lang='lat' dir='ltr'>dici</span> <span class='ocrx_word' id='word_1_244' title='bbox 686 1502 807 1548; x_wconf 71' lang='lat' dir='ltr'>solent,</span> <span class='ocrx_word' id='word_1_245' title='bbox 827 1503 882 1539; x_wconf 86' lang='lat' dir='ltr'>seu</span> <span class='ocrx_word' id='word_1_246' title='bbox 892 1501 1126 1552; x_wconf 72' lang='lat' dir='ltr'>propositiones</span> <span class='ocrx_word' id='word_1_247' title='bbox 1145 1506 1190 1538; x_wconf 83' lang='lat' dir='ltr'>ita</span> <span class='ocrx_word' id='word_1_248' title='bbox 1199 1515 1285 1539; x_wconf 84' lang='lat' dir='ltr'>notae</span> <span class='ocrx_word' id='word_1_249' title='bbox 1294 1508 1328 1539; x_wconf 86' lang='lat'>&amp;</span> <span class='ocrx_word' id='word_1_250' title='bbox 1338 1501 1439 1546; x_wconf 74' lang='lat' dir='ltr'>clarae,</span> 
     </span>
     <span class='ocr_line' id='line_1_26' title="bbox 43 1551 1441 1601; baseline -0.002 -13"><span class='ocrx_word' id='word_1_251' title='bbox 43 1564 86 1588; x_wconf 83' lang='lat' dir='ltr'>:ut</span> <span class='ocrx_word' id='word_1_252' title='bbox 100 1553 258 1588; x_wconf 79' lang='lat' dir='ltr'>mediocri</span> <span class='ocrx_word' id='word_1_253' title='bbox 270 1553 423 1588; x_wconf 79' lang='lat' dir='ltr'>duntaxat</span> <span class='ocrx_word' id='word_1_254' title='bbox 433 1555 616 1590; x_wconf 74' lang='lat' dir='ltr'>attentione</span> <span class='ocrx_word' id='word_1_255' title='bbox 627 1582 637 1596; x_wconf 89' lang='lat'>,</span> <span class='ocrx_word' id='word_1_256' title='bbox 657 1566 725 1588; x_wconf 87' lang='lat' dir='ltr'>non</span> <span class='ocrx_word' id='word_1_257' title='bbox 741 1552 936 1601; x_wconf 84' lang='lat' dir='ltr'>probatione</span> <span class='ocrx_word' id='word_1_258' title='bbox 956 1563 1075 1601; x_wconf 82' lang='lat' dir='ltr'>egeant</span> <span class='ocrx_word' id='word_1_259' title='bbox 1090 1567 1101 1588; x_wconf 72' lang='lat'>⁴.</span> <span class='ocrx_word' id='word_1_260' title='bbox 1118 1551 1182 1587; x_wconf 81' lang='lat' dir='ltr'>five</span> <span class='ocrx_word' id='word_1_261' title='bbox 1202 1552 1259 1587; x_wconf 82' lang='lat' dir='ltr'>illa</span> <span class='ocrx_word' id='word_1_262' title='bbox 1275 1554 1441 1586; x_wconf 76' lang='lat' dir='ltr'>axiomata.</span> 
     </span>
     <span class='ocr_line' id='line_1_27' title="bbox 50 1599 1434 1651; baseline -0.002 -13"><span class='ocrx_word' id='word_1_263' title='bbox 50 1601 110 1638; x_wconf 81' lang='lat' dir='ltr'>sint</span> <span class='ocrx_word' id='word_1_264' title='bbox 119 1613 211 1636; x_wconf 85' lang='lat' dir='ltr'>certae</span> <span class='ocrx_word' id='word_1_265' title='bbox 227 1599 401 1651; x_wconf 69' lang='lat' dir='ltr'>disciplinae</span> <span class='ocrx_word' id='word_1_266' title='bbox 413 1605 541 1651; x_wconf 76' lang='lat' dir='ltr'>propria</span> <span class='ocrx_word' id='word_1_267' title='bbox 557 1631 566 1645; x_wconf 88' lang='lat'>,</span> <span class='ocrx_word' id='word_1_268' title='bbox 584 1607 671 1650; x_wconf 79' lang='lat' dir='ltr'>cujus</span> <span class='ocrx_word' id='word_1_269' title='bbox 691 1605 818 1651; x_wconf 82' lang='lat' dir='ltr'>generis</span> <span class='ocrx_word' id='word_1_270' title='bbox 831 1605 865 1638; x_wconf 90' lang='lat' dir='ltr'>in</span> <span class='ocrx_word' id='word_1_271' title='bbox 878 1601 1123 1636; x_wconf 79' lang='lat' dir='ltr'>Mathematicis</span> <span class='ocrx_word' id='word_1_272' title='bbox 1143 1602 1293 1649; x_wconf 85' lang='lat' dir='ltr'>ptaemitti</span> <span class='ocrx_word' id='word_1_273' title='bbox 1313 1600 1434 1643; x_wconf 64' lang='lat' dir='ltr'>solem</span> 
     </span>
     <span class='ocr_line' id='line_1_28' title="bbox 52 1648 1441 1700; baseline -0.002 -14"><span class='ocrx_word' id='word_1_274' title='bbox 52 1650 116 1688; x_wconf 82' lang='lat' dir='ltr'>sive</span> <span class='ocrx_word' id='word_1_275' title='bbox 127 1663 165 1685; x_wconf 85' lang='lat' dir='ltr'>ea</span> <span class='ocrx_word' id='word_1_276' title='bbox 177 1650 236 1686; x_wconf 84' lang='lat' dir='ltr'>sint</span> <span class='ocrx_word' id='word_1_277' title='bbox 252 1650 402 1686; x_wconf 87' lang='lat' dir='ltr'>omnibus</span> <span class='ocrx_word' id='word_1_278' title='bbox 417 1664 501 1700; x_wconf 88' lang='lat' dir='ltr'>pene</span> <span class='ocrx_word' id='word_1_279' title='bbox 517 1651 690 1700; x_wconf 85' lang='lat' dir='ltr'>disciplinis</span> <span class='ocrx_word' id='word_1_280' title='bbox 711 1654 896 1687; x_wconf 79' lang='lat' dir='ltr'>commimia</span> <span class='ocrx_word' id='word_1_281' title='bbox 909 1681 920 1695; x_wconf 88' lang='lat'>,</span> <span class='ocrx_word' id='word_1_282' title='bbox 941 1651 982 1685; x_wconf 85' lang='lat' dir='ltr'>de</span> <span class='ocrx_word' id='word_1_283' title='bbox 1008 1649 1126 1697; x_wconf 88' lang='lat' dir='ltr'>quibus</span> <span class='ocrx_word' id='word_1_284' title='bbox 1145 1651 1207 1685; x_wconf 88' lang='lat' dir='ltr'>hoc</span> <span class='ocrx_word' id='word_1_285' title='bbox 1223 1650 1297 1684; x_wconf 88' lang='lat' dir='ltr'>loco</span> <span class='ocrx_word' id='word_1_286' title='bbox 1314 1648 1441 1698; x_wconf 85' lang='lat' dir='ltr'>potiffi-</span> 
     </span>
     <span class='ocr_line' id='line_1_29' title="bbox 48 1697 1440 1750; baseline -0.001 -14"><span class='ocrx_word' id='word_1_287' title='bbox 48 1713 142 1736; x_wconf 84' lang='lat' dir='ltr'>mum</span> <span class='ocrx_word' id='word_1_288' title='bbox 159 1702 282 1749; x_wconf 81' lang='lat' dir='ltr'>agimus</span> <span class='ocrx_word' id='word_1_289' title='bbox 300 1714 307 1735; x_wconf 93' lang='lat'>:</span> <span class='ocrx_word' id='word_1_290' title='bbox 320 1713 358 1735; x_wconf 79' lang='lat' dir='ltr'>ea</span> <span class='ocrx_word' id='word_1_291' title='bbox 371 1703 492 1749; x_wconf 86' lang='lat' dir='ltr'>quippe</span> <span class='ocrx_word' id='word_1_292' title='bbox 505 1701 544 1735; x_wconf 84' lang='lat' dir='ltr'>ad</span> <span class='ocrx_word' id='word_1_293' title='bbox 558 1703 698 1750; x_wconf 76' lang='lat' dir='ltr'>primani</span> <span class='ocrx_word' id='word_1_294' title='bbox 709 1700 952 1750; x_wconf 76' lang='lat' dir='ltr'>Philosophiam</span> <span class='ocrx_word' id='word_1_295' title='bbox 963 1728 974 1743; x_wconf 85' lang='lat'>‚</span> <span class='ocrx_word' id='word_1_296' title='bbox 984 1699 1034 1734; x_wconf 84' lang='lat' dir='ltr'>seu</span> <span class='ocrx_word' id='word_1_297' title='bbox 1042 1699 1081 1733; x_wconf 82' lang='lat' dir='ltr'>ad</span> <span class='ocrx_word' id='word_1_298' title='bbox 1094 1697 1353 1748; x_wconf 79' lang='lat' dir='ltr'>Metaphysicam</span> <span class='ocrx_word' id='word_1_299' title='bbox 1363 1711 1440 1747; x_wconf 83' lang='lat' dir='ltr'>pro-</span> 
     </span>
     <span class='ocr_line' id='line_1_30' title="bbox 56 1751 318 1798; baseline 0.008 -15"><span class='ocrx_word' id='word_1_300' title='bbox 56 1751 125 1798; x_wconf 78' lang='lat' dir='ltr'>prie</span> <span class='ocrx_word' id='word_1_301' title='bbox 144 1751 318 1797; x_wconf 80' lang='lat' dir='ltr'>pertinent.</span> 
     </span>
    </p>

    <p class='ocr_par' dir='ltr' id='par_1_10' title="bbox 49 1797 1442 2042">
     <span class='ocr_line' id='line_1_31' title="bbox 86 1797 1439 1847; baseline 0.001 -15"><span class='ocrx_word' id='word_1_302' title='bbox 86 1799 174 1833; x_wconf 86' lang='lat' dir='ltr'>Cum</span> <span class='ocrx_word' id='word_1_303' title='bbox 186 1810 293 1832; x_wconf 81' lang='lat' dir='ltr'>autem</span> <span class='ocrx_word' id='word_1_304' title='bbox 307 1798 408 1833; x_wconf 78' lang='lat' dir='ltr'>multa</span> <span class='ocrx_word' id='word_1_305' title='bbox 426 1798 485 1833; x_wconf 82' lang='lat' dir='ltr'>sint</span> <span class='ocrx_word' id='word_1_306' title='bbox 496 1797 676 1846; x_wconf 83' lang='lat' dir='ltr'>hujusmodi</span> <span class='ocrx_word' id='word_1_307' title='bbox 688 1801 843 1847; x_wconf 75' lang='lat' dir='ltr'>principia</span> <span class='ocrx_word' id='word_1_308' title='bbox 855 1829 864 1843; x_wconf 91' lang='lat'><em>‚</em></span> <span class='ocrx_word' id='word_1_309' title='bbox 882 1813 953 1847; x_wconf 83' lang='lat' dir='ltr'>quae</span> <span class='ocrx_word' id='word_1_310' title='bbox 967 1798 1163 1847; x_wconf 63' lang='lat' dir='ltr'>probatione</span> <span class='ocrx_word' id='word_1_311' title='bbox 1181 1811 1248 1832; x_wconf 90' lang='lat' dir='ltr'>non</span> <span class='ocrx_word' id='word_1_312' title='bbox 1264 1809 1361 1846; x_wconf 81' lang='lat' dir='ltr'>egent</span> <span class='ocrx_word' id='word_1_313' title='bbox 1374 1827 1383 1841; x_wconf 94' lang='lat'>‚</span> <span class='ocrx_word' id='word_1_314' title='bbox 1404 1803 1439 1834; x_wconf 86' lang='lat'>&amp;</span> 
     </span>
     <span class='ocr_line' id='line_1_32' title="bbox 49 1845 1441 1896; baseline -0.001 -14"><span class='ocrx_word' id='word_1_315' title='bbox 49 1859 194 1896; x_wconf 84' lang='lat' dir='ltr'>-quotum</span> <span class='ocrx_word' id='word_1_316' title='bbox 212 1850 255 1881; x_wconf 71' lang='lat' dir='ltr'>ita</span> <span class='ocrx_word' id='word_1_317' title='bbox 271 1845 374 1882; x_wconf 84' lang='lat' dir='ltr'>sumus</span> <span class='ocrx_word' id='word_1_318' title='bbox 385 1846 501 1882; x_wconf 84' lang='lat' dir='ltr'>conscii</span> <span class='ocrx_word' id='word_1_319' title='bbox 516 1876 527 1890; x_wconf 87' lang='lat'>,</span> <span class='ocrx_word' id='word_1_320' title='bbox 550 1858 586 1881; x_wconf 88' lang='lat' dir='ltr'>ut</span> <span class='ocrx_word' id='word_1_321' title='bbox 602 1848 642 1881; x_wconf 88' lang='lat' dir='ltr'>de</span> <span class='ocrx_word' id='word_1_322' title='bbox 656 1860 768 1882; x_wconf 84' lang='lat' dir='ltr'>eorum</span> <span class='ocrx_word' id='word_1_323' title='bbox 781 1851 918 1883; x_wconf 72' lang='lat' dir='ltr'>veritate</span> <span class='ocrx_word' id='word_1_324' title='bbox 934 1848 1014 1883; x_wconf 80' lang='lat' dir='ltr'>serio</span> <span class='ocrx_word' id='word_1_325' title='bbox 1030 1846 1179 1881; x_wconf 74' lang='lat' dir='ltr'>dubitare</span> <span class='ocrx_word' id='word_1_326' title='bbox 1200 1860 1264 1882; x_wconf 85' lang='lat' dir='ltr'>non</span> <span class='ocrx_word' id='word_1_327' title='bbox 1280 1845 1441 1894; x_wconf 81' lang='lat' dir='ltr'>poffimus,</span> 
     </span>
     <span class='ocr_line' id='line_1_33' title="bbox 53 1894 1441 1945; baseline -0.003 -13"><span class='ocrx_word' id='word_1_328' title='bbox 53 1894 173 1932; x_wconf 81' lang='lat' dir='ltr'>merito</span> <span class='ocrx_word' id='word_1_329' title='bbox 182 1898 328 1943; x_wconf 67' lang='lat' dir='ltr'>quaeritur</span> <span class='ocrx_word' id='word_1_330' title='bbox 338 1897 507 1944; x_wconf 82' lang='lat' dir='ltr'>quodnam</span> <span class='ocrx_word' id='word_1_331' title='bbox 520 1908 556 1930; x_wconf 79' lang='lat' dir='ltr'>ex</span> <span class='ocrx_word' id='word_1_332' title='bbox 567 1896 719 1931; x_wconf 86' lang='lat' dir='ltr'>omnibus</span> <span class='ocrx_word' id='word_1_333' title='bbox 730 1895 765 1931; x_wconf 85' lang='lat' dir='ltr'>[it</span> <span class='ocrx_word' id='word_1_334' title='bbox 778 1899 917 1945; x_wconf 85' lang='lat' dir='ltr'>primum</span> <span class='ocrx_word' id='word_1_335' title='bbox 927 1924 937 1939; x_wconf 94' lang='lat'>,</span> <span class='ocrx_word' id='word_1_336' title='bbox 964 1908 1032 1931; x_wconf 85' lang='lat' dir='ltr'>tum</span> <span class='ocrx_word' id='word_1_337' title='bbox 1045 1896 1239 1931; x_wconf 79' lang='lat' dir='ltr'>certitudine</span> <span class='ocrx_word' id='word_1_338' title='bbox 1254 1901 1287 1931; x_wconf 88' lang='lat'>&amp;</span> <span class='ocrx_word' id='word_1_339' title='bbox 1306 1894 1441 1930; x_wconf 78' lang='lat' dir='ltr'>firmita—</span> 
     </span>
     <span class='ocr_line' id='line_1_34' title="bbox 51 1942 1442 1994; baseline -0.004 -12"><span class='ocrx_word' id='word_1_340' title='bbox 51 1958 90 1982; x_wconf 74' lang='lat' dir='ltr'>te</span> <span class='ocrx_word' id='word_1_341' title='bbox 104 1974 115 1989; x_wconf 92' lang='lat'><strong>,</strong></span> <span class='ocrx_word' id='word_1_342' title='bbox 138 1957 206 1981; x_wconf 88' lang='lat' dir='ltr'>tum</span> <span class='ocrx_word' id='word_1_343' title='bbox 219 1947 402 1991; x_wconf 79' lang='lat' dir='ltr'>evidentia,</span> <span class='ocrx_word' id='word_1_344' title='bbox 420 1956 488 1981; x_wconf 80' lang='lat' dir='ltr'>tum</span> <span class='ocrx_word' id='word_1_345' title='bbox 500 1943 614 1980; x_wconf 88' lang='lat' dir='ltr'>officio</span> <span class='ocrx_word' id='word_1_346' title='bbox 628 1959 636 1981; x_wconf 89' lang='lat'>:</span> <span class='ocrx_word' id='word_1_347' title='bbox 651 1946 732 1981; x_wconf 86' lang='lat' dir='ltr'>adeo</span> <span class='ocrx_word' id='word_1_348' title='bbox 741 1957 776 1981; x_wconf 87' lang='lat' dir='ltr'>ut</span> <span class='ocrx_word' id='word_1_349' title='bbox 786 1958 825 1981; x_wconf 84' lang='lat' dir='ltr'>ex</span> <span class='ocrx_word' id='word_1_350' title='bbox 838 1958 879 1982; x_wconf 86' lang='lat' dir='ltr'>eo</span> <span class='ocrx_word' id='word_1_351' title='bbox 891 1957 1008 1981; x_wconf 80' lang='lat' dir='ltr'>caetexa</span> <span class='ocrx_word' id='word_1_352' title='bbox 1021 1943 1183 1994; x_wconf 77' lang='lat' dir='ltr'>profluant</span> <span class='ocrx_word' id='word_1_353' title='bbox 1192 1974 1202 1989; x_wconf 88' lang='lat'>,</span> <span class='ocrx_word' id='word_1_354' title='bbox 1222 1944 1302 1981; x_wconf 89' lang='lat' dir='ltr'>illud</span> <span class='ocrx_word' id='word_1_355' title='bbox 1315 1956 1354 1979; x_wconf 85' lang='lat' dir='ltr'>ex</span> <span class='ocrx_word' id='word_1_356' title='bbox 1367 1942 1442 1979; x_wconf 86' lang='lat' dir='ltr'>nul-</span> 
     </span>
     <span class='ocr_line' id='line_1_35' title="bbox 58 1994 298 2042; baseline -0.008 -11"><span class='ocrx_word' id='word_1_357' title='bbox 58 1994 106 2032; x_wconf 88' lang='lat' dir='ltr'>lo.</span> <span class='ocrx_word' id='word_1_358' title='bbox 124 1997 175 2031; x_wconf 85' lang='lat' dir='ltr'>Sit</span> <span class='ocrx_word' id='word_1_359' title='bbox 189 1996 298 2042; x_wconf 80' lang='lat' dir='ltr'>itaque</span> 
     </span>
    </p>

    <p class='ocr_par' dir='ltr' id='par_1_11' title="bbox 15 2044 1474 2440">
     <span class='ocr_line' id='line_1_36' title="bbox 588 2044 888 2092; baseline 0.007 -14"><span class='ocrx_word' id='word_1_360' title='bbox 588 2046 700 2079; x_wconf 74' lang='lat' dir='ltr'>Prima</span> <span class='ocrx_word' id='word_1_361' title='bbox 711 2044 740 2078; x_wconf 90' lang='lat' dir='ltr'><em>C</em></span> <span class='ocrx_word' id='word_1_362' title='bbox 745 2045 888 2092; x_wconf 57' lang='lat' dir='ltr'>onclufio„</span> 
     </span>
     <span class='ocr_line' id='line_1_37' title="bbox 17 2114 18 2125; baseline 0 0"><span class='ocrx_word' id='word_1_363' title='bbox 17 2114 18 2125; x_wconf 37' lang='lat' dir='ltr'>i</span> 
     </span>
     <span class='ocr_line' id='line_1_38' title="bbox 15 2128 1440 2193; baseline -0.001 -16"><span class='ocrx_word' id='word_1_364' title='bbox 15 2128 18 2193; x_wconf 38' lang='lat' dir='ltr'><em>J</em></span> <span class='ocrx_word' id='word_1_365' title='bbox 93 2144 234 2178; x_wconf 85' lang='lat' dir='ltr'>Primum</span> <span class='ocrx_word' id='word_1_366' title='bbox 250 2145 396 2178; x_wconf 76' lang='lat' dir='ltr'>omnium</span> <span class='ocrx_word' id='word_1_367' title='bbox 413 2146 605 2193; x_wconf 83' lang='lat' dir='ltr'>principium</span> <span class='ocrx_word' id='word_1_368' title='bbox 616 2173 625 2186; x_wconf 96' lang='lat'>,</span> <span class='ocrx_word' id='word_1_369' title='bbox 644 2148 677 2180; x_wconf 73' lang='grc' dir='ltr'>δε</span> <span class='ocrx_word' id='word_1_370' title='bbox 694 2147 727 2179; x_wconf 88' lang='lat' dir='ltr'>in</span> <span class='ocrx_word' id='word_1_371' title='bbox 741 2145 830 2192; x_wconf 86' lang='lat' dir='ltr'>quod</span> <span class='ocrx_word' id='word_1_372' title='bbox 847 2156 963 2180; x_wconf 76' lang='lat' dir='ltr'>caetera</span> <span class='ocrx_word' id='word_1_373' title='bbox 990 2142 1206 2186; x_wconf 81' lang='lat' dir='ltr'>resolxuntur,</span> <span class='ocrx_word' id='word_1_374' title='bbox 1225 2142 1338 2178; x_wconf 77' lang='lat' dir='ltr'>saltem</span> <span class='ocrx_word' id='word_1_375' title='bbox 1355 2143 1440 2178; x_wconf 70' lang='lat' dir='ltr'>indi-</span> 
     </span>
     <span class='ocr_line' id='line_1_39' title="bbox 59 2190 1258 2243; baseline 0.003 -19"><span class='ocrx_word' id='word_1_376' title='bbox 59 2191 168 2234; x_wconf 57' lang='grc' dir='ltr'>κᾶε,</span> <span class='ocrx_word' id='word_1_377' title='bbox 193 2192 269 2227; x_wconf 87' lang='lat' dir='ltr'>illud</span> <span class='ocrx_word' id='word_1_378' title='bbox 283 2193 326 2227; x_wconf 85' lang='lat' dir='ltr'>est</span> <span class='ocrx_word' id='word_1_379' title='bbox 336 2194 560 2243; x_wconf 80' lang='lat' dir='ltr'>pervulgatum</span> <span class='ocrx_word' id='word_1_380' title='bbox 577 2221 586 2236; x_wconf 85' lang='lat'>,</span> <span class='ocrx_word' id='word_1_381' title='bbox 603 2190 801 2240; x_wconf 79' lang='lat' dir='ltr'>impoffibile</span> <span class='ocrx_word' id='word_1_382' title='bbox 815 2195 859 2229; x_wconf 88' lang='lat' dir='ltr'>est</span> <span class='ocrx_word' id='word_1_383' title='bbox 871 2196 957 2230; x_wconf 84' lang='lat' dir='ltr'>idem</span> <span class='ocrx_word' id='word_1_384' title='bbox 977 2192 1038 2229; x_wconf 77' lang='lat' dir='ltr'>effe</span> <span class='ocrx_word' id='word_1_385' title='bbox 1059 2199 1093 2230; x_wconf 69' lang='grc' dir='ltr'>ὃ(</span> <span class='ocrx_word' id='word_1_386' title='bbox 1108 2206 1174 2228; x_wconf 91' lang='lat' dir='ltr'>non</span> <span class='ocrx_word' id='word_1_387' title='bbox 1189 2190 1258 2228; x_wconf 76' lang='lat' dir='ltr'>effe.</span> 
     </span>
     <span class='ocr_line' id='line_1_40' title="bbox 98 2239 1453 2292; baseline 0 -18"><span class='ocrx_word' id='word_1_388' title='bbox 98 2239 193 2275; x_wconf 74' lang='lat' dir='ltr'>Proh.</span> <span class='ocrx_word' id='word_1_389' title='bbox 207 2240 380 2276; x_wconf 83' lang='lat' dir='ltr'>Conclufio</span> <span class='ocrx_word' id='word_1_390' title='bbox 394 2258 401 2279; x_wconf 91' lang='lat'>:</span> <span class='ocrx_word' id='word_1_391' title='bbox 416 2243 493 2278; x_wconf 86' lang='lat' dir='ltr'>illud</span> <span class='ocrx_word' id='word_1_392' title='bbox 507 2243 548 2277; x_wconf 86' lang='lat' dir='ltr'>est</span> <span class='ocrx_word' id='word_1_393' title='bbox 565 2245 704 2290; x_wconf 78' lang='lat' dir='ltr'>primum</span> <span class='ocrx_word' id='word_1_394' title='bbox 718 2245 912 2291; x_wconf 82' lang='lat' dir='ltr'>cognitionis</span> <span class='ocrx_word' id='word_1_395' title='bbox 929 2244 1121 2292; x_wconf 85' lang='lat' dir='ltr'>principium</span> <span class='ocrx_word' id='word_1_396' title='bbox 1138 2271 1147 2284; x_wconf 93' lang='lat'>,</span> <span class='ocrx_word' id='word_1_397' title='bbox 1168 2242 1257 2288; x_wconf 84' lang='lat' dir='ltr'>quod</span> <span class='ocrx_word' id='word_1_398' title='bbox 1275 2241 1318 2275; x_wconf 84' lang='lat' dir='ltr'>est</span> <span class='ocrx_word' id='word_1_399' title='bbox 1334 2243 1453 2276; x_wconf 81' lang='lat' dir='ltr'>omni-·</span> 
     </span>
     <span class='ocr_line' id='line_1_41' title="bbox 17 2287 1441 2338; baseline 0.001 -16"><span class='ocrx_word' id='word_1_400' title='bbox 17 2307 19 2314; x_wconf 92' lang='lat'>·</span> <span class='ocrx_word' id='word_1_401' title='bbox 61 2287 122 2323; x_wconf 86' lang='lat' dir='ltr'>bus</span> <span class='ocrx_word' id='word_1_402' title='bbox 139 2288 364 2337; x_wconf 81' lang='lat' dir='ltr'>apertiffimum</span> <span class='ocrx_word' id='word_1_403' title='bbox 381 2321 391 2335; x_wconf 86' lang='lat'>,</span> <span class='ocrx_word' id='word_1_404' title='bbox 412 2298 446 2329; x_wconf 87' lang='lat'>&amp;</span> <span class='ocrx_word' id='word_1_405' title='bbox 460 2293 547 2327; x_wconf 73' lang='lat' dir='ltr'>idem</span> <span class='ocrx_word' id='word_1_406' title='bbox 560 2290 784 2335; x_wconf 70' lang='lat' dir='ltr'>cei-tissimum,</span> <span class='ocrx_word' id='word_1_407' title='bbox 799 2290 1103 2333; x_wconf 75' lang='lat' dir='ltr'>indemonstrabile,</span> <span class='ocrx_word' id='word_1_408' title='bbox 1126 2292 1284 2338; x_wconf 82' lang='lat' dir='ltr'>primurn,</span> <span class='ocrx_word' id='word_1_409' title='bbox 1302 2293 1334 2325; x_wconf 88' lang='lat' dir='ltr'>in</span> <span class='ocrx_word' id='word_1_410' title='bbox 1353 2291 1441 2337; x_wconf 86' lang='lat' dir='ltr'>quod</span> 
     </span>
     <span class='ocr_line' id='line_1_42' title="bbox 18 2336 1474 2391; baseline 0.001 -20"><span class='ocrx_word' id='word_1_411' title='bbox 18 2376 19 2381; x_wconf 18' lang='lat'>¹</span> <span class='ocrx_word' id='word_1_412' title='bbox 56 2349 176 2371; x_wconf 69' lang='lat' dir='ltr'>caeteta</span> <span class='ocrx_word' id='word_1_413' title='bbox 185 2336 405 2376; x_wconf 81' lang='lat' dir='ltr'>resolvuntur:</span> <span class='ocrx_word' id='word_1_414' title='bbox 425 2342 488 2376; x_wconf 89' lang='lat' dir='ltr'>hoc</span> <span class='ocrx_word' id='word_1_415' title='bbox 504 2353 612 2375; x_wconf 83' lang='lat' dir='ltr'>autem</span> <span class='ocrx_word' id='word_1_416' title='bbox 631 2343 821 2389; x_wconf 87' lang='lat' dir='ltr'>principium</span> <span class='ocrx_word' id='word_1_417' title='bbox 832 2342 877 2376; x_wconf 87' lang='lat' dir='ltr'>est</span> <span class='ocrx_word' id='word_1_418' title='bbox 892 2340 1043 2391; x_wconf 79' lang='lat' dir='ltr'>ejusmodi</span> <span class='ocrx_word' id='word_1_419' title='bbox 1062 2354 1069 2375; x_wconf 94' lang='lat'>:</span> <span class='ocrx_word' id='word_1_420' title='bbox 1092 2352 1200 2387; x_wconf 80' lang='lat' dir='ltr'>neque</span> <span class='ocrx_word' id='word_1_421' title='bbox 1221 2352 1308 2374; x_wconf 83' lang='lat' dir='ltr'>enirn</span> <span class='ocrx_word' id='word_1_422' title='bbox 1323 2339 1364 2374; x_wconf 81' lang='lat' dir='ltr'>ab</span> <span class='ocrx_word' id='word_1_423' title='bbox 1378 2339 1442 2373; x_wconf 86' lang='lat' dir='ltr'>ho-</span> <span class='ocrx_word' id='word_1_424' title='bbox 1472 2383 1474 2386; x_wconf 91' lang='lat'>.</span> 
     </span>
     <span class='ocr_line' id='line_1_43' title="bbox 18 2386 1443 2440; baseline -0.003 -15"><span class='ocrx_word' id='word_1_425' title='bbox 18 2400 20 2429; x_wconf 56' lang='grc' dir='ltr'>ὲ,</span> <span class='ocrx_word' id='word_1_426' title='bbox 58 2389 150 2425; x_wconf 68' lang='lat' dir='ltr'>mine</span> <span class='ocrx_word' id='word_1_427' title='bbox 166 2390 221 2436; x_wconf 85' lang='lat' dir='ltr'>qui</span> <span class='ocrx_word' id='word_1_428' title='bbox 232 2386 388 2440; x_wconf 35' lang='lat' dir='ltr'>loquitur.</span> <span class='ocrx_word' id='word_1_429' title='bbox 403 2402 440 2425; x_wconf 89' lang='lat' dir='ltr'>ut</span> <span class='ocrx_word' id='word_1_430' title='bbox 460 2389 577 2434; x_wconf 76' lang='lat' dir='ltr'>sentit,</span> <span class='ocrx_word' id='word_1_431' title='bbox 593 2390 780 2439; x_wconf 70' lang='lat' dir='ltr'>negatiullo</span> <span class='ocrx_word' id='word_1_432' title='bbox 801 2392 900 2427; x_wconf 86' lang='lat' dir='ltr'>modo</span> <span class='ocrx_word' id='word_1_433' title='bbox 913 2421 922 2435; x_wconf 90' lang='lat'>,</span> <span class='ocrx_word' id='word_1_434' title='bbox 941 2401 993 2425; x_wconf 74' lang='lat' dir='ltr'>aut</span> <span class='ocrx_word' id='word_1_435' title='bbox 1006 2389 1107 2424; x_wconf 81' lang='lat' dir='ltr'>ullum</span> <span class='ocrx_word' id='word_1_436' title='bbox 1120 2402 1159 2425; x_wconf 80' lang='lat' dir='ltr'>co</span> <span class='ocrx_word' id='word_1_437' title='bbox 1175 2391 1259 2438; x_wconf 81' lang='lat' dir='ltr'>ptius</span> <span class='ocrx_word' id='word_1_438' title='bbox 1279 2395 1311 2427; x_wconf 71' lang='grc' dir='ltr'>δε</span> <span class='ocrx_word' id='word_1_439' title='bbox 1323 2387 1443 2437; x_wconf 77' lang='lat' dir='ltr'>simpli-</span> 
     </span>
    </p>
   </div>
  </div>
 </body>
</html>
