1857 2745
300 128 372 168 604
720 120 1197 157 METAP'HYSICAE
1262 155 1267 160 ,

296 185 310 206 ι
324 189 326 191 ·
381 171 443 206 uod
459 174 529 206 vim
543 171 743 219 percipiendi
754 169 850 204 nobis
869 167 1067 205 concelserit.
1085 180 1118 205 2⁰
1135 170 1243 205 Notio
1261 167 1352 216 ipfius
1367 171 1466 205 animi
1481 199 1490 214 ‚
1508 174 1592 207 entis
1608 172 1695 208 inii-1

295 222 355 256 niti
368 248 378 262 ‚
397 225 431 256 &
451 222 483 253 in
497 219 680 254 universum
700 216 897 266 sp26tati,ab
911 217 1056 253 Authore
1070 229 1191 253 naturae
1202 220 1238 252 in
1251 216 1373 252 bonum
1391 219 1540 267 impressa
1561 221 1618 256 est.
1647 235 1687 267 ὅσ.

296 270 465 305 Notiones
479 267 563 303 forte
574 267 729 316 simplices
742 296 752 310 ,
764 279 800 301 ut
811 266 922 302 motus
935 294 945 309 ‚
959 269 1115 315 temporis
1129 295 1138 310 ‚
1157 264 1350 302 extensionis
1362 284 1370 310 3
1383 270 1448 302 imo
1464 274 1498 305 δε
1513 268 1686 305 relationes

299 318 385 351 inter
393 329 448 351 eas
463 315 669 365 simpliciores
687 335 696 360 3
718 329 756 351 ex
767 315 885 363 quibus
895 317 1057 350 axiomata
1073 313 1233 350 efficimus
1247 343 1258 358 ,
1280 328 1415 362 quorum
1433 319 1605 352 veritatem
1622 320 1690 365 pri-

300 379 357 400 mo
376 364 506 413 aspectu
517 377 708 401 contuemur
731 379 739 400 :
763 365 854 408 lstae,
871 366 1003 412 inquam
1018 394 1027 408 ,
1046 365 1141 408 ideae,
1166 376 1222 398 aut
1235 369 1461 413 perceptiones
1481 365 1505 401 a
1525 369 1600 401 Deo
1621 365 1688 414 ipso

302 426 433 448 manate
446 411 581 463 poil'unt.
604 416 812 461 rounque
827 414 960 448 demum
978 413 1079 449 modo
1093 414 1183 448 ideas
1197 412 1370 448 habeamus
1380 442 1390 458 ‚
1421 417 1498 449 Deo
1521 414 1688 450 referimus

301 473 450 510 acceptas
461 492 471 506 ‚
489 464 578 509 quod
595 464 683 497 mille
693 464 798 497 modis
811 462 910 510 plane
927 464 1098 511 incognitis
1109 465 1186 497 vitae
1211 461 1326 496 nostrae
1351 475 1519 498 momenta
1533 462 1572 497 fic
1585 463 1689 511 dispoe

301 513 373 555 nit,
396 523 430 546 ut
446 511 575 547 infinita
596 524 699 560 prope
715 513 928 560 percipiamus
944 539 954 554 ,
974 523 1042 559 quae
1055 513 1278 561 cognitionem
1297 510 1362 545 effu
1387 511 1477 547 iffent
1497 513 1652 556 nostram,
1669 511 1691 546 si

301 558 590 608 providentiam&
604 572 653 595 res
669 560 764 595 aliter
779 558 985 609 disposuisset.
1011 560 1092 595 illud
1115 572 1222 594 tamen
1241 572 1308 594 non
1323 524 1441 604 adalim,
1462 563 1689 609 perceptiones

304 608 428 644 nostras
444 638 454 653 ,
475 615 571 647 &eas
582 611 728 645 maxime
741 638 750 652 ‚
770 622 848 656 quas
861 611 1032 644 ratiocinio
1049 608 1300 656 consequimur,
1321 611 1544 656 permotiones
1564 608 1691 658 expresz-

303 657 335 692 se
349 658 482 693 reflexas
502 687 511 701 ,
530 658 709 706 cujusmodi
733 657 802 693 sunt
815 657 1032 693 conclusiones
1050 657 1250 693 scientiarum
1268 658 1545 693 demonstratione·
1557 656 1689 706 acquisii-

305 718 347 741 tae
364 734 374 749 ‚
391 706 411 742 ὲ
422 718 533 742 mente
550 706 614 755 ipsa
632 720 700 742 non
711 705 869 755 proficisci
881 735 891 750 ,
907 718 1046 755 eamque
1057 719 1124 742 non
1135 705 1196 742 effe
1207 705 1370 742 actuosam
1380 718 1451 741 cum
1465 709 1612 754 percipit,

337 757 450 803 Atque
461 755 526 790 haec
534 756 575 789 de
586 755 832 791 immortalitate
841 785 850 800 ‚
871 767 983 791 natura
995 762 1029 792 &
1042 756 1122 790 statu
1134 756 1246 790 animae
1259 754 1405 803 separatae
1422 753 1593 799 sufficiant3
1608 768 1693 804 quae-

302 816 368 852 que
379 816 493 839 contra
509 803 618 839 afferri
627 803 730 840 solent
745 834 754 847 ‚
773 818 841 840 non
861 807 943 840 tanti
957 803 1018 840 effe
1028 815 1141 853 putem
1153 832 1164 847 ‚
1187 815 1224 838 ut
1242 815 1291 838 tot
1309 804 1596 840 demonstrationes
1610 834 1620 848 ,
1640 807 1691 841 ina-

306 855 422 888 timum
434 852 526 902 ipsius
535 851 787 889 naturaesensum
797 883 814 897 ,.
833 859 867 890 &
881 854 1237 888 animae.testimonium·
1247 851 1364 900 poffint
1376 852 1440 888 ulla
1457 865 1601 900 exparte
1611 866 1690 888 con-

303 902 437 937 vellere,
463 905 549 937 Hinc
560 902 689 938 Tertul.
708 901 769 938 lib.
798 903 840 937 de
863 903 981 938 testim.
994 904 1130 944 animae3
1153 901 1227 936 hinc
1248 900 1366 949 prob-at
1390 914 1461 936 eam
1476 902 1535 937 effe
1551 901 1692 950 supersti-

305 962 374 985 tem
385 980 394 994 ‚
417 951 505 998 quod
517 963 616 987 nemo
627 951 663 986 fit
673 954 729 998 qui
743 950 828 986 bene
846 950 899 986 vel
910 950 995 985 male
1005 951 1136 985 mortuis
1152 962 1218 984 non
1230 961 1419 998 apprecetur
1438 963 1446 984 ε
1471 951 1556 998 Qae
1573 963 1692 999 magna

306 998 381 1034 effer
399 999 519 1035 insania
531 1028 540 1043 ‚
562 998 620 1035 nisi
642 1013 698 1034 eos
712 998 773 1034 effe
783 999 962 1048 superstites
973 999 1161 1048 praesagiret
1183 999 1311 1034 Deinde
1325 998 1356 1032 id
1365 1011 1499 1046 quoque
1519 998 1637 1046 probat
1651 1011 1690 1034 ex

306 1048 399 1083 insita
417 1048 531 1084 fiducia
546 1047 705 1084 subeundi
715 1048 865 1085 omnibus
874 1049 948 1097 post
961 1060 1100 1083 mortem
1110 1048 1220 1095 judicii
1232 1047 1335 1081 divini
1346 1061 1353 1083 :
1363 1058 1397 1082 ut
1409 1047 1542 1095 quisque
1554 1047 1692 1092 laeditur,
1708 1079 1711 1083 .

306 1095 445 1131 laedendi
457 1097 685 1132 inevitabilem
698 1099 875 1133 vindiaam
892 1100 1035 1133 intentat
1047 1126 1056 1140 ‚
1078 1108 1184 1144 eoque
1202 1097 1352 1143 injuriam
1372 1098 1510 1144 mitigat.

345 1146 510 1180 Postremo
528 1146 685 1193 quidquid
699 1146 777 1180 illud
789 1147 837 1181 est
851 1148 885 1181 in
901 1144 997 1180 nobis
1011 1144 1192 1192 quodsapit
1203 1173 1213 1188 ,
1227 1144 1314 1191 quod
1330 1144 1441 1192 eligit,
1461 1150 1494 1181 ὅ(
1508 1142 1570 1179 sese
1585 1145 1693 1179 deter-

306 1196 409 1228 minat
420 1194 460 1228 ad
472 1195 650 1241 agendum,
663 1196 712 1229 vis
729 1195 871 1241 quaedarn
884 1195 926 1228 est
937 1193 1068 1228 coelestis
1079 1221 1088 1235 ‚
1117 1192 1219 1227 soluta
1233 1192 1280 1226 ab·
1297 1195 1388 1227 omni
1404 1205 1540 1241 corpore
1550 1222 1560 1236 ‚
1583 1198 1616 1230 &
1642 1193 1691 1228 se-

305 1244 416 1289 jundta
426 1241 468 1275 ab
481 1242 598 1278 ufitatis
617 1242 767 1289 notisque
784 1244 914 1278 naturis.
941 1244 1010 1289 Qi
1024 1239 1171 1276 vero‘nos
1190 1241 1230 1275 ad
1242 1253 1404 1276 mutorum
1424 1241 1610 1277 animalium
1627 1239 1693 1277 sor-

308 1302 376 1324 tem
385 1291 569 1338 deptimunt
584 1319 593 1333 ,
611 1302 667 1325 eos
682 1290 753 1326 sane
769 1291 882 1325 validis
895 1296 927 1326 &
939 1291 1064 1325 invietis
1081 1288 1404 1325 demonstrationibus
1422 1302 1563 1325 armatos
1579 1290 1691 1339 prodi..

307 1350 340 1371 re
359 1341 392 1373 in
410 1341 514 1373 aciem
535 1350 701 1387 oporteret
716 1367 726 1382 ‚
741 1352 808 1375 nou
828 1340 1012 1386 quaestiones
1032 1337 1108 1371 alias
1125 1349 1164 1372 ex
1178 1337 1248 1372 aliis
1264 1340 1395 1373 neostere
1406 1366 1415 1381 ‚
1435 1350 1470 1374 ut
1487 1351 1555 1374 rem
1576 1351 1626 1373 tor
1643 1351 1691 1373 ra-

308 1385 450 1421 tionibus
463 1389 639 1431 munitam,
660 1393 694 1424 &
720 1389 950 1436 scripturarum
968 1385 1164 1421 authoritate
1181 1397 1252 1433 quae
1271 1398 1403 1422 omnem
1428 1390 1590 1423 rationem
1615 1390 1709 1423 vin--

307 1437 372 1479 cit,
396 1435 644 1480 confirmatam,
666 1435 773 1484 aliqua
782 1449 821 1471 ex
835 1447 926 1485 parte
945 1433 1143 1470 labefactare
1155 1433 1299 1483 pollent..

796 1534 884 1580 Qu
899 1537 938 1568 AE
953 1535 1116 1569 srio
1137 1534 1218 1568 111.1

554 1631 607 1664 De
621 1642 741 1667 natura
753 1659 764 1675 ,
779 1633 908 1666 unitate
919 1659 929 1670 ‚
942 1630 981 1666 ὠ·
993 1631 1251 1680 ‘origine·animae
1262 1631 1446 1666 rationali‘s.
1462 1660 1466 1663 .

308 1725 512 1811 NUllius
521 1739 606 1775 pene
619 1729 664 1762 rei
673 1730 775 1776 magis
787 1740 869 1776 vaga
887 1728 929 1763 est
941 1730 1105 1766 &incerta
1123 1730 1214 1763 notio
1229 1757 1238 1772 ‚
1255 1740 1352 1776 quam
1363 1727 1451 1777 ipsius
1462 1730 1578 1762 animae
1592 1741 1600 1763 :
1613 1741 1689 1764 nam

406 1775 521 1823 plantis
531 1805 540 1820 ‚
553 1776 682 1820 bestiis,
697 1782 730 1812 δε
743 1777 865 1812 homini
877 1779 1016 1812 animam
1027 1775 1196 1811 tribuimus
1206 1805 1216 1820 ,
1233 1783 1266 1814 δε
1276 1780 1375 1812 vitam
1390 1791 1398 1812 :
1419 1781 1452 1813 &
1467 1787 1575 1812 tamen
1593 1777 1690 1825 pleri.

309 1836 375 1871 que
391 1827 422 1859 in
437 1837 473 1858 ea
494 1823 564 1860 sunt
579 1824 735 1859 sententia
745 1837 780 1860 ut
791 1837 906 1873 putent
917 1854 927 1871 ,
942 1838 981 1860 ex
1004 1827 1040 1859 iis
1053 1837 1123 1872 quae
1139 1825 1245 1861 afferri
1260 1825 1366 1861 solent
1383 1827 1495 1860 animae
1522 1824 1689 1861 definitio-

309 1872 415 1916 nibus,
428 1872 550 1909 nullam
561 1872 711 1909 omnibus
727 1872 912 1909 viventibus
921 1876 1060 1910 univoce
1073 1877 1247 1910 convenire
1259 1875 1365 1922 :quod
1377 1876 1489 1921 utique
1500 1876 1566 1909 veri
1577 1877 1687 1922 proxi-

311 1934 399 1956 mum
412 1921 505 1957 nobis
523 1923 662 1958 videtur.
679 1925 819 1958 Primum
837 1919 1124 1959 enim-aBAristole
1137 1922 1308 1967 definitur,
1319 1924 1404 1957 aetus
1410 1926 1532 1971 primus
1549 1926 1686 1969 corporis

310 1972 453 2018 organici
464 1971 613 2019 potestate
631 1974 735 2006 vitam
749 1971 900 2007 habentis
923 1990 933 2016 3
958 1984 1058 2019 atque
1077 1972 1158 2007 hanc
1184 1972 1430 2014 definitionem,
1461 1969 1706 2018 qualiscunque-

312 2016 348 2053 sir
363 2046 372 2061 ‚
388 2019 474 2054 ultro
496 2020 740 2067 amplectimur,
769 2021 858 2067 quod
877 2024 1054 2056 accuratior
1078 2034 1146 2056 non
1162 2033 1315 2057 occurrat.
1342 2020 1406 2055 Sed
1426 2018 1505 2065 quid
1533 2022 1606 2054 vitae
1626 2032 1687 2055 no-

313 2069 401 2103 rnine
412 2067 448 2102 sit
465 2069 709 2116 intelligendum
721 2096 730 2110 ‚
744 2068 889 2103 nonsatis
900 2069 1014 2116 liquet.
1038 2071 1114 2104 Vita
1134 2072 1219 2105 enim
1243 2073 1358 2105 animae
1375 2066 1539 2102 rationalis
1562 2070 1597 2103 in
1614 2079 1686 2115 per-

311 2118 465 2164 ceptione
477 2145 487 2159 ,
515 2129 570 2151 aut
584 2116 806 2152 intellectione
835 2120 977 2154 maxime
994 2116 1093 2166 posita
1105 2119 1231 2153 videtur
1243 2133 1250 2153 :
1263 2118 1315 2153 sed
1326 2117 1401 2164 quid
1420 2115 1602 2164 plantarum
1613 2117 1682 2150 vita

313 2177 386 2199 curn
398 2169 590 2212 cognitione
601 2177 654 2200 aut
669 2168 815 2213 appetitu
825 2165 945 2202 habeat
953 2179 1127 2203 commune
1137 2196 1147 2211 ‚
1159 2173 1192 2204 δι
1204 2170 1236 2203 in
1250 2181 1316 2215 quo
1327 2166 1409 2201 ratio
1426 2166 1498 2199 vitae
1514 2163 1616 2213 posita
1638 2164 1686 2209 sit,

313 2215 366 2247 vix
380 2213 546 2260 quisquam
566 2214 752 2262 explicabit.

354 2263 513 2298 Platonici
532 2264 662 2311 quidem
675 2265 776 2298 vitam
791 2263 947 2300 definiunt
962 2294 971 2309 ‚
991 2267 1127 2313 primum
1140 2270 1174 2302 &
1200 2264 1401 2298 constantem
1419 2265 1532 2297 animae
1546 2275 1683 2299 motum.

316 2311 361 2343 Ac
373 2312 470 2359 vulgo
484 2324 649 2359 receptum
666 2313 708 2346 est
722 2325 802 2348 urea
816 2317 926 2348 vivere
943 2314 1128 2349 censeantur
1139 2343 1147 2357 ‚
1158 2325 1228 2360 quae
1239 2311 1333 2360 seipsa
1345 2324 1496 2347 movent:
1520 2311 1571 2345 sed
1588 2311 1685 2347 intel-

315 2356 399 2393 leelu
411 2361 455 2395 est
466 2358 597 2397 difficile
616 2363 784 2409 quomodo
797 2362 904 2411 planta
918 2362 1046 2411 seipsam
1059 2373 1211 2408 moveat,
1224 2375 1289 2399 non
1304 2364 1384 2399 item
1394 2360 1535 2398 flamma.
1546 2362 1682 2444 Foncpem

1547 2421 1605 2458 qui
1629 2421 1683 2445 em
