1857 2745
401 164 459 206 {42
819 153 895 190 ῙΪΜ·
909 154 980 190 ΕΤ
994 153 1065 188 ΑΡ
1083 153 1163 190 HY
1181 154 1231 190 SI
1248 153 1330 190 CAE

404 211 513 243 divina
534 206 543 247 )
566 206 584 239 ὰ
597 217 742 239 creatura
757 203 867 238 mundi
877 231 887 246 ‚
901 207 912 248 (
925 204 1038 237 Graece
1047 203 1067 238 *a
1084 203 1196 237 mundi
1209 205 1406 247 creatione.)
1418 214 1479 252 per
1492 199 1530 238 ed
1541 203 1783 254 quaefad'lafiaem

405 255 564 291 intellcc'la
578 255 808 302 conspiciuntur
820 279 829 291 ,
852 256 910 296 (ut
926 251 1043 286 artifex
1053 263 1091 286 ex
1102 251 1252 299 operibus
1267 255 1279 294 )
1291 255 1362 297 sem
1386 256 1489 286 iterna
1498 263 1618 299 quoque
1628 259 1694 299 ejus
1712 261 1782 292 vir-

404 302 508 342 um&
526 303 687 337 divinitas
696 318 706 336 .·
715 302 804 350 quod
815 300 968 335 videlicet
976 299 1010 335 [it
1024 302 1228 348 omnipotens
1240 330 1250 344 ,
1273 312 1329 336 ens
1359 313 1468 336 umine
1483 301 1689 350 perfeetum,
1739 319 1782 342 uo

400 351 603 393 nihilmelius
618 381 627 394 ‚
641 351 720 386 nihil
735 355 834 399 majtis
854 351 982 398 concipi
1000 348 1104 398 poffit.
1122 350 1206 396 Qae
1220 352 1332 397 utique
1351 350 1392 384 est
1410 352 1503 385 notio
1529 353 1594 386 Dei
1617 318 1780 390 menti‘ims

396 402 509 436 nostris
521 399 684 449 insculpta.
811 407 813 410 “
948 406 950 408 “
1100 406 1112 433 ’ζ
1761 412 1766 418 ·

391 459 395 473 ·'
429 465 452 496 3.
477 452 552 485 Huc
566 452 665 483 'etiam
676 447 890 498 pertinet'alia
904 447 1133 483 demonstratio
1149 456 1191 480 ex
1207 445 1305 483 usu&
1323 445 1388 481 fine
1405 446 1556 494 cujusque
1568 451 1614 483 rei
1633 449 1780 501 defin-np-

398 512 442 536 εει.
456 501 576 546 Neque
595 500 681 533 enim
695 495 847 532 credibile
862 497 903 530 est
915 499 1022 531 omnia
1034 507 1099 530 tam
1113 506 1188 544 apte
1203 495 1243 528 ad
1261 494 1330 530 suos
1341 507 1472 542 quaeque
1490 496 1568 530 fines
1579 497 1704 546 disponi
1717 513 1781 548 po..

397 547 486 583 tuilse
500 547 562 582 sine
573 547 711 596 provido
723 576 732 590 ,
752 551 785 582 δε
800 544 940 592 sapiente
956 544 1089 580 artifice.
1107 547 1228 591 Neque
1249 546 1410 593 Epicureis
1422 543 1653 581 aisentiendum
1677 559 1779 596 puto,

395 600 451 644 qui
465 597 484 632 {i
497 595 722 644 philosophica
735 592 987 629 consideratione
1001 595 1150 641 rejiciunt
1162 592 1247 627 usum
1262 606 1279 627 c
1291 593 1424 628 ‹usatum
1435 593 1575 629 finalium
1587 608 1596 630 ε
1609 608 1646 629 ac
1659 599 1777 633 merito

392 644 574 680 Cartesiurn
585 644 791 693 reprehendit
803 641 992 686 Gaffendus,
1011 643 1099 690 quod
1114 651 1246 689 negaret
1259 643 1402 677 nostrum
1421 640 1482 677 effe
1495 670 1503 685 ‚
1522 655 1588 690 quo
1605 643 1668 678 fine
1684 647 1776 681 Deus

392 695 541 741 quidque
557 694 673 728 fecerit
686 721 695 735 ‚
706 693 862 726 divinare.
880 694 959 726 Non
973 693 1059 726 enim
1084 690 1275 726 effectorem
1294 690 1388 725 facile
1404 689 1623 740 cognoscimus
1635 719 1645 734 ,
1659 692 1715 728 nisi
1735 706 1775 729 ex

395 742 459 777 fine
479 753 579 789 quern
593 740 648 776 sibi
662 754 721 789 pro
746 741 836 776 osuit.
862 741 964 777 Unde
978 753 1015 774 ex
1031 740 1115 774 nuda
1138 737 1273 773 universi
1297 739 1496 786 inspeetione
1520 739 1616 775 facile
1635 744 1708 788 quis
1720 754 1777 779 aut

395 791 517 826 faetum
528 792 560 824 id
575 804 642 826 non
659 790 716 825 fuil
732 803 749 824 e
765 801 839 833 ,aut
851 788 919 823 casu
934 791 999 837 regi
1012 787 1065 823 fibi
1081 785 1300 836 persuadebit,
1319 787 1373 822 nisi
1389 787 1577 835 sapientiam
1595 802 1657 836 qua
1671 791 1775 826 admi-

394 841 539 874 nistratur
550 870 558 883 ,
571 844 606 876 &
617 852 681 887 quo
694 851 741 872 res
755 850 892 886 quaeque
913 836 976 872 fine
992 838 1086 872 condi
1143 835 1179 870 sit
1195 865 1209 882 λ
1219 837 1331 870 acriori
1350 838 1459 870 animo
1474 838 1658 874 attenderit.
1683 841 1776 875 Fate-

392 901 463 923 mur
475 888 629 936 quosdam
638 885 699 922 esse
711 886 789 922 fines
804 898 920 929 rerum,
936 885 1048 923 &usus
1062 899 1104 920 no
1133 887 1155 918 is
1171 887 1388 932 incompertos
1403 899 1410 920 :
1431 884 1480 919 sed
1495 885 1614 920 infiniti
1635 885 1706 923 sunt
1717 889 1773 923 alii

391 938 501 972 nostris
521 937 608 972 velut
626 936 723 972 oculis
735 935 868 983 subjeciti
880 964 888 977 ,
900 935 1009 982 quales
1022 937 1053 968 in
1063 935 1205 981 corporis
1217 933 1348 968 humani
1362 932 1484 967 fabrica
1501 936 1657 969 cernimus
1670 965 1680 979 ,
1698 940 1773 984 qui-

390 998 454 1032 que
465 985 544 1022 nihil
557 998 681 1021 temere
691 1014 700 1029 ,
723 984 805 1020 nihil
826 982 896 1019 casu
908 1012 917 1027 ‚
927 983 979 1017 sed
1000 994 1088 1017 certa
1105 984 1230 1016 ratione
1243 986 1276 1016 ὅ(
1288 980 1418 1016 consilio
1430 981 1620 1018 fiericuncta
1631 984 1770 1022 demon-

396 1035 504 1070 stram.

423 1083 651 1128 Qamobrem
665 1085 770 1118 minus
785 1081 994 1122 considerate,
1010 1091 1045 1114 ut
1059 1078 1154 1115 nobis
1169 1080 1293 1114 videtur
1304 1108 1312 1122 ,
1325 1077 1482 1114 Cartefius
1501 1092 1597 1128 negat
1606 1081 1692 1130 posse
1710 1081 1769 1117 ali-

391 1144 472 1178 quos
490 1130 569 1165 fines
585 1133 686 1178 magis
700 1134 731 1165 in
741 1131 912 1178 propatulo
930 1129 1098 1174 essequam
1114 1128 1211 1171 alios,
1225 1129 1313 1176 quod
1329 1139 1441 1162 omnes
1457 1129 1490 1162 in
1503 1129 1768 1176 imperscrutabili

389 1180 546 1227 sapientire
557 1178 667 1228 abysso
678 1178 734 1214 sint
745 1180 860 1213 eodem
870 1178 971 1212 modo
987 1177 1152 1210 reconditi.
1170 1178 1204 1210 Id
1221 1178 1334 1223 utique
1349 1174 1460 1210 falsum
1479 1180 1613 1212 omnino
1627 1180 1764 1217 videtur.

389 1229 477 1276 Qid
491 1230 576 1262 enim
589 1257 597 1269 ‚
616 1241 656 1261 an
675 1240 741 1262 non
753 1228 783 1260 id
800 1226 996 1275 perspicuum
1007 1224 1050 1257 est
1061 1253 1068 1266 ,
1079 1237 1150 1258 cum
1163 1237 1198 1258 os
1220 1225 1357 1259 hominis
1373 1224 1547 1260 formatum
1574 1228 1634 1271 est,
1654 1231 1763 1263 Deum

386 1291 426 1312 eo
441 1274 616 1325 respexisse,
633 1288 668 1310 ut
680 1288 738 1324 per
756 1276 786 1309 id
803 1274 911 1309 cibum
924 1276 955 1308 in
975 1274 1203 1307 nutrimentum
1219 1271 1406 1315 assumeret,
1425 1284 1478 1307 aiut
1502 1275 1631 1310 duceret
1657 1279 1765 1312 a'e‘rem

386 1325 588 1374 inspirando,
606 1324 772 1358 reduceret
785 1322 960 1370 expirando
972 1337 980 1362 3
994 1325 1028 1356 &
1043 1333 1114 1354 cum
1132 1320 1195 1355 offii
1214 1322 1291 1356 dura
1314 1321 1488 1364 formavit,
1508 1324 1763 1360 articulationes-

386 1387 448 1422 que
472 1375 613 1408 distinxit
630 1402 639 1415 ‚
655 1385 693 1407 :n
705 1386 770 1407 non
787 1371 926 1405 attendit
942 1370 981 1402 ad
996 1367 1248 1403 fiimiunldinem
1272 1371 1412 1416 corporis
1422 1397 1432 1412 ‚
1450 1371 1490 1403 nd
1521 1375 1624 1406 varios
1643 1373 1762 1417 flexus,

385 1421 553 1469 motusque
580 1421 770 1455 obeundos?

429 1471 488 1507 Sed
505 1500 514 1514 ,
528 1472 676 1515 inquiunt
691 1497 698 1506 ‚
715 1469 882 1516 Epicurei,
898 1479 1023 1501 resnou
1040 1476 1171 1517 propter
1192 1463 1258 1499 usus
1276 1495 1284 1509 ,
1299 1470 1331 1502 &
1348 1477 1451 1499 certos
1473 1465 1551 1500 fines
1569 1466 1637 1502 sunt
1653 1467 1760 1517 dispo-

384 1519 446 1554 sitae
465 1517 629 1566 &provido
640 1518 808 1552 conditore
819 1546 829 1560 ‚
850 1517 900 1551 sed
916 1518 959 1549 ita
973 1513 1043 1548 casu
1053 1512 1204 1562 dispositis
1215 1542 1224 1556 ‚
1237 1513 1314 1548 fines
1324 1515 1463 1560 quadam
1480 1514 1608 1549 fortuna
1625 1515 1694 1551 sunt
1705 1518 1762 1552 ad-

383 1569 517 1603 inventi.
534 1568 623 1601 Hinc
634 1577 752 1614 negant
768 1565 878 1607 oculos
888 1565 927 1598 ad
939 1563 1124 1606 videndum,
1139 1574 1193 1596 aut
1205 1563 1303 1610 pedes
1322 1563 1361 1597 ad
1383 1562 1614 1598 ambulandum
1625 1564 1687 1599 effe
1709 1565 1760 1600 fa..

384 1619 472 1652 ἂοςε
491 1614 541 1650 sed
562 1627 599 1648 ex
611 1615 744 1650 fortuita
757 1614 898 1662 quadarn
915 1624 1096 1647 atomorum
1118 1610 1342 1655 concursione,
1363 1616 1395 1647 δε
1412 1615 1552 1646 πιπεῐὶκ
1575 1611 1760 1648 neceffitate

382 1679 453 1700 cum
464 1664 656 1713 prodierint,
666 1675 775 1698 earum
785 1661 888 1698 officia
906 1667 938 1699 ἃς
954 1660 1020 1696 usus
1032 1660 1144 1709 postea
1152 1658 1342 1695 accesserunt
1353 1688 1362 1702 ‚
1377 1671 1411 1694 ut
1425 1659 1504 1708 saepe
1523 1663 1684 1697 Lucretius
1707 1663 1759 1697 in.

383 1726 470 1750 nuit:

556 1761 622 1796 Nil
639 1760 705 1795 ideo
726 1764 874 1808 quoniam
899 1770 1009 1793 natum
1028 1757 1069 1801 est
1089 1760 1122 1791 in
1139 1768 1280 1807 corpore,
1301 1759 1397 1791 utnti

547 1837 697 1880 Poffimm
717 1849 726 1866 :
738 1834 800 1878 fid
813 1833 897 1880 quod
911 1843 1022 1866 natum
1044 1829 1084 1875 cst
1106 1857 1114 1867 ,
1132 1830 1166 1864 id
1185 1841 1329 1878 procreat
1344 1835 1439 1878 usum.

379 1909 504 1943 Omnia
518 1907 656 1949 scilicet,
674 1906 694 1941 si
709 1909 744 1941 iis
762 1905 918 1940 credimus
936 1933 945 1947 ,
957 1904 1140 1940 necessitate
1154 1906 1290 1952 quadam
1315 1908 1459 1939 oriuntur
1478 1931 1487 1945 ,
1505 1915 1542 1937 ex
1563 1904 1598 1935 iis
1616 1901 1682 1936 usus
1693 1914 1753 1949 po.

380 1959 441 1990 Πολ
459 1959 619 2003 quaeritur.
632 1958 760 2005 Jupiter
779 1954 861 2003 pluit
873 1983 882 1997 ,
904 1954 1099 2000 inquiebint
1120 1965 1244 1987 veteres
1263 1954 1391 2000 quidam
1410 1950 1593 1998 Philosophi
1610 1979 1617 1992 ,
1636 1963 1701 1984 non
1719 1962 1756 1985 uc

376 2017 492 2052 augeat
508 2004 706 2041 Frumentum
726 2033 734 2044 ,
755 2004 785 2037 id
809 2006 896 2037 enim
912 2015 951 2036 ex
971 2004 1128 2037 accidenti
1155 2003 1214 2045 τῆς
1232 2001 1283 2036 sed
1304 2004 1379 2048 quia
1405 2000 1517 2036 sublati
1538 2010 1671 2046 vapores
1690 2027 1699 2040 ‚
1719 2003 1755 2035 δε

375 2054 496 2101 frigore
515 2053 636 2086 denffiti
648 2053 808 2086 decidunt.
831 2053 883 2085 Sic
905 2051 1016 2085 dentes
1033 2064 1099 2085 nen
1119 2062 1154 2084 ut
1172 2049 1277 2084 secent
1297 2055 1331 2086 ἅτ
1358 2060 1462 2083 terant
1484 2046 1590 2081 cibum
1604 2076 1613 2088 ,
1638 2046 1688 2081 sed
1707 2058 1750 2082 ex

376 2104 520 2137 materiae
543 2100 677 2135 ficcioris
707 2103 799 2148 copin
815 2098 891 2134 fasti
910 2097 978 2133 sunt
1001 2127 1009 2141 ,
1025 2098 1094 2132 usus
1111 2098 1221 2146 postea
1239 2095 1379 2132 acce-[lit.
1400 2098 1497 2143 Spina
1521 2093 1620 2138 dorsi,
1641 2093 1753 2129 aiebat

375 2150 583 2198 Empedocles
596 2179 605 2192 ,
626 2161 756 2198 propter
776 2145 1010 2183 contorsionem
1031 2149 1118 2181 varie
1145 2145 1291 2181 disi-‘rasti
1307 2147 1371 2189 est;
1392 2143 1575 2192 oesophngus
1595 2172 1604 2186 ‚
1628 2144 1750 2177 ventri-

375 2199 457 2233 culus
472 2227 481 2241 ‚
493 2200 638 2233 intestina
654 2210 691 2232 ex
705 2198 840 2233 humore
859 2195 1093 2245 praeterfluente
1106 2225 1115 2239 ‚
1135 2207 1168 2230 ut
1186 2198 1221 2231 in
1248 2192 1442 2229 torrentibus
1458 2193 1573 2226 accidit
1590 2221 1598 2234 ,
1613 2191 1680 2226 sunt
1695 2202 1749 2226 ex-

375 2260 496 2283 cavata.

422 2300 541 2330 Verum
560 2295 638 2331 nihil
655 2299 754 2345 magis
767 2291 1098 2331 artemincredibilem
1111 2322 1119 2333 ,
1136 2291 1292 2326 solertiam
1307 2289 1487 2325 mirabilem
1510 2293 1542 2324 ἃ·
1568 2288 1744 2335 providen-

376 2345 452 2375 tiam
467 2346 638 2378 conditoris
663 2345 862 2379 demonstrat
880 2372 888 2385 ‚
905 2355 1001 2389 quam
1023 2339 1156 2388 idipsum
1197 2340 1258 2372 uod
1287 2342 1317 2374 in
1338 2340 1500 2387 opinionis
1523 2336 1581 2371 suae
1605 2338 1742 2383 patroci-

373 2393 462 2425 :ziuni
477 2392 621 2430 Jffirunt.
635 2393 783 2430 Nihilest
796 2395 882 2427 enim
901 2390 988 2438 quod
1009 2391 1109 2424 minas
1126 2400 1183 2436 pro
1195 2389 1254 2421 wari
1271 2387 1365 2436 poffit
1384 2418 1392 2431 ‚
1407 2400 1504 2434 quim
1521 2387 1658 2434 partium
1674 2395 1743 2418 cor-
