1857 2745
679 148 707 186 L
727 151 761 187 O
786 151 815 187 G
837 153 850 187 1
866 150 896 187 C
914 154 962 189 Αἰ
1468 158 1501 191 61

111 202 253 242 ficiendo
271 198 460 240 necessarius
472 229 482 246 ,
506 198 652 238 &multa
661 198 725 236 hoc
740 199 830 238 sensu
845 199 1018 237 neceffaria
1033 198 1169 236 dicimus
1182 229 1193 244 ,
1214 201 1303 248 quod
1313 212 1436 250 magnae
1444 202 1503 240 sint

113 253 274 293 utilitatis.

145 302 274 352 Duplex
293 303 395 338 etiam
409 301 452 336 est
465 301 561 336 status
572 298 710 335 scientiae
720 300 962 348 comparandae,
985 311 1065 336 unus
1091 297 1255 348 perfectus
1269 328 1278 342 ,
1297 312 1370 335 cum
1385 304 1419 337 &
1438 300 1503 336 dif-

108 351 246 389 ficiliora
262 351 402 401 probare
419 350 603 400 postumus»,
641 363 712 398 quae
738 350 778 384 ad
807 348 973 386 scientiam
991 352 1175 400 pertinent,
1202 353 1237 385 ὃ(
1263 347 1407 391 solvere,
1431 362 1503 398 quae

106 413 223 438 contra
236 412 466 452 opponuntur;
490 400 574 436 alter
590 400 633 435 est
652 399 862 449 imperfeCms
875 429 884 440 ‚
911 412 984 436 cum
997 400 1122 448 aliquas
1143 409 1268 434 tantum
1282 398 1501 434 conclusiones

106 454 280 495 novimus,
303 464 370 488 non
379 463 493 487 ornnes
506 479 517 496 ,
539 461 596 485 aut
611 449 723 485 saltem
736 449 953 494 difficiliores,
981 462 1043 486 nec
1060 448 1185 485 solvere
1221 446 1357 484 offumus
1373 447 1501 484 difficss-

104 498 183 536 lima
197 513 266 551 quae
283 512 396 538 contra
408 499 596 537 afferuntur.
619 499 772 547 Plerique
793 499 982 549 Philosophi
1000 501 1035 535 in
1051 511 1089 534 ea
1101 496 1175 532 sunt
1186 460 1366 541 AEnoensta,
1385 509 1421 533 ut
1439 500 1501 533 Lo.

104 551 211 598 gicam
221 548 369 587 absolute
387 549 595 586 necessariam
612 548 752 586 scientiis
767 553 800 585 in
819 551 902 586 statu
914 549 1066 599 perfe&o
1082 546 1287 593 acquirendis
1302 558 1432 595 putent3
1445 546 1503 582 alii

105 597 222 634 utilem
236 611 385 644 tantum,
409 613 477 635 non
499 601 635 636 omnino
664 597 869 637 necessariam
889 598 1096 636 arbitrantur.
1121 596 1203 645 Qae
1226 596 1360 644 quidem
1373 607 1504 631 contro-

102 646 206 684 versia
216 677 226 692 ,
240 660 277 685 ut
296 649 466 684 dirimatur
476 678 487 694 ‚

148 697 384 747 Distinguenda
397 699 492 734 nobis
515 700 559 734 est·
572 698 690 748 duplex
704 700 825 748 Logica
842 726 853 741 ,
881 697 1034 733 naturalis
1055 708 1138 735 una,
1180 693 1357 730 artificialis
1385 693 1497 731 altera.

104 745 271 785 Naturalis
284 747 328 781 est
341 749 392 781 vis
406 746 474 790 illa,
485 760 548 795 qua
564 760 654 783 mens
667 749 883 796 cogitationes
893 745 960 780 suas
976 744 1118 794 disponit
1135 749 1169 781 &
1185 757 1202 778 c
1253 746 1276 778 't
1290 745 1323 779 in
1335 743 1498 787 ordinem,
1522 745 1526 751 '

101 793 160 830 vel
183 797 394 830 ratiocinatur
417 794 472 831 sua
487 796 600 845 sponte
614 824 625 840 ‚
652 798 753 830 etiam
779 797 858 829 citra
876 793 1087 843 disciplinam.
1117 756 1292 829 Ηεεῖξιηε
1311 793 1497 828 ἀὶιεᾶτίςες

101 841 260 894 quasdam
277 843 365 894 leges
379 843 401 880 ὲ
416 856 530 881 natura
546 843 610 894 ipsa
631 845 825 894 praescriptas
848 843 984 879 consulit
999 872 1011 888 ‚
1044 848 1079 881 &
1100 855 1219 878 naturae
1241 842 1382 890 quodam
1407 841 1498 877 velut

102 895 270 941 tyrocinio
278 894 405 929 erudita
414 894 455 928 ad
472 907 524 929 eas
542 894 628 943 leges
641 893 692 928 sua
702 905 804 942 opera
819 899 852 930 ὃς
869 896 1040 929 ratiocinia
1051 895 1152 941 exigit
1168 906 1176 928 ε
1194 891 1280 927 secus
1306 890 1388 927 nihil
1407 890 1496 939 quod

103 941 195 977 illam
204 943 338 987 deceat,
359 942 441 978 nihil
459 942 592 978 humani
613 944 809 991 aggreditur.
819 944 947 978 Natura
957 946 1044 978 enim
1058 942 1140 975 duce
1156 951 1316 989 praecepta
1333 940 1404 974 fere
1423 953 1496 975 om-

104 992 161 1027 nia
169 989 330 1039 sequimur
343 1019 353 1035 ,
378 1003 448 1038 quae
461 992 569 1039 postea
585 991 684 1040 longo
694 991 819 1037 studio]‚
838 996 871 1028 ὅ(
889 1003 1006 1040 magna
1018 989 1171 1025 industria
1184 989 1205 1025 ὲ
1221 988 1408 1025 Dialefficis
1430 1000 1499 1024 tra-

103 1038 176 1073 dita
187 1038 275 1075 sunt:
291 1041 338 1074 ita
356 1052 392 1074 ut
401 1051 505 1074 artem
516 1038 616 1088 ipsam
630 1041 906 1074 ratiocinatricem
916 1051 1001 1087 pene
1022 1039 1042 1074 ἐι
1054 1050 1168 1073 natura
1183 1039 1293 1072 edoffi
1312 1036 1373 1071 effe
1386 1038 1498 1071 videa-

103 1099 186 1123 mut.
206 1089 328 1135 Neque
342 1090 429 1123 enirn
438 1099 541 1123 artem
552 1087 594 1122 ab
606 1090 644 1121 iis
653 1087 770 1136 regulis
785 1093 819 1125 &
831 1089 1014 1136 praeceptis,
1040 1085 1160 1134 quibus
1178 1085 1317 1120 artifices
1343 1087 1376 1120 in
1395 1098 1498 1134 agen-

103 1135 148 1170 do
161 1136 342 1186 diriguntur
353 1165 365 1181 ,
385 1136 589 1173 secernimus.
604 1139 718 1184 Itaque
733 1135 869 1172 naturali
883 1136 1024 1184 quadam
1038 1134 1189 1171 industria
1210 1134 1312 1169 multa
1325 1146 1497 1184 argumen-

101 1195 136 1220 ta
153 1188 394 1236 excogitamus,
413 1185 586 1222 definimus
598 1215 608 1232 ,
631 1187 809 1235 partimur,
830 1184 1053 1222 concludimus
1071 1214 1082 1230 ‚
1112 1186 1247 1220 inventa
1263 1184 1378 1220 ordine
1395 1183 1496 1233 quam

105 1237 234 1284 optimo
252 1234 459 1272 collocamus.
514 1271 520 1278 ,

140 1286 261 1334 Logica
276 1284 452 1320 artificialis
462 1283 513 1320 usu
533 1289 568 1322 &
588 1285 843 1328 exercitatione,
863 1283 1030 1333 disciplina
1048 1282 1192 1332 denique
1216 1283 1414 1330 acquiritur,
1437 1293 1492 1316 ea-

102 1343 169 1381 que
182 1346 221 1368 ex
231 1335 331 1370 variis
349 1333 630 1370 observationibus
648 1337 732 1368 circa
747 1336 867 1368 mentis
895 1336 1103 1381 operationes
1122 1333 1216 1369 faetis
1230 1344 1336 1367 ortum
1350 1330 1440 1366 suum
1459 1336 1493 1368 δε

102 1383 342 1418 incrementum
353 1384 454 1420 duxit.
478 1386 568 1420 Narn
586 1386 726 1433 Logica,
748 1394 787 1418 ut
797 1382 869 1417 aliae
881 1395 995 1418 omnes
1015 1382 1090 1417 disci
1117 1382 1188 1417 linae
1199 1383 1326 1417 initium
1340 1380 1492 1424 anatum,

102 1430 261 1467 summam
277 1460 287 1475 ,
315 1432 366 1467 seu
406 1433 623 1469 erfeffionem
642 1431 729 1468 suam
745 1431 788 1466 ab
803 1430 858 1467 usu
875 1437 910 1469 &
925 1431 1023 1481 longa
1036 1396 1264 1467 obsignatione
1284 1441 1493 1479 acceperunt.

139 1483 239 1515 Varia
263 1483 364 1516 etiam
382 1446 589 1517 scientiarum
610 1494 730 1530 genera
753 1481 901 1529 distingui
921 1479 1036 1517 solent.
1063 1481 1223 1527 Qaedam
1241 1479 1330 1524 sunt,
1359 1491 1431 1527 quae
1453 1490 1493 1514 ex

104 1531 272 1578 principiis
287 1542 344 1576 per
360 1529 390 1564 se
407 1529 580 1565 notiffimis
594 1529 680 1576 quasi
700 1530 814 1576 sponte
829 1528 882 1563 sua
897 1528 1018 1572 fluunt,
1047 1530 1080 1563 in
1098 1527 1218 1574 quibus
1237 1527 1307 1562 fere
1325 1527 1430 1562 nullus
1450 1528 1493 1562 est

105 1575 330 1612 controversiae
340 1577 428 1612 locus
442 1595 451 1621 3
469 1578 537 1612 aliae
553 1578 622 1612 sunt
632 1577 764 1612 incivili
775 1579 844 1610 vita
858 1575 966 1624 pofitae
976 1605 986 1620 ,
999 1588 1069 1622 qua:
1077 1574 1318 1610 contradicendi
1330 1579 1489 1623 majorem

104 1625 251 1675 praebent
263 1625 370 1661 locum
382 1639 390 1661 :
403 1626 586 1662 utMoralis
600 1627 676 1674 ‚Jus
695 1624 792 1660 civile
806 1653 816 1667 ‚
837 1623 984 1660 Politica.
1010 1626 1093 1659 Sunt
1103 1623 1250 1672 quaedam
1269 1625 1372 1672 magis
1395 1623 1416 1660 ὲ
1434 1635 1492 1658 na-

107 1686 178 1710 tura
189 1675 363 1717 involutae,
381 1687 518 1721 quarum
531 1677 688 1724 principia
697 1673 768 1709 sunt
779 1672 891 1708 abdita
902 1702 912 1717 ,
928 1685 965 1708 ut
982 1672 1139 1708 naturales
1153 1671 1347 1722 disciplinae;
1367 1672 1435 1707 aliae
1451 1685 1491 1707 ex

105 1725 231 1773 ingenii
245 1723 455 1759 foecunditate
476 1727 579 1773 magis
598 1722 762 1772 pendent,
780 1734 817 1757 ut
833 1720 1080 1772 Metaphyfica‚
1101 1734 1172 1770 quae
1198 1733 1314 1771 magna
1332 1734 1372 1757 ex
1400 1734 1491 1771 parte

104 1785 296 1808 communes
317 1785 423 1807 rerum
444 1771 634 1809 affectiones
645 1800 655 1816 ,
677 1782 714 1806 ut
728 1771 749 1807 a
765 1784 875 1809 mente
891 1770 1048 1820 separatas
1061 1769 1274 1808 &abstractas
1296 1770 1492 1814 considerat,

103 1833 141 1858 ut
151 1820 315 1857 essentiam
325 1828 359 1859 &
370 1822 582 1860 existentiam.
602 1824 684 1857 Sunt
693 1821 822 1856 demum
837 1822 984 1869 quaedam
992 1819 1130 1855 scientiae
1140 1849 1149 1863 ,
1166 1833 1234 1867 quae
1252 1832 1292 1854 ex
1310 1819 1421 1854 multis
1434 1833 1493 1855 ex-

105 1873 298 1920 perimentis
311 1878 346 1908 &
358 1870 640 1907 observationibus
650 1868 817 1919 prodiere:
835 1875 925 1919 cujus
948 1871 1077 1919 generis
1091 1868 1177 1903 forte
1195 1869 1238 1902 est
1255 1879 1304 1900 ars
1320 1868 1492 1912 medendi,

108 1918 225 1970 magna
240 1933 310 1970 pars
327 1919 465 1970 Physicae
476 1950 486 1965 ‚
506 1927 540 1959 &
551 1932 635 1970 pene
650 1930 763 1955 ornnes
776 1922 883 1956 mixtae
891 1918 1080 1955 Matheseos
1091 1929 1210 1966 partes»,
1223 1926 1259 1952 ut
1276 1916 1492 1962 Astronomia‚

109 1972 233 2018 Optica
246 1998 256 2014 ,
287 1970 496 2006 Mechanica.

141 2022 203 2054 His
219 2019 306 2055 bene
323 2019 496 2055 intelleffls
511 2033 576 2056 non
591 2024 653 2057 erit
670 2019 806 2056 difficile
822 2018 1002 2069 dijudicatu
1020 2029 1127 2053 utrum
1139 2046 1148 2061 ,
1171 2021 1204 2053 ὃ(
1217 2027 1280 2064 qua
1290 2016 1415 2052 ratione
1426 2017 1494 2052 Lo-
1523 2051 1534 2061 ,

109 2069 182 2118 gica
196 2067 231 2103 sit
241 2068 382 2105 scientiis
396 2070 621 2118 comparandis
639 2069 820 2106 neceffan'a.
839 2072 888 2104 Sit
911 2069 1009 2116 igitur

635 2123 748 2156 Prima
766 2118 938 2163 Conclufio.

150 2168 271 2218 Logica
298 2166 471 2216 disciplinis
489 2168 639 2204 omnibus
651 2199 659 2213 ,
672 2181 743 2216 quae
765 2171 797 2203 in
813 2170 882 2202 vita
900 2165 991 2200 civili
1017 2164 1122 2213 polita:
1141 2164 1211 2199 sunt
1232 2193 1241 2206 ,
1266 2161 1507 2212 Metaphysicae'

111 2219 221 2262 etiarn,
239 2222 273 2254 δε
283 2216 422 2267 Physicae
437 2217 548 2254 saltem
562 2218 707 2268 generali
718 2217 864 2253 absolute
885 2216 928 2252 est
939 2213 1109 2250 neceisaria
1121 2242 1131 2257 ,
1146 2225 1180 2248 ut
1195 2215 1229 2248 in
1244 2214 1323 2249 statu
1346 2213 1495 2262 perfe&o

111 2265 300 2304 habeantur.
415 2266 428 2280 “

146 2314 317 2354 Probatur.
329 2319 378 2355 Ut
398 2317 530 2353 scientia
542 2317 701 2353 habeatur
711 2318 745 2351 in
761 2317 843 2352 statu
855 2315 1013 2365 perfecto,
1034 2314 1192 2362 principia
1207 2318 1273 2361 ejus
1291 2311 1413 2347 debent
1435 2309 1496 2345 effe

114 2375 201 2400 certa
213 2393 222 2407 ,
233 2370 267 2401 &
285 2366 521 2403 conclusionum
531 2381 603 2402 cum
615 2368 780 2415 principiis
795 2378 905 2415 aperta
919 2366 1078 2400 connexio
1094 2391 1104 2405 ,
1120 2360 1342 2397 cavillationes
1352 2360 1495 2407 denique

115 2426 227 2449 omnes
243 2414 369 2451 refelli:
389 2419 480 2464 atqui
497 2419 530 2453 in
543 2417 590 2451 his
602 2428 679 2465 quas
699 2417 954 2452 enumeravimus
966 2413 1104 2449 scientiis
1114 2412 1182 2448 haec
1193 2413 1326 2461 praestari
1346 2423 1411 2446 non
1425 2407 1496 2459 pos-

1227 2463 1263 2496 H
1289 2462 1321 2506 iij
