1857 2745
348 124 746 163 TRACTATUS
782 125 1108 162 SECUNDUS.
1410 142 1420 163 2

96 174 233 213 Probari
243 173 323 211 solet
336 174 495 212 conclusio
510 174 617 210 multis
637 176 805 223 Scripturae
819 174 898 210 locis
909 203 920 218 ,
933 177 967 209 in
979 174 1096 223 quibus
1112 174 1199 210 affio
1212 173 1308 210 causis
1326 143 1441 213 secu5nf

57 226 103 260 dis
114 224 282 262 tribuitur:
295 224 472 273 cujusmodi
487 224 532 258 est
547 223 626 259 illud
640 221 755 260 Genes.
766 231 792 259 ι0
802 224 961 259 Germinet
975 235 1066 259 terra
1080 222 1209 259 herbam
1224 226 1382 260 virentem
1385 226 1441 272 fh-

56 279 185 309 cientem
192 277 299 320 semen
317 290 327 308 .·
344 287 444 321 atque
457 272 582 308 infinita
599 285 701 321 prope
719 285 909 317 occurrunt,
936 284 971 307 ut
983 275 1015 308 in
1028 285 1061 307 re
1087 274 1232 308 omnium
1251 274 1414 310 notiffirna
1431 290 1440 312 :

27 321 32 324 ”
56 337 130 359 cum
148 330 181 361 ὅ(
196 327 306 372 ignem
322 324 499 359 calefacere
514 351 524 366 ,
549 328 582 360 &
601 321 700 356 solem
726 321 940 365 illuminares
956 327 989 358 ὃς
1014 320 1148 357 arbores
1162 322 1280 357 studius
1296 323 1441 360 effunde-

58 386 94 408 re
115 402 126 416 ,
157 379 190 409 &
207 372 360 407 animalia
380 384 419 407 ex
442 371 594 407 fimilibus
620 373 799 420 procreari,
834 376 868 408 &
893 383 1028 419 corpora
1059 369 1101 404 ab
1134 370 1204 405 aliis
1229 376 1357 407 moveri
1380 386 1440 408 ne-

57 434 113 458 nio
131 421 265 458 inficiari
283 419 398 471 posfit‚
427 420 483 457 nifi
505 433 639 456 omnem
659 422 893 468 experientiam
913 425 947 458 δε
970 418 1113 456 sensuum
1132 421 1312 457 testimonia
1334 420 1440 472 asper-

56 483 162 508 netur.
779 512 782 513 ⁷

95 518 244 565 Confirm.
263 519 357 556 Nihil
372 521 454 556 mihi
469 521 577 556 not-ius
594 517 655 553 eise
672 518 801 566 potest,
830 517 930 566 quarn
955 530 1008 552 me
1030 518 1222 567 cognoscere
1235 548 1245 562 ,
1272 519 1420 556 dubitare
1429 530 1452 565 ,²

57 581 184 612 amare,
207 575 240 604 &
254 569 336 604 alios
357 570 445 604 aetus
466 569 580 606 vitales
595 580 763 611 exercere,
781 570 839 616 qui
854 567 982 603 aliunde
1005 571 1081 602 oriri
1098 581 1165 603 non
1192 567 1318 616 poffunt
1339 569 1442 618 quam

57 617 77 652 a
92 620 249 666 principio
262 618 364 653 vitali.
396 622 479 669 E1go
494 632 560 654 non
577 615 680 652 solt'un
698 616 787 651 causa
803 619 926 665 prima,
949 615 1001 651 sed
1017 622 1049 653 ὅ(
1069 616 1214 652 secundae
1235 630 1312 653 vere
1330 631 1440 668 agunt,

57 669 130 703 Nec
142 679 264 702 tantam
283 680 391 703 rernm
411 671 603 704 varietatem
624 670 711 703 Deus
730 667 903 713 produxit,
924 677 958 701 ut
977 666 1086 702 otiosae
1102 664 1220 711 effent,
1249 673 1282 703 &
1306 671 1455 704 omnino*

57 714 210 751 cessarent
224 745 233 758 ,
254 729 326 751 curn
344 717 437 765 hujus
457 716 593 753 univerfi
617 716 780 764 perfectio
803 727 909 750 mutua
937 727 1044 751 rerum
1070 718 1198 751 afflone
1217 718 1441 754 contineatur:

56 776 155 811 atque
168 777 202 800 ut
219 768 307 801 Deus
322 764 415 800 rebus
434 768 548 800 creatis
571 766 605 799 id
626 763 742 799 tribuit
754 794 763 809 ‚
788 776 824 799 ut
836 765 950 801 divinae
968 764 1103 800 cffentiae
1126 764 1370 801 similitudinem
1386 779 1442 801 ac-

56 816 226 861 ciperem,
242 814 322 849 illud
337 827 470 862 quoque
493 817 530 849 iis
544 813 686 862 benigne
709 815 889 862 impertiit,
916 826 952 849 ut
976 818 1042 861 ejus
1061 817 1128 850 vitn
1146 818 1289 851 activam
1310 828 1370 865 pro
1385 815 1454 852 suo

55 874 194 911 quaeque
210 863 344 898 modulo
359 866 597 912 participarent.
618 865 708 911 Qin
729 862 806 897 illud
823 867 986 912 potuerit,
1016 863 1119 898 nullus
1140 865 1183 899 est
1202 864 1375 900 dubitandi
1392 865 1442 901 lo-

55 924 132 948 cus:
150 913 238 959 quod
256 925 367 947 autem
381 912 520 948 voluerit
532 941 543 956 ,
565 911 694 949 infinita
709 910 793 947 illius
808 941 819 954 ‚
843 918 877 949 ὃ(
895 915 928 947 in
951 925 1000 946 res
1026 925 1140 948 onmes
1166 912 1280 949 diffusa
1312 913 1455 950 bonitasv

55 962 191 995 omnino
203 959 380 1009 persuadet.

97 1009 248 1058 Confirm.
261 1012 386 1046 iterum.
407 1009 571 1057 Qorsum
594 1013 628 1047 in
654 1008 841 1046 viventibus
860 1020 966 1045 tantus
989 1023 1183 1060 organorum
1209 1024 1381 1062 apparatus
1394 1043 1405 1057 ,
1422 1013 1443 1048 si

56 1058 267 1106 nihilagunt;
292 1057 312 1092 fi
325 1058 407 1094 nihil
425 1058 491 1095 visu
504 1088 514 1103 ‚
526 1059 608 1096 nihil
626 1060 736 1094 auditu
749 1061 929 1106 percipiunt
947 1078 955 1104 3
974 1059 995 1094 fi
1009 1061 1145 1108 ingestos
1162 1061 1253 1096 cibos
1268 1076 1333 1097 non
1347 1063 1442 1111 dige-

54 1119 147 1150 runt,
167 1106 238 1141 sisui
253 1106 364 1142 similia
374 1121 439 1143 non
450 1120 620 1156 procreant
634 1118 644 1143 3
666 1107 749 1143 nihil
767 1107 917 1155 profesto
938 1111 1022 1143 inter
1042 1121 1091 1142 res
1107 1111 1183 1144 vitae
1198 1123 1367 1158 compotes
1379 1140 1390 1154 ,
1407 1117 1443 1148 &

55 1168 108 1191 eas
119 1169 189 1204 quae
204 1155 273 1191 sunt
286 1157 494 1200 inanimatae,
514 1160 575 1192 erit
589 1156 776 1191 discriminis
792 1185 802 1200 ,
826 1155 846 1190 fi
865 1158 953 1192 Deus
971 1156 1051 1191 solus
1075 1158 1115 1191 ad
1137 1170 1230 1193 certae
1244 1162 1290 1193 rei
1308 1159 1442 1208 praesen-

55 1207 136 1241 tiam
148 1217 298 1254 operetur
309 1204 349 1250 ;›s1
361 1208 474 1241 cuneta
485 1205 696 1249 efficiat,nihil
708 1216 858 1240 crearunt
869 1206 1028 1253 agendum
1042 1205 1204 1254 relinquat
1220 1222 1227 1244 :
1240 1221 1311 1256 quae
1325 1209 1441 1257 profe-

57 1255 110 1289 eto
131 1266 191 1289 nec
208 1256 388 1289 communis
407 1257 552 1290 omnium
563 1255 663 1291 sensus
674 1284 684 1298 ,
695 1266 755 1290 nec
766 1253 924 1290 institutus
934 1266 1052 1290 naturae
1071 1256 1151 1290 ordo
1167 1285 1176 1299 ,
1194 1270 1255 1292 nec
1272 1260 1441 1306 experien.

56 1305 100 1338 tia
117 1301 179 1351 ipsa
193 1303 419 1352 comprobant.
1021 1338 1023 1340 .

95 1352 214 1395 Multa,
232 1351 296 1387 scio
307 1382 316 1395 ‚
342 1352 579 1401 opponisolent
588 1364 653 1387 non
665 1355 709 1387 ita
717 1352 819 1387 solutu
835 1352 951 1387 facilia.
970 1350 1055 1386 Cum
1067 1354 1153 1387 enim
1170 1366 1207 1387 ex
1220 1353 1455 1402 applicatione*

54 1400 184 1448 alicujus
199 1400 293 1436 causae
304 1401 418 1447 aliquis
436 1400 561 1449 semper
573 1400 774 1448 consequitur
787 1400 918 1436 effectus
930 1427 939 1442 ,
965 1401 1082 1433 merito
1096 1400 1169 1435 huic
1190 1403 1283 1438 causae
1304 1402 1452 1439 effeetus

57 1449 209 1485 tribuitur
219 1478 228 1492 ‚
251 1449 328 1485 licet
345 1450 430 1486 forte
439 1462 475 1484 ea
487 1461 552 1485 non
563 1449 598 1484 sit
611 1448 666 1484 nifi
680 1461 721 1485 ex
732 1449 896 1485 occafione
907 1447 1005 1483 causa.
1017 1449 1114 1484 Unde
1127 1448 1182 1484 etfi
1195 1452 1354 1486 causarum
1367 1466 1441 1488 oms

55 1502 144 1534 nium
166 1498 305 1533 influxus
323 1497 485 1546 suppleret
498 1503 584 1534 Deus
601 1527 611 1542 ,
634 1511 743 1534 tamen
754 1510 867 1533 omnes
888 1509 968 1545 quos
983 1500 1141 1532 cernimus
1152 1497 1284 1535 effectus
1296 1529 1305 1543 ‚
1331 1502 1370 1535 ad
1385 1514 1453 1536 eas*

55 1546 159 1582 causas
170 1549 303 1595 perinde
316 1546 429 1582 referri
446 1546 571 1595 possent
583 1577 591 1591 ,
607 1560 644 1581 ac
657 1560 742 1583 nunc
761 1547 962 1587 referuntur,
973 1544 992 1580 si
1008 1545 1207 1582 scientiarum
1220 1577 1229 1591 ‚
1247 1551 1314 1584 imo
1328 1549 1440 1585 &sen-

55 1595 141 1632 suum
154 1595 308 1631 habeatur
325 1599 418 1632 ratio.
446 1597 547 1644 Qod
562 1595 582 1631 si
593 1599 681 1632 enim
693 1609 807 1645 corpus
820 1599 852 1632 in
865 1596 947 1631 aliud
962 1594 1018 1629 fibi
1033 1595 1169 1630 obvium
1190 1610 1297 1633 motus
1311 1598 1354 1632 sui
1374 1603 1437 1634 im-

56 1644 250 1694 pressionem
265 1658 332 1680 non
343 1646 514 1689 transfert,
533 1646 585 1680 sed
599 1658 637 1680 ex
657 1645 729 1694 lege
751 1645 792 1680 ab
813 1646 959 1681 Authore
976 1656 1095 1679 naturae
1117 1646 1288 1681 constituta
1301 1645 1439 1684 obvium

55 1706 169 1742 corpus
182 1696 339 1742 agitatur,
355 1692 395 1738 sic
409 1706 518 1729 tamen
536 1707 690 1730 movetur
708 1707 822 1743 corpus
835 1723 844 1737 ‚
874 1707 910 1729 ac
931 1693 950 1729 si
973 1704 1101 1728 motum
1117 1693 1158 1727 ab
1171 1695 1234 1728 alio
1253 1694 1452 1732 transsatum⁵

55 1741 241 1790 accepiffet:
257 1755 355 1789 arque
375 1744 406 1777 id
427 1743 521 1778 nobis
547 1744 682 1792 perinde
695 1743 760 1787 est,
780 1757 817 1778 ac
833 1743 974 1778 sensuum
990 1743 1171 1777 testimonio
1191 1743 1277 1791 quafi
1296 1740 1452 1780 convicti?

56 1804 171 1838 corpus
183 1790 223 1825 ab
237 1790 301 1826 alio
312 1795 438 1825 moveri
451 1821 459 1835 ‚
483 1792 583 1839 idque
605 1798 698 1842 juxta
722 1805 822 1827 certas
845 1793 930 1841 leges
951 1792 1188 1828 contendimus.
1207 1796 1440 1828 Verumtamen

56 1838 132 1874 illud
151 1839 220 1875 fere
231 1841 438 1875 manifestum
457 1841 502 1874 est
521 1843 609 1877 aetus
620 1840 730 1876 saltem
746 1842 860 1877 vitales
876 1844 894 1876 ἐι
911 1844 986 1876 Deo
997 1854 1063 1876 non
1085 1839 1236 1889 suppleri,
1258 1842 1311 1876 sed
1330 1844 1349 1879 ἐι
1363 1855 1448 1877 αω-ν

56 1888 92 1924 fis
104 1889 246 1925 secundis
261 1888 415 1938 proficisci
430 1904 438 1925 :
455 1902 527 1937 quae
544 1893 639 1940 igitur
651 1902 765 1926 contra
782 1889 943 1934 afferunt,
967 1889 1161 1924 videamus.»

555 1986 739 2027 Diluuntur
746 1988 959 2043 ‘objeilioness

108 2087 191 2135 Opp.
204 2097 224 2122 12
239 2089 355 2123 Omnis
366 2090 452 2124 aeuo
463 2087 575 2122 saltem
584 2098 741 2135 corporea
751 2099 844 2123 motu
862 2091 1047 2124 continetur
1063 2117 1073 2132 ,
1094 2100 1133 2123 ex
1154 2090 1217 2133 ipsa
1232 2102 1328 2136 quam
1349 2098 1451 2126 attiu-

60 2134 152 2169 limus
166 2135 261 2170 causae
274 2136 442 2173 effectricis
457 2136 647 2172 definitione
657 2151 665 2172 :
675 2138 772 2184 idque
783 2139 816 2172 in
837 2137 972 2178 thficis
996 2138 1052 2173 fiet
1066 2138 1271 2172 manifestum
1285 2153 1292 2174 ε
1307 2138 1359 2173 sed
1369 2154 1439 2175 mo-

61 2195 108 2218 tus
121 2196 186 2228 non
207 2184 334 2220 aliunde
352 2187 458 2235 potest
478 2186 577 2233 quam
593 2185 613 2220 ἐι
633 2185 721 2220 causa
739 2188 842 2233 prima
859 2181 1016 2234 proficisci
1033 2217 1044 2231 ‚
1071 2198 1105 2220 ut
1124 2187 1232 2221 multis
1245 2191 1438 2235 argumentis

61 2230 226 2280 probatur.
236 2244 255 2267 1·-
272 2236 359 2270 enim
370 2248 484 2283 corpus
497 2248 536 2270 ex
551 2233 581 2268 se
600 2236 683 2269 iners
701 2239 734 2271 &
747 2233 887 2269 otiosum
904 2247 1031 2270 motum
1043 2247 1082 2269 ex
1101 2235 1131 2269 se
1146 2235 1280 2270 fundere
1300 2250 1365 2271 non
1377 2250 1439 2285 po-

62 2282 138 2316 test:
162 2293 267 2328 neque
288 2286 374 2319 enim
394 2285 497 2320 ullum
516 2296 628 2332 corpus
637 2285 842 2331 quantumvis
864 2297 1017 2332 magnum
1039 2285 1238 2332 concipiatur
1255 2313 1264 2327 ‚
1295 2297 1349 2320 aut
1364 2296 1438 2334 par*-

63 2340 150 2374 vum‚
169 2329 302 2378 seipsum
314 2345 446 2367 movere
459 2333 567 2380 potest
585 2347 592 2368 :
613 2345 671 2367 nec
685 2335 857 2380 quicquam
873 2334 912 2366 ad
923 2345 1069 2368 naturam
1085 2335 1226 2380 corporis
1244 2335 1452 2378 accedimus

62 2379 102 2414 de
114 2391 151 2414 ea
165 2379 340 2462 dgtraliitur
357 2409 368 2424 ,
389 2380 451 2418 five
464 2382 495 2417 id
505 2392 674 2419 moveatur
684 2410 694 2427 ,
710 2379 773 2419 five
785 2380 936 2431 quiescat.
952 2383 1063 2430 Qare
1073 2394 1178 2419 motus
1195 2383 1234 2416 ad
1250 2383 1355 2420 ideam
1366 2396 1448 2419 cor-2

213 2442 273 2464 om.
291 2430 324 2467 l,-
1173 2436 1203 2467 V
1215 2445 1232 2466 u
1243 2444 1266 2467 u
