1857 2745
353 125 396 162 80
729 119 814 161 DE,
849 114 1327 156 UNYVERSAMB'US

353 186 424 210 non
454 174 532 206 item
553 185 560 206 :
585 169 686 204 homo
707 171 795 202 enim
814 169 855 202 de
877 168 983 203 multis
1002 168 1116 203 dicitur
1135 199 1146 213 ,
1172 169 1225 204 seu
1255 168 1444 217 praedicatur
1462 182 1471 204 ;
1506 168 1757 207 humanitasvin'f

354 221 464 258 multis
498 217 559 254 effe
577 219 770 265 concipitur.
819 217 1050 263 Q‘mobrom
1073 218 1153 264 illud
1175 230 1310 255 vocatur
1326 216 1506 253 universale
1519 221 1554 255 in
1572 221 1757 269 praedican-

354 271 398 305 do
417 299 426 314 ‚
446 270 508 304 hoc
524 270 559 303 in
577 266 706 301 effendo
723 266 824 311 3illud
842 269 877 301 in
904 278 1063 302 concreto
1076 297 1085 311 ,
1102 268 1164 303 hor
1187 271 1221 304 in
1239 266 1404 303 abstineto
1422 266 1502 302 solet
1522 271 1678 318 exprimi:
1694 266 1748 305 se'd

353 330 529 365 utrumque
546 315 581 351 (it
602 329 660 364 per
677 317 841 364 quandam
860 318 980 351 menti>>
997 315 1251 353 abstinetiomm
1264 347 1273 360 ‚
1285 329 1340 352 aut
1355 315 1580 365 praecilionem.

392 367 495 414 Qod
514 369 626 414 utique
641 365 1050 401 non-adeointellc-&uest‘
1067 365 1200 401 difficile
1214 396 1224 410 ‚
1248 365 1269 401 fi
1290 379 1359 401 rem
1386 365 1483 415 paulo
1499 370 1620 403 acriore
1638 371 1761 405 animo·

354 419 475 452 intueti
485 415 635 451 velimus
653 415 749 451 Nihil
759 418 848 451 enim
860 416 905 449 est
921 417 956 450 in
977 415 1041 450 hoc
1053 415 1203 452 universo
1212 416 1302 464 quod
1314 429 1382 451 non
1401 415 1435 451 lit
1456 415 1624 465 singulare.
1649 418 1752 453 Unde

356 478 407 501 tot
422 465 492 501 sunt
509 476 626 500 naturae
641 465 800 508 humanae,
814 475 895 512 qviot
905 465 1056 500 homines
1069 479 1077 499 t
1097 467 1246 501 dicuntur
1264 476 1377 501 tamen
1391 466 1531 500 eandem
1547 466 1668 502 habere
1692 480 1760 503 na-

357 522 466 550 tutam
478 544 488 558 ,
502 514 591 562 quod
608 514 791 550 intelleEkus
807 526 1022 563 permagncm
1036 517 1072 550 in
1090 518 1127 550 iis
1142 514 1383 551 similitudinem
1396 516 1641 551 animadvertat.
1666 519 1755 552 Om-

356 577 415 600 nes
425 563 517 599 simili
531 563 632 598 modo
644 566 876 598 ratiocinantur
889 592 898 605 ‚
909 563 1090 610 loquuntur
1103 595 1113 609 ‚
1133 564 1241 600 rident
1255 565 1383 608 3ere6ka
1396 562 1467 598 sunt
1481 563 1600 598 statura
1611 593 1621 608 ‚
1636 566 1755 600 eodem

357 613 460 649 modo
483 613 646 648 incedunt.
674 613 776 648 Unde
794 611 927 661 seposita
944 615 1036 648 omni
1054 614 1239 651 differentia
1256 642 1266 656 ‚
1287 625 1341 647 aut
1360 610 1612 647 dissimilitudine
1632 643 1643 657 ,
1667 613 1757 661 quod

357 674 440 698 unus
460 674 499 697 cx
516 674 567 710 gr..
584 660 621 696 sit
636 660 816 711 ingeniosus
842 691 852 705 ‚
886 661 967 696 alter
985 662 1137 708 stolidus3
1159 662 1214 698 ille
1237 662 1333 697 senex
1350 690 1360 705 ‚
1389 660 1440 695 hic
1458 663 1585 710 Juvenis
1609 691 1619 706 ‚
1663 674 1760 698 mens

357 712 450 758 quod
469 713 510 746 in-
521 713 559 745 iis
571 710 670 746 simile
684 711 731 745 est
743 741 753 755 ,
766 710 1082 759 uno-concepmfibi
1099 711 1231 747 exhibet
1245 741 1255 755 ,
1269 724 1336 746 uno
1354 710 1470 745 itidem
1494 712 1633 746 nomine
1648 712 1681 746 id
1700 713 1763 746 de-·

360 759 463 809 signat
480 774 487 795 :
511 771 582 797 tum
602 760 774 796 hominem
790 772 863 794 cum
885 772 971 808 equo
984 772 1180 809 comparat,
1200 766 1234 798 &
1247 764 1407 806 majorem
1428 760 1513 794 iniis
1530 758 1760 795 diffiniilitudi„

360 807 444 844 neni·
461 810 721 853 animadvertit,
754 815 788 847 &
813 820 926 844 tamen
953 809 1055 844 multa
1075 809 1232 858 conspicit
1255 807 1415 855 utriusque
1442 812 1639 847 communia.
1668 811 1759 846 Nam

360 870 453 905 aeque
466 859 580 893 vident
595 888 604 901 ‚
621 864 655 895 δε
670 859 805 894 audiunt
815 886 825 900 ‚
839 862 874 894 δε
889 857 1074 894 ambulant.
1092 861 1259 907 roirca
1278 863 1312 893 δε
1333 870 1545 893 communem
1561 870 1763 907 conceptum

363 906 511 949 format,
525 919 625 953 quem
641 909 777 941 nomin-e
789 905 937 940 animalis
954 905 1106 955 designat.
1138 909 1189 941 Sic
1206 918 1263 954 per.
1282 918 1396 940 omnes
1412 906 1526 954 gradus
1547 905 1761 942 similitudinis

363 961 398 993 &
412 953 677 990 diffiniilitudinis
689 967 783 989 mens
799 955 1002 1003 progreditur
1012 967 1072 998 ‚iac
1084 954 1223 991 diversas
1235 954 1322 989 ideas
1340 983 1348 997 ‚
1362 966 1419 988 aut
1429 967 1605 1004 conceptus
1619 954 1760 1005 effingit:

365 1004 488 1038 diversa
504 1016 637 1050 quoque
657 1006 793 1037 nomina
812 1005 975 1051 excogitat
995 1032 1005 1046 ,
1027 1003 1170 1039 hominis
1184 1033 1194 1046 ‚
1213 1003 1359 1037 animalis
1371 1031 1380 1045 ,
1400 1005 1543 1037 viventis
1563 1033 1573 1046 ‚
1591 1007 1735 1052 corporis
1751 1033 1761 1047 ,

366 1051 548 1086 substantiae
559 1052 719 1088 :adeo-ut
732 1050 910 1085 res-eadem
924 1050 1088 1099 singularis
1103 1063 1238 1100 propter
1253 1053 1354 1086 varias
1375 1063 1449 1085 cum
1463 1051 1530 1086 aliis
1546 1051 1641 1088 rebus
1653 1052 1762 1088 simili·-

367 1101 503 1136 tudinesr
513 1098 641 1135 diversis
659 1111 794 1147 quoque
816 1098 1004 1135 nominibus
1018 1097 1177 1147 signetur..

405 1148 534 1199 Qbus
554 1148 729 1184 intellectis
742 1147 851 1196 palam
862 1146 897 1182 fit
907 1161 948 1184 ιο.
967 1148 1061 1185 Nihil
1075 1147 1137 1184 esse
1150 1152 1304 1184 interum
1320 1162 1431 1185 natura
1450 1150 1629 1186 universale
1637 1150 1701 1186 :sed
1713 1151 1761 1187 his

368 1198 503 1234 vocibus
518 1196 672 1246 defignari
687 1227 696 1241 ‚
713 1209 811 1244 quam
826 1199 912 1230 varie
922 1207 971 1232 res
984 1198 1101 1233 eadem
1118 1210 1191 1234 curn
1211 1201 1329 1233 &teris
1346 1211 1532 1248 comparata
1554 1212 1610 1235 aut
1630 1198 1737 1235 similis
1751 1230 1762 1245 ‚

368 1259 424 1282 aut
441 1245 592 1282 dissimilis
607 1247 668 1281 dici
695 1245 789 1296 possit
802 1263 811 1290 3
825 1251 858 1283 δε
870 1259 970 1283 unam
990 1247 1052 1281 dici
1063 1259 1214 1283 naturam
1227 1276 1236 1291 ,
1256 1261 1326 1295 quae
1352 1260 1486 1297 propter
1509 1261 1662 1298 magnam
1690 1262 1763 1284 cum

370 1295 696 1332 aliisfimilitudinem
709 1307 766 1344 per
782 1295 918 1330 modum
932 1297 1027 1331 unius
1042 1300 1170 1345 concipi
1187 1297 1305 1345 potest.
1334 1299 1444 1345 Atque
1456 1309 1490 1332 ut
1511 1299 1628 1333 eadem
1650 1310 1767 1334 natura

371 1359 447 1381 non,
457 1346 538 1380 inest
553 1345 698 1393 pluribus
712 1374 722 1388 ‚
745 1347 789 1380 ita
808 1357 870 1380 nec
886 1347 1003 1381 eadem
1022 1346 1062 1380 de
1081 1348 1117 1380 iis
1133 1346 1329 1395 praedicatur.
1357 1349 1447 1382 Nam
1466 1358 1501 1380 ut
1519 1359 1584 1381 una
1599 1350 1634 1382 in
1652 1347 1764 1382 multis

372 1408 441 1430 non
463 1395 546 1429 inest
560 1424 570 1438 ,
590 1393 642 1428 fed
662 1393 856 1443 multiplex:
874 1392 913 1428 fic
934 1401 1135 1432 nonuna‘&
1156 1395 1271 1430 eadem
1294 1395 1336 1430 de
1355 1395 1461 1431 multis
1487 1395 1765 1444 praedicaturzdu,

372 1443 448 1491 plex
461 1446 583 1492 quippe
595 1443 642 1477 est
655 1455 770 1478 natura
785 1445 820 1478 in
831 1443 968 1478 Platone
979 1449 1015 1481 &
1023 1446 1156 1479 Socrate
1166 1473 1176 1489 ‚
1185 1458 1257 1479 non
1268 1457 1343 1481 una.
1543 1476 1546 1479 .

409 1501 455 1528 2⁰.
475 1495 519 1527 Ex
534 1494 570 1525 iis
582 1488 722 1525 efficitur
736 1491 767 1525 id
781 1492 870 1539 quod
889 1491 980 1539 supra
1001 1492 1137 1528 diximus
1153 1522 1163 1536 ‚
1181 1495 1266 1528 inter
1296 1493 1510 1542 Philosophos
1530 1492 1627 1528 facile
1642 1506 1768 1529 conve-

374 1543 443 1576 nire
467 1538 555 1588 poffe
578 1540 619 1574 de
633 1552 755 1574 natura?
767 1539 964 1577 universalis,
990 1541 1025 1575 Id
1038 1543 1134 1576 enim
1145 1540 1286 1577 libenter
1304 1544 1513 1578 concedimus
1533 1542 1767 1579 Nominalibus

376 1589 456 1625 nihil
467 1588 528 1624 effe
541 1588 722 1624 universale
733 1618 743 1632 ‚
758 1586 810 1622 sed
834 1589 865 1622 id
881 1591 1012 1638 concipi
1035 1602 1163 1626 tantum
1179 1590 1200 1626 ὲ,
1223 1590 1318 1625 nobis
1341 1604 1475 1641 propter
1488 1594 1592 1626 vai-ios
1608 1621 1618 1635 ‚
1635 1604 1672 1627 ut
1686 1593 1769 1627 dixi-

376 1651 445 1675 mus
458 1668 467 1681 ,
484 1637 708 1681 similitudinis,
724 1650 780 1672 aut
798 1636 1061 1674 dissimilitudinis
1073 1640 1199 1688 graduS.
1221 1641 1296 1675 Nec
1314 1651 1427 1675 tamen
1450 1641 1526 1676 hinc
1548 1640 1688 1687 sequitur
1707 1655 1768 1675 vo-

378 1700 450 1722 cem
461 1698 538 1730 ,aut
558 1698 752 1735 conceptum
768 1689 815 1722 rei
831 1686 995 1734 singularis
1014 1686 1075 1723 esse
1102 1700 1290 1722 vocemmit
1305 1700 1505 1735 conceptum
1515 1688 1657 1723 hominis
1671 1702 1678 1723 :
1693 1701 1766 1725 cum

378 1749 426 1772 ex.
452 1749 498 1785 gr.
511 1737 574 1771 liaec
590 1735 749 1770 formatur
761 1735 951 1785 propositio,
970 1735 1064 1772 Plato
1075 1737 1121 1771 est
1140 1737 1242 1772 homo
1253 1751 1263 1772 τ
1275 1749 1342 1771 non
1357 1739 1447 1772 enim
1459 1735 1524 1771 sine
1541 1736 1638 1771 rebus
1658 1740 1766 1772 nonii-

377 1797 419 1820 na
434 1785 654 1833 praedicantur.
681 1787 783 1822 Unde
797 1785 887 1836 hujus
899 1784 1126 1835 propositionis
1137 1786 1188 1822 liic
1200 1786 1246 1820 est
1265 1784 1367 1820 senfiis
1386 1815 1396 1829 ,
1414 1785 1508 1821 Plato
1520 1815 1530 1829 ‚
1549 1788 1606 1833 qui
1624 1789 1668 1821 ita
1688 1787 1768 1822 dici-

379 1845 429 1868 tur
443 1846 576 1882 propter
595 1832 795 1869 differentias
816 1835 881 1871 suas
903 1834 1107 1884 particulares
1119 1864 1128 1878 ,
1151 1846 1282 1883 propter
1297 1833 1535 1870 similitudinem
1555 1847 1628 1870 cum
1649 1835 1717 1869 aliis
1734 1842 1769 1873 &

378 1894 547 1928 conceptu>
563 1886 789 1918 communiore
801 1912 811 1926 ,
835 1890 869 1921 δι
885 1896 969 1918 voce
985 1883 1213 1920 universaliore
1233 1885 1443 1932 exprimitur,
1464 1890 1501 1922 &
1515 1883 1617 1919 homo
1637 1884 1768 1921 dicitur:

379 1945 453 1966 cum
474 1931 510 1967 sit
532 1943 646 1966 tamen
662 1932 739 1978 quid
754 1930 918 1979 singulare.

415 1983 498 2018 Non
515 1979 654 2017 dissimili
668 1979 803 2026 quidem
815 1982 940 2015 ratione
959 1992 1034 2015 cum
1053 1981 1168 2015 Scotus
1181 1983 1351 2018 contendit
1368 1995 1495 2019 naturas
1510 1995 1614 2017 rerum
1639 1996 1709 2018 non
1724 1982 1767 2019 ab

381 2030 549 2066 intellectu
566 2059 574 2073 ‚
587 2028 671 2064 sedit
684 2027 785 2077 seiplis
809 2029 839 2063 id
858 2028 1095 2076 hiibere,quod
1111 2029 1169 2064 sint
1185 2031 1378 2068 universales
1391 2062 1400 2076 ‚
1418 2032 1495 2067 illud.
1506 2031 1612 2079 aliqua
1629 2043 1668 2066 ex
1680 2043 1770 2080 parte

382 2092 497 2114 verum
511 2079 567 2115 est.
594 2078 698 2125 Qod
717 2080 805 2112 enim
832 2078 934 2113 homo
959 2080 1117 2127 praedicari
1146 2079 1240 2128 pessit
1266 2081 1305 2115 de
1328 2081 1437 2117 multis
1462 2110 1471 2124 ,
1496 2086 1530 2117 &
1549 2093 1605 2129 per
1636 2081 1769 2116 niodum

381 2131 473 2164 unius
487 2129 635 2175 concipi,
652 2127 717 2162 hoc
739 2126 786 2161 ab-
797 2126 862 2176 ipsa
878 2139 991 2163 mente
1007 2142 1074 2163 non
1086 2128 1197 2165 habet.
1214 2130 1248 2163 ld
1262 2132 1384 2178 quippe
1395 2131 1441 2164 ad
1444 2129 1525 2164 illius
1551 2132 1712 2165 rationem
1736 2135 1771 2166 &

384 2177 552 2212 effen-:iam
566 2178 718 2225 pertinet,
734 2187 769 2211 ut
792 2178 826 2212 in
844 2176 958 2211 ordine
968 2178 1007 2212 ad
1020 2178 1166 2212 scientias
1189 2179 1343 2214 humanas
1364 2180 1497 2227 perinde
1515 2179 1644 2226 concipi
1663 2178 1769 2226 poslit‚

385 2238 422 2259 ac
438 2225 459 2259 fi
473 2239 572 2261 unum
584 2226 738 2273 quiddam
761 2224 826 2260 ffet
842 2239 848 2261 :
865 2238 901 2261 ut
913 2226 954 2259 de
973 2227 1222 2274 proprietatibus
1239 2233 1271 2264 δε
1285 2227 1514 2263 affectionibus
1525 2226 1674 2275 trianguli
1686 2227 1771 2263 dixi-

389 2287 472 2309 niuS.
488 2276 549 2308 Sed
563 2287 719 2321 negamus
732 2274 900 2310 hominem
912 2274 1038 2323 physice
1049 2289 1085 2310 :ic
1096 2276 1224 2310 realiter
1234 2276 1295 2311 effe
1306 2277 1380 2324 quid
1395 2276 1573 2311 universale
1583 2306 1593 2320 ,
1606 2288 1659 2310 aut
1668 2289 1771 2312 unum

389 2321 449 2356 effe
471 2325 503 2357 in
521 2323 629 2358 multis
648 2323 786 2358 seorsum
800 2355 808 2368 ‚
829 2329 861 2361 ὃ(
878 2336 911 2359 ιιι
928 2326 1019 2361 aiunt
1035 2324 1248 2362 distributive.
1276 2327 1352 2360 Hoc
1374 2325 1473 2374 vulgo
1491 2328 1524 2360 ιη
1542 2324 1654 2360 scholis
1674 2324 1772 2373 paulo

387 2371 480 2407 aliter
503 2375 640 2420 exprimi
655 2372 736 2409 solet
752 2402 763 2418 ,
792 2386 919 2412 naturas
940 2386 1046 2411 reruni
1066 2373 1127 2410 effe
1150 2377 1284 2411 nemine
1315 2377 1479 2426 cogitante
1498 2405 1509 2420 ,
1524 2382 1557 2414 &
1577 2375 1597 2411 ὲ
1613 2386 1704 2422 parte
1725 2376 1774 2410 tei

1578 2421 1771 2462 universales
