1857 2745
430 133 500 168 DE
547 127 1057 166 PRAEDICAMENTI&
1372 143 1425 173 129

52 182 126 219 idea
139 179 258 218 mentis
275 191 359 228 ‚qua
373 181 616 228 comparatione
631 178 716 214 faeta
735 180 768 212 in
784 176 939 212 summam
949 176 1094 224 aliquam
1114 174 1215 211 multa
1232 174 1427 226 rediguntur.

52 231 164 269 Altera
175 230 248 266 huic
264 227 408 279 oppofita
426 228 581 265 sententia
592 228 636 262 est
650 239 759 262 eorum
771 255 780 270 ‚
800 229 857 274 qui
880 226 1019 261 formam
1031 226 1157 260 numeri
1170 255 1180 268 ,
1193 237 1229 260 ut
1249 225 1405 262 decadem
1417 255 1428 269 ,

51 291 107 314 aut
123 281 376 326 quaternitatem
390 275 451 313 else
473 277 621 311 accidens
651 276 817 323 quoddam
831 274 917 310 reale
933 273 1003 321 ipfis
1019 273 1114 308 rebus
1133 274 1279 309 additum
1293 285 1407 324 putant
1422 289 1430 311 ε

53 339 125 376 qux
140 327 272 375 quidem
287 329 455 376 opiniones
465 338 502 361 ut
516 337 668 361 extremae
678 325 760 360 mihi
771 324 922 359 videntur
934 323 1089 372 fugiendae
1101 336 1108 358 ε
1118 320 1153 356 fit
1164 324 1274 371 itaque

637 397 674 428 V
670 398 739 429 nica
756 396 930 442 Conclufio.

88 471 249 506 Numerus
263 471 307 505 est
319 473 450 506 nemine
462 471 624 519 cogitante
636 499 647 514 ,
660 483 765 519 neque
778 482 888 506 tamen
908 469 953 504 est
968 471 1116 506 accidens
1127 468 1294 518 Physicum
1303 469 1322 504 ὰ
1336 468 1431 504 rebus

55 521 227 555 numeratis
248 519 436 556 distinctum.
1456 552 1457 555 ,

94 566 257 601 Probatur
275 578 355 616 pars
377 571 466 616 prior·
480 567 704 612 Conclufionir.
731 570 841 604 Primo
860 569 947 603 enim
964 569 1095 602 nemine
1111 568 1276 615 cogitante
1300 578 1349 600 res
1364 565 1434 600 sunt

57 615 230 658 distinete,
248 621 282 652 ὃς
293 615 398 664 plures
415 628 565 651 numero:
583 628 658 649 nam
679 618 872 660 multitudo,
886 628 1038 650 numerus
1060 621 1093 652 &
1106 616 1267 650 distinctio
1281 627 1377 649 unum
1396 620 1431 650 &

59 664 146 699 idem
159 664 238 700 sunt.
258 673 302 701 τ’.
323 667 402 701 Non
421 667 520 713 magis
533 676 637 699 rerum
649 667 828 700 multitudo
847 665 867 700 ὲ
880 667 1079 713 cogitatione
1094 676 1166 699 mea
1185 665 1316 712 pendet,
1334 663 1435 710 quam

58 724 168 747 earum
181 711 368 761 magnitudo
379 715 550 761 :cogitatio
561 715 681 762 quippe
695 714 802 749 nostra
819 712 1065 750 multitudinem
1075 712 1225 761 supponit
1235 741 1243 756 ,
1264 725 1329 749 non
1344 712 1434 755 facit,

59 765 93 795 &
103 762 172 807 quis
184 759 220 795 sit
232 772 382 802 numerus
393 788 404 801 ,
420 761 598 809 investigat.
819 765 828 775 ¹

95 810 180 858 Opp.
195 809 228 843 ld
238 809 259 844 ὲ
274 821 462 844 numerante
473 809 613 857 pendere
624 839 633 852 ,
652 821 688 845 ut
706 822 828 847 mutata
845 813 968 848 numeri
982 810 1110 859 alicujus
1124 840 1133 854 ‚
1156 824 1189 848 v.
1205 822 1235 858 g.
1251 811 1427 846 centenarii

59 857 142 901 idea,
157 869 300 892 autunus
311 856 348 892 fit
358 885 366 896 ,
385 870 441 893 aut
450 858 586 905 duplex,
603 857 623 892 fi
635 858 685 894 bis
706 863 941 909 quinquaginta
954 872 1031 904 3aut
1045 859 1243 909 quadruplex
1263 859 1385 894 dicatur
1396 886 1406 902 ‚
1417 857 1438 893 fi

61 917 173 953 quater
194 908 308 954 viginti
332 908 474 954 quinque
499 909 692 954 cogitentur.

87 955 173 1000 Resp.
183 956 451 990 Numerationem
465 953 507 989 ab
523 955 686 991 intellectu
699 955 853 1005 pendere,
866 965 1114 992 nonnumerum
1128 954 1240 1004 ipsum.
1263 956 1351 990 Hinc
1366 956 1437 988 Ati-

63 1002 188 1037 stoteles
199 1003 296 1037 docet
312 1002 440 1037 sublato
462 1005 572 1037 animo
586 1032 596 1047 ,
621 1005 692 1039 tolli
713 1016 900 1048 numerum,
915 1005 1025 1052 quoad
1045 1005 1304 1038 numerationem
1321 1003 1439 1037 videli-

63 1061 127 1093 cet,
142 1062 196 1085 aut
209 1052 315 1086 aetum
335 1053 550 1086 numerantis:
564 1064 629 1087 non
653 1053 743 1100 quod
762 1065 912 1087 numerus
923 1065 991 1087 non
1007 1052 1116 1086 existat
1127 1054 1227 1085 etiam
1239 1053 1368 1085 nemine
1384 1063 1440 1084 co-

63 1102 197 1148 gitante.
210 1101 262 1134 Sic
276 1112 398 1148 pannus
414 1100 526 1134 decem
541 1099 631 1134 ulnas
656 1104 736 1135 citra
756 1099 855 1135 ullam
878 1103 993 1135 mentis
1016 1101 1182 1135 actionem
1201 1101 1349 1135 continet
1363 1112 1370 1133 ε
1387 1097 1440 1133 sed

63 1148 151 1196 hujus
160 1148 312 1184 mensuroe
325 1149 528 1197 investigatio
541 1149 579 1182 ad
591 1160 736 1184 mentem
745 1150 883 1185 nostram
898 1151 1050 1197 pertinet.

100 1196 210 1232 Multo
223 1199 326 1232 minus
341 1197 382 1231 ad
399 1199 570 1232 veritatem
588 1199 712 1232 accedit
727 1210 840 1232 eorum
863 1200 994 1246 opinio,
1016 1199 1071 1244 qui
1092 1196 1230 1231 formam
1256 1198 1382 1230 numeri
1408 1199 1441 1231 in

65 1244 175 1292 aliqua
184 1249 321 1281 entitate
330 1244 422 1280 rebus
435 1244 648 1281 succrescente
659 1247 879 1283 constituunt..
892 1256 932 1283 10.
941 1248 1031 1281 enim
1043 1248 1134 1281 omni
1148 1244 1272 1280 sublata
1293 1244 1443 1292 ejusmodi

66 1297 213 1338 entitate,
231 1295 343 1330 decern
356 1297 478 1330 nummi
491 1294 614 1343 semper
631 1307 722 1331 erunt
734 1297 855 1330 decem.

104 1351 136 1379 2⁰
164 1346 268 1379 Decas
282 1343 337 1378 illa
353 1343 422 1387 ,seu
434 1344 540 1379 forma
556 1344 678 1378 denarii
691 1347 814 1380 numeri
828 1357 894 1380 non
915 1346 1017 1392 magis
1036 1344 1078 1378 est
1089 1343 1244 1391 quiddam
1262 1342 1442 1376 distinctum

67 1391 88 1428 ὲ
99 1391 211 1426 decem
229 1395 379 1435 nummis,
394 1405 493 1440 quam
506 1392 524 1427 ὲ
534 1392 648 1426 decem
662 1393 802 1442 Angelis.
825 1396 975 1428 Fatentur
987 1404 1094 1428 autem
1105 1405 1274 1427 numerum
1292 1393 1324 1425 in
1341 1390 1439 1425 rebus

69 1443 208 1475 materiae
223 1440 407 1489 expertibus
418 1454 482 1475 non
497 1439 556 1475 esse
572 1442 720 1476 accidens
744 1442 909 1488 quoddam
932 1440 1038 1484 reale,
1055 1452 1110 1475 aut
1131 1453 1251 1474 novam
1271 1443 1442 1474 entitatem

70 1487 165 1522 rebus
182 1487 251 1535 ipsis
269 1489 530 1523 additam-Hinc
546 1501 712 1523 numerum
736 1489 836 1523 alium
853 1487 914 1522 esse
928 1488 1044 1523 volunt
1057 1487 1346 1529 transcendentem,
1361 1500 1443 1533 qua-

70 1535 108 1570 lis
119 1535 162 1569 est
181 1537 213 1570 in
226 1536 357 1583 Angelis
369 1562 379 1578 ‚
393 1534 492 1570 alium
510 1538 725 1583 categoricum
737 1564 747 1577 ,
764 1538 870 1583 quiex
884 1534 1037 1569 divisione
1047 1538 1184 1570 materiae
1199 1538 1298 1569 oritur
1312 1564 1320 1577 ,
1338 1540 1371 1571 &
1400 1548 1443 1569 re-

72 1583 131 1618 bus
149 1582 251 1618 divifis
273 1584 403 1619 advenit
419 1598 440 1620 ι
452 1597 523 1631 quae
540 1583 613 1618 sane
630 1583 650 1618 ὲ
665 1585 751 1618 reeta
769 1582 1016 1631 philosophandi
1041 1587 1166 1617 ratione
1197 1585 1348 1618 videntur
1365 1584 1444 1618 alie-

72 1644 123 1668 na.
151 1633 259 1666 Primo
283 1634 370 1666 enim
384 1640 434 1667 tot
445 1635 596 1667 entitates
614 1634 693 1666 citra
707 1631 828 1668 nullam
844 1629 1064 1666 neceffitatem
1086 1631 1200 1666 frustra
1220 1632 1444 1679 multiplicant.

72 1688 115 1718 2⁰.
134 1681 224 1715 Idem
234 1676 380 1716 accidens
394 1692 466 1724 ,aut
478 1681 593 1717 eadem
602 1683 719 1715 entitas
734 1678 861 1716 divetfis
878 1678 1025 1728 subjeffls
1041 1685 1074 1716 &
1086 1679 1158 1715 loco
1171 1681 1333 1728 disjunffls
1349 1680 1445 1716 inellc

73 1742 142 1765 non
157 1729 274 1777 potest.
602 1771 605 1773 ‚

117 1780 230 1823 Qare
250 1778 358 1812 media
375 1779 461 1812 inter
484 1777 644 1826 oppositas
661 1807 670 1820 ‚
686 1789 790 1824 eaque
807 1779 927 1812 rationi
941 1778 1078 1812 omnino
1094 1775 1310 1811 consentanea
1328 1779 1446 1812 tuenda

75 1827 118 1861 est
129 1827 296 1869 sententia,
312 1838 476 1861 numerum
487 1827 641 1861 videlicet
653 1825 713 1861 effe
721 1828 853 1862 nemine
871 1828 1036 1873 cogitante
1053 1854 1061 1868 ,
1081 1838 1140 1861 nec
1155 1823 1232 1872 fingi
1244 1826 1264 1859 ἐι
1277 1824 1383 1868 nobis,
1396 1826 1447 1860 sed

76 1877 218 1922 inquiri,
231 1887 286 1909 aut
298 1876 432 1908 inveniri
444 1892 453 1918 3
466 1887 570 1921 neque
588 1888 663 1909 eum
684 1886 792 1917 tamen
807 1874 972 1921 quoddam
993 1872 1054 1908 esse
1069 1873 1216 1908 accidens
1236 1873 1253 1908 a
1276 1873 1368 1907 rebus
1388 1887 1447 1908 nu-

78 1925 206 1958 meratis
219 1923 401 1958 distinetum
415 1941 424 1967 ·‚
436 1922 486 1957 sed
502 1923 580 1958 nihil
595 1920 655 1958 esse
665 1921 722 1958 nisi
730 1934 852 1957 certam
865 1925 1025 1956 unitatum
1040 1921 1267 1957 colleffionem
1280 1950 1289 1964 ‚
1305 1921 1357 1955 vel
1368 1923 1448 1959 mul.

79 1973 260 2008 titudinem.
275 1973 361 2007 Cum
378 1983 489 2006 autem
503 1974 607 2006 unitas
626 1971 646 2006 ὲ
658 1984 692 2006 re
705 1971 769 2019 ipsa
781 1984 849 2006 non
861 1969 896 2005 sit
912 1971 1056 2006 distinet-1
1065 1999 1075 2014 ‚
1086 1976 1118 2006 δε
1129 1983 1177 2004 res
1190 1982 1322 2017 quaeque
1336 1968 1372 2005 sit
1385 1983 1449 2005 una

80 2022 210 2056 nemine
223 2023 389 2069 cogitante
399 2048 408 2062 ,
425 2020 465 2055 sic
476 2023 635 2055 unitatum
645 2019 812 2063 collectio,
827 2031 882 2054 aut
900 2032 1050 2054 numerus
1062 2033 1129 2055 non
1141 2020 1183 2053 est
1195 2020 1347 2066 quiddam
1366 2019 1386 2054 ἐι
1398 2031 1448 2053 re-

81 2067 140 2103 bus
156 2067 224 2117 ipsis
239 2069 425 2118 sejuntstum.
440 2072 513 2106 Nec
526 2080 636 2105 tamen
646 2069 689 2102 est
703 2069 867 2115 quoddam
885 2067 1079 2117 figmentum
1089 2067 1281 2110 hireneum,
1298 2079 1333 2101 ur
1343 2068 1449 2102 osten-

80 2116 145 2152 sum
155 2117 215 2152 fuit
234 2121 346 2165 Itaque
359 2130 506 2153 numerus
519 2147 528 2161 ,
540 2130 577 2152 ut
594 2116 707 2152 definit
720 2117 863 2153 Euclides
879 2146 888 2161 ‚
904 2117 984 2152 nihil
1002 2118 1048 2151 est
1065 2116 1119 2152 nisi
1135 2116 1306 2150 multitudo
1323 2116 1446 2151 mensu-

82 2177 151 2200 rata
168 2178 225 2213 per
235 2179 343 2202 unum.
356 2169 407 2201 Sic
417 2169 637 2214 quaternarius
647 2167 690 2201 est
702 2178 851 2201 numerus
865 2179 966 2213 quem
981 2169 1083 2201 unitas
1103 2177 1213 2213 quater
1229 2168 1367 2213 repetita
1382 2165 1451 2201 effi-

86 2225 130 2247 cit
141 2242 150 2257 ,
166 2226 219 2250 aut
232 2218 371 2252 metitur.

123 2264 211 2308 Opp.
229 2263 403 2313 Objedhim
416 2263 553 2299 scientiae
565 2278 662 2301 unum
674 2264 837 2311 quoddam
853 2263 995 2307 effe,non
1010 2273 1215 2311 aggregatum
1229 2273 1284 2308 per
1293 2262 1452 2298 accidens:

87 2309 140 2343 sed
155 2311 364 2346 Arithmetica
377 2314 419 2347 est
428 2312 556 2348 scientia
566 2327 634 2359 quae
646 2315 727 2347 circa
739 2325 908 2348 numerum
923 2311 1064 2347 versatur
1077 2324 1084 2345 ε
1105 2323 1180 2358 ergo
1205 2322 1350 2345 numerus
1367 2311 1455 2345 aliud·

87 2357 239 2405 quiddam
251 2360 291 2392 est
303 2372 414 2407 praetet
426 2373 474 2396 tes
494 2362 575 2412 ipsas
586 2373 776 2399 numeratas.
791 2360 862 2400 Ubi
873 2363 960 2397 enim
975 2372 1024 2396 tot
1036 2371 1241 2395 numerorum
1264 2359 1453 2394 affectiones

232 2409 322 2444 Tom.
343 2411 371 2445 I.
1274 2411 1306 2443 R
