1857 2745
463 154 878 194 TRACTATUS
919 158 1147 195 PRIMUS.
1446 172 1482 194 vi

130 203 247 243 Unum
263 207 388 255 opume
399 203 551 241 definitur
563 207 652 253 quod
668 206 711 240 est
727 206 896 242 indivisum
909 209 941 243 in
959 207 1003 251 se,
1018 212 1052 244 &
1066 205 1204 242 divisum
1217 205 1236 242 a
1249 204 1397 253 quolibet
1407 172 1483 244 allo.

95 254 184 291 Nam
194 265 229 289 ut
239 267 289 290 res
306 254 414 302 aliqua
431 253 467 289 fit
480 267 560 298 una,
570 256 712 302 primum
726 255 849 291 necesse
859 257 903 291 est
911 268 946 291 ut
959 269 1024 291 non
1036 255 1072 297 sit
1092 255 1193 290 divisa
1203 258 1234 291 in
1247 255 1278 289 se
1292 283 1302 298 ,
1322 254 1407 289 secus
1418 268 1485 290 non

93 313 154 338 una
167 306 228 338 erit
241 333 251 347 ,
277 303 327 339 sed
344 303 523 352 multiplex·
560 302 628 340 Etsi
645 306 731 339 enim
752 317 800 341 res
822 317 894 352 quae
912 317 975 340 una
987 305 1031 339 est
1050 330 1072 350 ‚-
1092 304 1195 340 dividi
1213 303 1308 352 poffit
1326 306 1357 338 in
1379 315 1486 351 partes

96 356 116 397 (
125 365 200 387 nam
220 352 322 388 homo
336 365 415 389 unus
428 353 492 396 est,
515 355 572 399 qui
589 355 622 388 in
638 353 806 397 membra,
831 359 866 391 &
885 365 989 402 partes
1013 352 1108 388 secari
1127 354 1256 401 potest)
1284 367 1293 388 z
1312 352 1365 386 sed
1383 353 1486 387 dividi

95 410 205 436 tamen
224 413 290 437 non
306 402 408 450 potest
433 404 466 437 i'n
485 400 748 450 partesejusdeni
767 405 901 438 rationis
916 402 997 446 ‚xseu
1015 404 1048 437 in
1067 402 1170 450 plures
1186 402 1349 436 homines.
1371 404 1485 436 Petrus

93 461 127 485 v.
135 462 189 498 gr.
203 451 249 484 est
265 450 383 485 divisus
393 450 413 485 ἐι
425 463 623 498 quocunque>
633 451 698 484 alio
715 467 724 494 3
742 464 839 500 negat
857 454 945 487 enirn
960 461 1057 486 omne
1067 450 1154 485 aliud
1169 449 1230 486 else
1240 460 1356 499 praeter
1374 449 1462 485 suum
1476 468 1485 494 3

93 502 128 534 δι
145 498 229 534 nihil
253 499 340 535 aliud
364 500 407 534 est
428 498 528 548 quani
546 500 635 547 quod
660 499 726 548 ipse
740 501 783 535 est
807 518 816 545 3
841 503 953 536 omnia
970 501 1102 535 denium
1125 512 1237 548 praetcr
1259 497 1391 548 seipsum
1427 512 1482 534 ex-

95 545 204 584 cludit.
345 546 348 548 ’
523 592 527 594 v

133 594 225 633 Hinc
238 596 340 632 multa
357 599 457 645 quaeri
471 595 574 632 solent
589 609 660 644 quae
673 597 818 632 breviter
832 598 1046 634 decurremus,
1071 613 1092 634 i.
1107 599 1228 634 Utrum
1250 601 1332 644 prius
1361 600 1393 632 in
1414 610 1480 634 uno

93 648 318 695 concipiatur,
343 647 432 693 quod
443 645 478 681 lit
495 645 637 691 divisum,
650 646 725 681 inse
737 676 746 690 ,
772 659 812 682 an
832 648 920 694 quod
940 646 982 682 ab
1000 650 1093 683 omni
1108 647 1172 681 alio
1187 647 1360 682 dividatur.

144 695 231 745 Resp.
243 696 360 732 Unum
371 694 413 729 ab
431 695 537 730 altero
555 707 596 730 ne
616 697 815 744 cogitatione
834 697 965 743 quidem
981 696 1095 731 divelli
1115 693 1199 743 fosse
1215 709 1222 731 :
1241 708 1339 730 unum
1361 698 1485 744 quippe

92 744 235 780 excludit
245 747 278 779 in
293 742 348 779 suo
360 755 519 792 conceptu
529 757 660 779 omnem
671 744 923 779 multitudinem.
943 748 1032 781 Nam
1054 744 1075 780 si
1100 747 1171 792 quis
1198 743 1312 779 afferat
1328 757 1396 779 rem
1424 745 1485 779 ali-

92 805 191 840 quam
210 792 271 829 effe
285 805 382 830 unam
395 821 404 837 ‚
429 792 462 827 id
472 805 538 828 non
548 792 913 838 alirerdemonstrabit,
929 794 1027 842 quam
1045 794 1248 829 ostendendo
1263 805 1335 828 cani
1352 806 1417 828 non
1436 793 1484 828 es-

92 842 125 878 se
140 842 379 890 multiplicem.-
684 884 692 889 ,
892 885 895 888 ,
1101 884 1104 887 Δ

125 893 160 927 Si
172 904 310 940 quaeram
328 889 370 925 ab
381 889 490 940 aliquo
508 903 547 926 an
563 889 645 926 solus
657 890 692 926 sit
704 893 736 927 in
752 891 904 927 cubiculo
916 919 926 934 ,
941 894 965 926 is
982 903 1018 927 ut
1033 891 1113 926 mihi
1135 891 1323 939 persuadeat
1347 904 1416 926 rem
1439 894 1486 926 ira

93 938 156 975 effe
168 969 178 983 ,
204 941 307 975 statim
325 939 552 988 respondebit,
577 941 609 974 in
621 939 772 975 cubiculo
784 952 899 989 praeter
920 940 949 974 se
965 940 1025 976 esse
1042 942 1209 975 neminem
1225 952 1232 974 ε
1259 952 1366 984 neque
1387 939 1481 975 aliter

93 986 452 1037 omnespropofitiones
466 986 627 1023 exclusivae
640 988 849 1024 resolvuntur.
878 988 956 1025 Ursi
967 989 1096 1032 dixero,
1108 992 1210 1025 Deus
1226 988 1306 1024 solus
1326 989 1368 1024 cst
1389 999 1483 1024 :eter-

92 1050 153 1073 nus
168 1066 178 1080 ‚
202 1038 264 1073 hoc
277 1038 321 1072 est
332 1067 340 1081 ‚
352 1050 452 1072 nemo
472 1037 551 1072 alius
566 1049 679 1084 praeter
692 1041 800 1072 Deum
810 1038 853 1072 est
861 1049 1023 1074 memus,-

127 1087 305 1121 Fatendum
326 1097 435 1121 tamen
455 1087 498 1120 est
511 1088 598 1132 prius
611 1087 860 1132 quodaminodo
871 1098 939 1119 reni
955 1088 987 1120 in
1002 1086 1032 1120 se
1052 1085 1221 1120 indivisam
1237 1087 1484 1134 concipi,quani

92 1134 228 1170 divisam
244 1133 287 1169 ab
304 1134 456 1169 omnibus
470 1135 559 1169 aliis:
573 1146 646 1168 cum
658 1136 745 1181 prior
761 1146 936 1181 conceptus
949 1132 984 1168 fit
999 1132 1159 1168 absolutus
1176 1163 1185 1178 ,
1204 1135 1365 1183 posterior
1391 1148 1482 1171 coni-

90 1186 293 1234 parationem
303 1184 466 1230 quandam
481 1212 491 1226 ,
510 1194 564 1217 aut
586 1182 778 1217 relationem
789 1183 956 1218 includan-

129 1236 191 1270 Ens
209 1232 264 1268 vel
281 1233 323 1267 est
333 1231 486 1281 simplex,
505 1231 559 1266 vel
570 1230 781 1280 compositum
803 1245 810 1266 :
825 1240 895 1266 ‘ens
912 1228 1042 1278 simplex
1054 1243 1154 1266 unum
1172 1232 1217 1266 est
1232 1234 1305 1267 aeui
1324 1238 1357 1270 &
1370 1245 1500 1280 poten--

92 1285 157 1326 tia3
172 1295 245 1317 com
270 1280 384 1316 ositum
397 1291 498 1316 unum
508 1280 555 1314 est
568 1282 662 1324 astu,
681 1293 842 1328 quatenus
864 1280 1009 1328 partibus
1034 1280 1159 1315 constat
1183 1280 1239 1315 fibi
1266 1294 1382 1317 mutuo
1401 1295 1483 1317 con-

90 1333 206 1381 junctis
219 1360 228 1374 ,
251 1331 290 1365 ed
305 1329 476 1377 multiplex
491 1330 537 1363 est
573 1331 712 1367 otentia.
728 1329 830 1376 Qod
844 1328 980 1378 fi'partes
989 1326 1048 1363 suit
1065 1328 1173 1363 divise
1184 1359 1192 1372 ,
1211 1342 1280 1364 tuni
1300 1343 1358 1365 nec
1374 1334 1482 1365 unita-

92 1392 160 1416 tem
172 1378 292 1422 habet,
317 1391 375 1414 nec
387 1377 458 1414 esse.
477 1381 603 1413 Verum
613 1376 663 1412 liic
673 1381 801 1426 gravior
813 1378 945 1425 qurestio
956 1376 1126 1420 suboritur,
1143 1379 1220 1424 quid
1232 1382 1301 1413 enti
1315 1379 1368 1427 ipsi
1379 1393 1480 1414 unum

91 1430 210 1472 addat,
226 1439 266 1463 an
281 1426 452 1475 positivum
471 1427 567 1474 quid,
593 1438 636 1461 an
657 1425 756 1461 solam
768 1428 990 1475 negationem
1006 1452 1016 1468 ‚
1042 1430 1077 1461 ὃ(
1100 1428 1132 1460 in
1157 1438 1222 1473 quo
1246 1432 1375 1476 proprie
1394 1431 1478 1464 ratio

91 1480 221 1515 unitati-s
233 1475 391 1513 consistat.
404 1477 454 1511 Sit
464 1479 575 1523 itaque
590 1484 592 1486 ’

647 1520 759 1558 Unica
778 1522 807 1555 C
808 1523 974 1570 onclusto‚··

128 1627 250 1662 Unitas
265 1618 348 1662 nihil
360 1623 531 1675 positivum
542 1623 630 1658 addit
642 1624 731 1667 enti,
751 1622 800 1658 sed
817 1623 915 1659 solani
935 1626 1143 1674 negationem
1157 1624 1351 1660 divisionis.³

127 1675 223 1712 Proh.
237 1676 332 1711 concl.
346 1677 379 1710 Si
394 1676 499 1709 unitas
521 1673 674 1719 quiddam
703 1672 874 1721 positivum
895 1676 963 1709 enti
984 1675 1136 1718 adderet,
1155 1673 1231 1708 illud
1250 1676 1363 1720 utique
1380 1683 1497 1710 unum*v

12 1722 15 1736 ¹
48 1724 55 1726 ‚
92 1720 189 1768 effer,
206 1725 304 1771 idque
339 1731 372 1758 e'r
383 1723 469 1758 aliud
483 1722 675 1770 pofitivuni',
686 1727 720 1767 ὃς
734 1720 774 1756 fic
791 1735 839 1757 res
852 1722 1000 1758 abiretin
1013 1722 1187 1758 infinitum.
1204 1725 1287 1771 Ergo
1310 1734 1408 1757 urium
1430 1727 1477 1757 ni·
1490 1742 1497 1746 ·

92 1774 139 1809 hil
152 1772 278 1822 positivi
291 1792 299 1816 -‚
313 1737 364 1807 sed
379 1774 587 1820 negationem
600 1769 728 1806 tantum
739 1771 900 1807 divisionis
912 1784 1026 1820 praeter
1036 1784 1092 1807 ens
1103 1771 1204 1820 ipsum
1215 1770 1352 1805 includit
1365 1784 1373 1806 :
1389 1772 1478 1817 quod
1491 1768 1494 1793 2

91 1821 210 1858 scilicet
219 1835 284 1857 non
298 1820 391 1869 poffit
399 1821 499 1854 dividi
510 1819 615 1855 in'alia
625 1819 762 1867 ejusdem
771 1823 920 1864 rationis,
941 1827 973 1857 δε
994 1822 1084 1867 quod
1098 1821 1178 1856 nihil
1196 1820 1281 1854 aliud
1300 1819 1354 1862 fit,
1377 1820 1478 1865 quarn

92 1871 227 1920 ‘idipsum
238 1871 328 1918 'quod
341 1871 383 1906 est
398 1887 407 1912 ·,
420 1870 519 1917 idque
536 1881 594 1917 pto
619 1870 663 1902 rie
676 1868 723 1903 eff
740 1869 842 1903 dividi
858 1869 900 1903 ab
913 1869 1063 1905 omnibus
1078 1870 1166 1913 aliis·‚
1191 1869 1254 1904 hoc
1268 1869 1405 1904 vero‘est
1420 1881 1496 1903 ne·-

91 1933 167 1969 gare
176 1933 275 1956 omne
284 1919 371 1954 aliud
387 1917 447 1953 else
459 1929 570 1966 praeter
596 1929 691 1960 uuni‘,
713 1915 766 1951 seu
779 1918 841 1952 alia
858 1921 968 1953 onmia
983 1918 1164 1953 excludere.
1178 1940 1180 1943 v
1214 1960 1215 1964 Ἰ

128 1967 277 2014 ζ’ὸηῇνφη.
290 1966 393 2005 Pofita
408 1967 467 2002 hac
481 1968 656 2015 negatione
669 1965 831 2002 divisionis
844 1995 854 2009 ‚
882 1980 979 2002 unum
998 1967 1102 2002 statim
1120 1965 1333 2014 intelligiturff.
1354 1964 1493 2001 sublata·

91 2020 269 2066 negatione
282 2047 291 2060 ‚
308 2022 376 2065 jam
385 2015 472 2052 nulla
481 2017 672 2064 concipitur*
681 2017 795 2052 unitas.
818 2018 900 2065 Ergo
911 2019 943 2052 in
956 2015 1011 2051 illa
1024 2018 1198 2065 negatione
1217 2013 1476 2057 divifioiiis‚ratio
1491 2026 1495 2034 ¹

92 2069 224 2103 unitatis
239 2065 410 2114 posita-est:
429 2066 513 2100 adeo
526 2076 561 2099 ut
572 2077 672 2099 unum
691 2066 726 2100 in
739 2067 830 2102 resto
843 2095 852 2108 ‚
868 2077 904 2100 ut
925 2067 1033 2108 aiunt,
1055 2077 1111 2100 ens
1136 2064 1237 2113 ipsum
1258 2062 1399 2098 includat
1417 2080 1425 2106 ·‚
1444 2066 1477 2098 in
1492 2074 1494 2079 ·

93 2114 231 2162 obliquo
247 2114 407 2150 divisionis
421 2116 643 2162 negationem:
664 2112 789 2149 Contra
808 2117 910 2149 unitas
926 2117 966 2150 *in
986 2115 1077 2150 recto
1090 2116 1299 2162 negationem
1315 2110 1477 2146 divisionis

95 2164 236 2200 involvit
248 2165 317 2200 :Jest
331 2167 416 2198 enirn
428 2161 578 2209 indivisio
597 2164 701 2207 entis;
721 2165 756 2198 in
771 2162 910 2211 obliquo
935 2176 991 2198 ens
1009 2162 1109 2211 ipfiim
1126 2162 1269 2198 includit.
1292 2160 1392 2196 Unde
1409 2173 1477 2196 non
1488 2170 1495 2188 ·.

94 2213 201 2246 unitas
213 2241 223 2255 ‚
246 2210 296 2247 sed
307 2222 407 2247 urium
424 2212 469 2246 est
477 2215 560 2247 entis
571 2213 750 2260 proptietas
762 2240 772 2254 ‚
782 2220 899 2259 -neqiie
911 2214 999 2247 enim
1013 2213 1145 2247 dicimus
1162 2223 1217 2245 ens
1228 2208 1288 2244 effe
1302 2210 1494 2252 unitatem3-

95 2259 270 2296 sedunum.
279 2260 526 2308 -Atqae‘eadern
538 2262 664 2296 ratione
675 2259 805 2309 probari
815 2261 919 2309 potest
931 2273 1044 2295 verum
1058 2267 1091 2297 ὃς
1111 2259 1236 2295 bonum
1249 2258 1328 2293 nihil
1339 2258 1408 2292 enti
1417 2259 1475 2292 ad-

97 2309 173 2344 dere
185 2320 296 2358 praeter
305 2312 513 2357 negationem
525 2322 535 2354 ³,
555 2318 611 2345 aut
626 2309 666 2344 ad
680 2308 835 2344 summum
860 2309 1052 2345 relationem
1066 2309 1239 2357 quandam.
1252 2331 1256 2335 —

116 2401 119 2404 ,
134 2359 220 2407 Opp.
233 2359 320 2393 Entis
331 2357 425 2392 realis
435 2362 609 2407 proprietas
620 2359 662 2393 est
671 2359 748 2405 quid
758 2357 845 2394 reale
858 2366 871 2402 ',
897 2363 930 2396 ὅ(
939 2357 1112 2407 positivum
1125 2373 1132 2394 :
1152 2356 1203 2392 sed
1221 2367 1318 2391 unuin
1334 2356 1383 2390 est
1400 2368 1470 2390 rea„

96 2406 134 2445 lis
154 2409 332 2457 proprietas
356 2408 440 2443 entis
460 2421 468 2444 :
491 2420 569 2457 ergo
588 2406 711 2445 insola
731 2409 905 2457 negatione
935 2420 1002 2445 non
1031 2406 1183 2454 consistit·
1212 2407 1302 2440 Ideni
1320 2405 1383 2440 dici
1412 2418 1473 2452 po-

1156 2457 1222 2493 N·n
1236 2469 1256 2490 n
1289 2457 1323 2501 ij‘
