1857 2745
359 147 422 180 590
822 128 1296 165 METAPHYSICAE

359 183 427 217 suos
441 182 528 215 aetus
540 176 912 227 rcfle&ipoffint‚quod
926 179 1027 212 iinon
1047 177 1106 212 fint
1118 176 1288 214 sensibiles.
1316 181 1372 214 Vis
1400 182 1512 227 itaque
1529 180 1584 215 illa
1611 193 1675 230 qua
1695 195 1744 220 ree

358 233 456 265 etim]
479 240 650 275 corporeas
662 256 670 269 ‚
690 233 724 264 &
747 239 857 261 earum
878 228 1020 261 rationes
1034 254 1043 269 ‚
1062 226 1320 275 contemplamur
1337 257 1347 271 ,
1361 240 1427 275 qua
1441 228 1506 276 ipsa
1523 229 1745 277 phantasmata

357 278 564 325 expendimus
576 305 584 319 ‚
596 276 657 310 alia
670 288 708 310 ex
728 278 763 309 iis
780 275 941 324 seligimus
963 304 973 319 ‚
998 275 1062 310 alia
1080 278 1253 324 rejicimus,
1272 279 1362 311 omni
1387 275 1495 321 sensu,
1513 290 1569 312 aut
1587 278 1743 317 facultate

355 337 509 374 corporea
523 325 664 374 superior
680 324 735 359 est.
749 325 850 374 Qd
874 323 896 359 fi
914 337 992 375 ergo
1007 324 1114 373 aliqua
1135 323 1173 359 fit
1198 327 1284 360 inter
1307 325 1496 361 facultatem
1518 332 1553 364 &
1576 327 1743 378 objezfffflm

354 378 507 424 coguatio
517 405 525 419 ‚
537 387 634 421 quam
655 373 716 408 else-
732 377 907 410 maximam
918 373 1039 409 neceffe
1052 373 1102 408 est
1111 402 1121 417 ,
1131 386 1205 410 curn
1220 377 1366 409 animum
1378 378 1412 410 in
1423 388 1474 410 res
1487 388 1619 411 aeternas
1633 383 1667 415 &
1678 378 1743 427 spi-

354 424 461 459 ritules
481 424 681 458 intendamus
694 452 703 466 ‚
718 424 807 457 teoce
822 422 1002 470 colligimus
1013 435 1086 458 cum
1100 422 1233 458 Platone
1242 426 1278 459 in
1293 424 1452 460 Phaedone
1469 454 1478 468 ‚
1496 438 1565 459 eum
1581 427 1742 463 immorta—

353 476 379 507 li
392 471 613 521 ‚intelllgibici
628 473 789 518 ,unifhrmi
802 499 811 511 ,
824 471 862 506 ὠ
879 474 983 506 eodem
1001 473 1136 517 modost¹
1154 471 1283 507 habenti
1301 472 1502 518 <ffestmilem.

388 532 417 567 3³³
441 523 474 555 id
492 524 593 556 etiam
614 521 688 556 hinc
705 520 900 555 demonstrat
914 521 1027 564 Plato,
1049 521 1137 569 quod
1147 521 1287 568 quandiu
1302 520 1389 556 simul
1408 521 1479 557 sunt
1490 524 1597 557 anima
1613 528 1647 560 &
1666 537 1740 562 cor-

351 584 427 619 pus,
446 571 509 606 hoc
526 571 658 618 quidem
675 569 791 604 servire
810 575 843 606 &
862 569 983 605 subesse
1006 582 1117 605 natura
1129 568 1244 618 'jubeat
1256 598 1268 613 ,
1286 570 1377 605 illam
1397 583 1477 606 vero
1495 570 1623 619 praecffe
1642 585 1741 622 atque

350 621 512 654 dominari
528 634 535 655 :
549 619 693 667 spiritalis
705 620 789 654 adeo
808 619 854 654 est
870 630 981 654 natura
993 632 1062 667 quae
1077 619 1185 668 praeest
1201 624 1235 655 ὃ(
1249 621 1356 662 ducit,
1376 631 1410 654 ut
1425 621 1564 654 mortale
1582 621 1629 655 est
1649 625 1739 670 quod

349 668 510 717 subjicitur
525 675 556 705 δε
567 668 663 703 servit
677 683 684 704 :
701 680 762 703 nec
782 667 851 703 fieri
869 669 971 718 posset
992 680 1026 703 ut
1042 667 1418 718 perturbationumaestus
1431 672 1555 705 animus
1565 673 1739 718 co'c'rceret,

349 716 405 752 nili
415 718 569 765 quiddam
588 715 665 751 ess'et
680 720 768 752 omni
780 729 916 766 corpore
928 718 1137 766 praestantius.

392 778 431 813 4⁰
456 780 523 801 non
537 779 574 802 ex
584 768 771 814 cognitione
784 768 884 811 modo
905 767 1086 809 animi,sed
1100 767 1199 802 etiam
1215 778 1254 801 ex
1279 764 1370 815 ipsius
1399 765 1572 802 voluntatis
1595 768 1738 804 astioni-

347 814 405 850 bus
416 832 424 846 ν
437 818 578 850 animum
597 815 783 864 spintalem,
800 827 900 864 atque
914 816 996 851 adeo
1008 818 1228 863 incorruptum
1237 814 1298 849 esse
1309 815 1502 864 colligimus.
1530 817 1622 863 Qid
1649 820 1737 854 enim

344 875 468 898 amatur
484 867 517 899 in
539 868 646 900 amico
656 894 665 907 ‚
678 866 816 906 animm,
830 876 872 900 an
884 866 1021 914 corpus?
1036 865 1129 899 Fides
1139 893 1148 907 ,
1160 864 1396 900 benevolentia
1410 893 1419 907 ‚
1433 867 1531 899 virtus
1554 864 1618 912 ipsa
1637 868 1670 900 in
1693 880 1735 902 eo

345 913 494 962 diligitur.
529 914 619 961 Qgia'
635 915 667 947 in
697 914 844 951 Sanc‘lis,
871 926 905 949 ut
928 914 1045 962 pulche
1079 914 1269 961 Augustinus
1291 913 1381 946 trust.
1402 928 1425 958 3.
1444 916 1475 947 in
1492 915 1579 960 joan.
1597 916 1678 960 quid
1701 919 1737 951 in

344 961 560 1009 Martyribus
580 975 724 996 amamus
737 989 745 1000 ‚
763 961 905 996 membra
915 965 1043 996 laniata
1052 961 1153 1007 lzferis
1166 963 1180 993 ?
1195 961 1283 1008 Qid
1292 961 1406 1001 foedms
1419 990 1428 1000 ‚
1437 962 1469 1007 fi
1477 963 1580 996 oculos
1603 966 1710 999 carnis
1724 993 1736 1009 ,

348 1012 429 1056 quid
439 1011 606 1058 pulchrius
616 1040 623 1050 ,
632 1012 663 1056 fi
674 1011 778 1045 oculos
795 1014 909 1045 mentis
924 1013 1099 1059 interroges
1109 1014 1123 1043 ?
1145 1010 1236 1056 Qid
1247 1009 1306 1044 tibi
1317 1010 1451 1045 videtur
1468 1011 1642 1056 adolesc'ens
1655 1014 1734 1060 pul..

344 1059 626 1105 cherrimus,fur?
646 1060 808 1102 Quomodo
827 1059 957 1094 horrent
979 1062 1061 1095 oculi
1073 1063 1122 1094 tm·
1136 1063 1150 1092 ἓ
1169 1062 1252 1093 Cum
1278 1060 1372 1093 audis
1388 1063 1468 1106 quia
1480 1060 1546 1105 fur
1563 1060 1604 1105 est
1617 1088 1627 1103 ,
1636 1062 1734 1110 fugis

343 1106 498 1141 hominem
512 1112 627 1144 animo.
643 1110 742 1143 Vides
753 1109 870 1142 exalia
882 1119 976 1157 parte
977 1111 1084 1156 finem
1097 1121 1233 1144 curvum
1247 1137 1254 1147 ,
1268 1106 1378 1142 baculo
1397 1112 1585 1142 innitentem
1597 1137 1607 1152 ‚
1621 1115 1686 1144 vix
1698 1112 1731 1149 se

343 1167 520 1190 moventem
542 1186 551 1200 ‚
579 1160 670 1205 rugis
691 1157 907 1203 undequaque
931 1169 1102 1192 exaratum
1116 1173 1127 1191 .·
1141 1159 1224 1204 quid
1237 1157 1330 1191 vides
1341 1184 1350 1195 ‚
1366 1159 1451 1202 quod
1467 1159 1569 1191 oculos
1583 1158 1732 1192 deleHet?

342 1204 455 1240 Audis
469 1208 547 1252 quia
554 1206 656 1252 justus
666 1205 718 1251 est,
730 1217 819 1240 amas
833 1232 844 1248 ,
858 1206 1063 1255 amplefferis.
1073 1209 1115 1242 Ex
1130 1205 1245 1254 quibus
1267 1204 1340 1240 stine
1351 1203 1492 1240 efficitur
1509 1208 1652 1242 animum
1665 1220 1733 1244 non

336 1254 440 1288 modo
456 1258 623 1303 percipere
635 1285 643 1298 ‚
653 1256 705 1290 sed
722 1257 822 1289 etiam
833 1265 983 1303 expetere
998 1267 1046 1290 res
1056 1257 1193 1290 omnino
1209 1255 1362 1304 spiritales
1375 1283 1385 1298 ‚
1403 1268 1540 1303 eumque
1553 1253 1613 1290 else
1636 1259 1729 1293 omni

341 1313 477 1351 corpore
492 1306 753 1352 praestantiorem.

378 1366 398 1398 5·
428 1365 494 1386 non
511 1353 597 1387 aliua!⁴
624 1354 756 1388 molitur
773 1354 899 1386 animus
912 1380 921 1394 ‚
948 1350 1000 1385 seu
1016 1354 1047 1386 in
1065 1351 1346 1399 contemplatione
1359 1351 1532 1394 rerum‚seu
1545 1356 1577 1388 in
1596 1355 1727 1395 afflone

340 1399 498 1444 versetur,
520 1402 618 1448 quoin
633 1401 802 1450 disponere
814 1429 823 1443 ‚
836 1411 936 1446 atque
953 1400 992 1434 ad
1005 1400 1151 1434 ordinem
1166 1401 1281 1435 cunQa
1293 1412 1448 1435 revocare
1462 1414 1470 1435 :
1487 1400 1569 1436 adeo
1583 1415 1619 1438 ut
1643 1407 1727 1440 ratio

338 1447 401 1496 ipsa
414 1449 496 1484 nihil
519 1451 605 1485 aliud
625 1463 722 1497 quam
737 1450 818 1484 ordo
830 1449 963 1496 quidam
985 1455 1019 1486 ὃς
1034 1449 1182 1484 constans
1200 1450 1289 1484 velut
1306 1451 1474 1498 proportio
1485 1478 1494 1492 ‚
1510 1462 1617 1486 rerum
1633 1453 1728 1488 deni-

337 1510 401 1545 que
415 1498 502 1545 quasi
518 1499 699 1534 universalis
711 1496 857 1534 mensura
869 1496 930 1532 cffc
940 1498 1099 1534 videatur.
1115 1500 1214 1533 Hunc
1223 1499 1371 1533 ordinem
1382 1500 1415 1532 in
1430 1496 1521 1532 rebus
1533 1503 1658 1535 aeternis
1670 1513 1726 1537 aut

337 1545 357 1581 ὲι
366 1558 477 1581 natura
485 1552 550 1596 jam
562 1549 736 1584 constitutis
746 1549 830 1582 ratio
841 1559 907 1581 non
922 1546 1001 1581 facit
1013 1576 1021 1588 ,
1036 1546 1088 1582 sed
1101 1549 1229 1583 invenit
1243 1561 1250 1583 :
1265 1559 1315 1582 res
1331 1559 1414 1584 vero,
1424 1545 1482 1580 fibi
1495 1546 1652 1595 subjectas
1670 1562 1725 1584 or.

336 1595 445 1630 dinate
463 1596 622 1645 disponit,
636 1609 734 1646 atque
744 1599 777 1632 in
800 1596 861 1631 hac
872 1607 977 1631 rerum
987 1609 1062 1645 apta
1072 1596 1292 1632 collocatione
1305 1602 1337 1632 δε
1350 1595 1426 1639 usu,
1443 1599 1589 1631 omnium
1606 1601 1722 1635 artium

336 1643 458 1679 summa
474 1645 622 1682 consistit.
642 1650 725 1696 Ergo
735 1649 859 1681 animus
871 1647 927 1692 qui
945 1649 1028 1695 regit
1039 1658 1172 1694 corpora
1183 1674 1193 1688 ,
1205 1651 1237 1682 δε
1248 1657 1337 1680 tanta
1350 1656 1418 1679 arte
1436 1645 1574 1693 disponit
1583 1675 1592 1688 ,
1602 1650 1723 1695 quique

335 1694 485 1729 ordinem
503 1697 536 1729 in
555 1695 648 1730 rebus
665 1696 876 1732 constitutum
894 1698 1058 1730 examinat
1073 1725 1082 1738 ,
1095 1697 1186 1729 omni
1202 1706 1336 1742 corpore
1363 1692 1530 1728 sublimior
1555 1696 1722 1732 estzordi-

336 1754 411 1777 nem
422 1745 546 1792 quippe
557 1747 702 1793 accipere
714 1742 836 1792 potsunt
853 1755 989 1792 corpora
1001 1773 1010 1788 ‚
1028 1757 1093 1780 non
1114 1744 1189 1778 dare
1203 1758 1211 1780 :
1229 1744 1290 1778 hoc
1305 1745 1420 1790 utique
1439 1742 1604 1779 divinioris
1621 1744 1724 1794 cujuss-

334 1790 407 1825 ἀπιῇ
430 1804 547 1828 naturae
564 1807 678 1828 munus
698 1795 754 1830 est.
1702 1823 1704 1826 v

370 1843 412 1875 Ex
427 1841 472 1875 his
484 1843 595 1889 iraque
610 1840 751 1877 efficitur
763 1842 890 1892 physica
905 1841 1147 1876 demonstratio.
1161 1839 1216 1875 Illa
1235 1852 1345 1875 natura
1360 1842 1404 1875 cst
1418 1840 1576 1889 spiritalis,
1589 1842 1723 1876 immor-

335 1888 418 1932 talis,
432 1891 653 1939 independens
667 1892 686 1926 ἐι
699 1905 836 1940 corpore
849 1922 857 1934 ‚
869 1896 956 1938 cujus
975 1889 1158 1924 functiones
1182 1889 1251 1924 sunt
1264 1891 1376 1923 itidem
1396 1888 1549 1937 spiritales
1559 1917 1569 1931 ,
1583 1902 1720 1936 quaeque

332 1936 352 1970 ἐι
372 1951 507 1986 corpore
528 1953 594 1975 non
609 1943 765 1988 pendent.
785 1942 847 1976 Sed
865 1941 1073 1987 operationes
1087 1940 1203 1973 animae
1220 1938 1384 1973 rationalis
1404 1938 1473 1973 sunt
1488 1937 1640 1985 ejusmodi
1654 1966 1664 1980 ,
1682 1951 1719 1974 ut

331 1987 440 2021 multis
461 1992 654 2032 argumentis
679 1992 830 2025 evicimus
845 2005 853 2026 :
870 2002 943 2024 cum
956 1990 1118 2036 attingant
1136 1987 1303 2035 objerstum
1318 1986 1492 2022 univershle
1507 1991 1540 2022 &
1567 1989 1719 2020 immate-

331 2035 409 2069 riale
425 2065 434 2077 ,
451 2029 559 2071 Dcfum
572 2067 579 2079 ‚
593 2041 797 2074 &rationem
817 2039 934 2087 ipsam3
952 2050 1018 2072 non
1033 2040 1113 2071 item
1131 2035 1273 2071 sensuum
1298 2038 1503 2084 operationes
1518 2048 1527 2069 :
1548 2047 1623 2069 nam
1638 2034 1715 2071 vifio

329 2083 371 2116 ab
383 2083 515 2132 objec'io
529 2087 687 2120 materiali
706 2092 739 2123 &
757 2086 904 2133 singulari
922 2087 1057 2121 omnino
1075 2085 1317 2119 determinatur.

802 2128 810 2135 ι

367 2134 458 2180 Qin
476 2137 574 2169 etiam
589 2137 712 2170 animus
725 2137 865 2182 judicare
875 2148 941 2171 non
951 2132 1052 2181 posset
1065 2133 1106 2167 de
1122 2133 1218 2168 rebus
1237 2135 1414 2180 corporeis,
1433 2130 1454 2166 si
1469 2131 1532 2178 ipse
1548 2131 1625 2167 ess'et
1637 2145 1711 2167 cor.

327 2193 383 2227 pus
396 2211 407 2225 ,
424 2194 478 2216 aut
499 2185 576 2230 quid
598 2197 799 2233 corporeum.
819 2187 871 2219 Sic
886 2182 993 2218 oculus
1006 2182 1092 2217 flavo
1102 2194 1158 2216 aut
1180 2182 1246 2217 alio
1265 2181 1372 2216 colore
1391 2183 1507 2215 tinctus
1528 2210 1535 2223 ‚
1554 2180 1640 2215 flivo
1656 2183 1713 2216 iti-

328 2230 402 2264 dcun
415 2242 468 2265 aut
478 2232 543 2266 alio
554 2233 662 2267 colore
674 2235 776 2268 tincta
788 2235 881 2268 videt
892 2232 1135 2280 objecta3atque
1153 2244 1187 2266 ut
1200 2234 1245 2264 ait
1263 2229 1552 2275 Aristoteli-&quoni
1570 2233 1653 2264 intus
1669 2231 1714 2265 est:

328 2281 361 2313 in
380 2293 502 2324 organo
520 2281 648 2327 aliciuus
659 2281 760 2317 sensus
775 2312 784 2326 ‚
801 2283 940 2318 aliorum
959 2283 1181 2328 cognitionem
1193 2277 1355 2327 prohibet.
1369 2281 1451 2326 Ergo
1467 2280 1574 2312 anima
1588 2292 1654 2313 non
1667 2279 1711 2314 est

329 2340 360 2360 m
368 2329 502 2364 irerialis
513 2342 568 2365 aut
577 2343 746 2378 corporea,
758 2330 811 2365 sed
828 2330 971 2380 spiritalis
990 2341 1044 2363 aut
1056 2332 1249 2375 incorrupta.

363 2377 425 2410 sed
436 2406 444 2419 ,
455 2382 603 2425 inquiunt
612 2408 623 2424 ‚
641 2392 731 2415 mens
744 2380 852 2415 nostra
861 2392 910 2414 tes
921 2378 1072 2426 lpiritales
1091 2379 1225 2425 percipit
1242 2375 1335 2411 instar
1346 2388 1450 2411 rerum
1461 2387 1688 2424 corporearum
1698 2403 1709 2419 ‚
