1857 2745
398 129 472 173 446
860 121 1344 158 METAPHYsmAE

394 175 481 210 lechi
495 173 697 222 percipimus.
711 170 784 207 Nec
798 168 867 206 fere
891 168 997 206 subest
1012 170 1074 206 alia
1086 174 1170 207 ratio
1185 201 1196 217 ‚
1215 184 1269 208 cur
1278 184 1389 208 rerum
1401 170 1598 208 naturalium
1611 173 1709 211 causae
1719 182 1789 213 maJ
1828 186 1833 213 i

391 236 457 273 gna
474 235 511 257 ex
522 234 612 271 parte
625 233 684 257 nos
696 219 824 269 fugiant
835 250 844 264 ,
867 218 923 256 nifi
937 220 1028 269 quod
1042 220 1144 257 sensus
1162 221 1340 258 habeamus
1356 219 1548 266 obtusiores‚
1561 222 1662 270 quarn
1678 237 1713 261 ut
1722 228 1788 261 mi.

389 274 480 308 nima
501 283 637 319 quaeque
647 281 785 319 corpora
809 272 928 306 intueri
944 270 1121 307 valeamus,
1145 273 1244 308 Unde
1257 277 1290 310 &
1303 270 1375 308 tubi
1388 273 1491 321 optici
1508 299 1518 316 ‚
1533 276 1566 309 &
1586 273 1787 326 mictoscopii

389 320 446 370 usu
455 321 560 356 multa
571 320 720 368 quotidie
735 319 810 356 ante
821 322 987 369 incognita
1004 321 1194 370 detegimus.

415 371 554 406 'Contra
583 372 640 418 qui
668 381 767 405 omne
784 372 929 406 veritatis
948 372 1110 406 criterium
1140 373 1174 407 in
1202 370 1340 407 sensibus
1361 381 1526 420 reponunt
1537 399 1548 415 ‚
1571 371 1673 407 multa
1700 385 1786 422 quo-

388 433 453 469 que
482 419 586 456 solent
604 431 773 468 opponere
786 448 796 463 ‚
816 432 889 468 quae
905 424 974 467 jam
994 433 1110 470 magna
1121 433 1160 456 ex
1174 431 1265 469 parte
1282 422 1432 457 videntur
1452 419 1563 456 soluta.
1599 424 1682 458 Non
1696 425 1788 461 enim

389 473 412 506 ii
423 469 528 505 sumus
542 497 551 512 ,
573 471 631 517 qui
653 468 756 505 sensus
765 470 806 504 ad
818 483 925 505 rerum
934 473 1160 518 cognitionem
1170 472 1301 507 inuti!es
1315 469 1482 506 arbitrem.
1496 482 1521 513 r,
1532 469 1584 505 sed
1596 483 1652 507 eos
1663 484 1788 521 nequa-

384 532 488 568 quam
506 516 652 554 sufficere
667 517 787 554 merito
798 519 1036 556 contendimus.
1051 522 1176 556 Rerum
1195 522 1329 569 quidem
1355 519 1559 556 existentiam
1580 533 1639 569 pei-
1659 521 1784 567 sensus,

387 569 440 605 sed
459 571 588 605 intimas
603 581 715 604 earum
728 581 856 605 naturas
872 575 904 608 &
916 571 1071 618 principia
1090 568 1154 604 sola
1165 583 1277 606 mente
1294 568 1528 617 consequimur.
1551 572 1677 606 Primus
1690 585 1785 609 men-

389 621 428 655 tis
442 619 587 667 aspectus
602 618 657 654 vel
674 622 841 668 perceptio
852 620 871 656 a
884 618 973 656 sensu
985 619 1131 663 ducitur,
1152 619 1203 655 sed
1218 633 1293 668 quae
1311 620 1482 667 sequuntur
1493 619 1613 668 judicia
1637 626 1670 658 &
1684 625 1787 657 ratio-

385 670 474 704 cinia
483 680 618 703 omnem
632 671 701 704 vim
724 668 869 705 sensuum
891 668 1046 718 superant.
1075 668 1189 705 Sensus
1200 670 1341 717 denique
1357 668 1399 703 ab
1414 669 1560 704 Authore
1574 670 1706 717 quidem
1723 684 1785 707 na-

1828 0 1849 121 “fs-ff

1828 654 1833 679 “⁴⁴
1828 268 1849 632 ‘uffissffffl’vr‘visrsi-‘a-rssv-r
1828 212 1847 262 o-f'*
1839 197 1845 205 -
1828 175 1842 189 ἶ

388 729 465 753 tutae
488 715 627 754 concessi
641 717 729 763 sunt,
759 731 827 767 quo
845 721 920 754 vitae
944 718 1132 762 consulere,
1165 724 1198 762 ὃς
1221 721 1321 754 totius
1347 717 1516 768 compositi
1532 730 1681 755 naturam
1704 723 1785 756 tueri
1828 759 1830 763 μ

386 766 540 817 poffirnus
557 796 566 811 ‚
595 780 735 815 quaeque
747 766 891 817 prodesse
905 779 960 803 aut
971 767 1079 803 obeffe
1095 767 1199 803 solent
1213 797 1223 811 ‚
1238 767 1440 816 dignoscere.
1458 768 1520 802 Sed
1535 781 1603 804 non
1623 768 1783 806 continuo
1828 773 1833 785 '¹

387 817 427 852 de
440 820 485 852 rei
503 817 635 865 alicujus
649 829 761 853 natura
776 829 831 853 aut
844 820 983 853 veritate
993 817 1206 865 judicandum
1221 846 1231 861 ‚
1255 815 1342 865 quod
1360 815 1395 851 fit
1414 815 1509 852 nobis
1527 818 1631 861 utilis,
1650 831 1707 854 aut
1719 833 1784 856 no-
1832 823 1834 828 ⁸

384 868 447 902 xia.
463 866 574 902 Multa
591 866 735 913 denique
752 866 826 903 sunt
837 881 905 916 quae
915 880 972 916 per
988 865 1211 916 phantasmata
1223 895 1232 910 ‚
1248 878 1304 901 aut
1322 865 1464 902 sensuum
1489 867 1710 915 impressiones
1731 872 1784 905 in-
1828 878 1829 895 ³

387 919 469 950 tueri
484 929 552 952 nori
567 915 746 965 poffurnus:
766 929 803 952 ut
820 920 978 966 cogitatio
990 915 1074 964 ipsa,
1092 914 1282 951 affectiones
1306 917 1423 949 animae
1438 944 1449 959 ,
1472 917 1576 963 prima
1600 919 1783 967 principia;
1832 941 1834 945 ·

384 963 439 1000 sed
454 977 566 1001 tamen
590 967 644 1001 vix
663 965 718 1000 iila
736 966 896 1015 perspici,
914 963 971 1000 nisi
990 977 1062 999 cum
1083 964 1195 1013 aliquo
1222 963 1447 1012 phantasmate
1467 965 1672 1004 crediderim.
1689 970 1780 1004 Nam
1832 998 1834 1010 ,

382 1017 432 1050 vis
450 1017 659 1063 imaginatrix
673 1013 788 1050 cessare
799 1029 865 1051 non
882 1015 989 1064 potest
1003 1043 1012 1058 ‚
1029 1026 1104 1049 cum
1117 1027 1209 1049 mens
1228 1016 1260 1048 in
1277 1025 1346 1048 rem
1362 1012 1506 1061 aliquam
1523 1015 1723 1060 iiitenditu13
1742 1030 1781 1053 ac
1832 1015 1834 1040 ³

386 1063 493 1098 nescio
508 1077 549 1098 aii
563 1066 739 1112 quicquam
751 1064 935 1100 intellectus
952 1063 1061 1098 moliri
1080 1061 1178 1111 poffit
1189 1093 1198 1106 ,
1216 1061 1270 1097 nisi
1291 1061 1332 1097 ab
1349 1065 1585 1112 imaginatione
1600 1063 1755 1102 lacesiitus
1769 1080 1779 1102 z

384 1110 455 1147 haec
475 1114 563 1147 enim
579 1124 726 1149 mentem
741 1112 844 1162 ipsam
857 1115 1004 1156 excitat,
1026 1118 1060 1149 ὃ(
1085 1111 1287 1147 occasionem
1307 1114 1508 1161 percipiendi
1538 1126 1594 1149 aut
1614 1114 1780 1163 judicandi

382 1160 521 1210 praebet.
544 1163 597 1196 Sic
613 1175 690 1196 meo
715 1164 848 1210 quidem
861 1163 981 1211 judicio
1008 1173 1157 1196 extremae
1184 1163 1355 1210 opiniones
1385 1164 1467 1196 circa
1493 1162 1639 1199 sensuum
1664 1177 1780 1214 perce.

378 1213 510 1259 ptiones
522 1210 827 1260 conciliaripoisunt
843 1241 853 1255 ,
877 1224 937 1246 nec
955 1209 1098 1246 sensuum
1123 1210 1310 1247 testimonia
1334 1210 1404 1247 sunt
1434 1214 1632 1262 rejicienda,
1668 1227 1779 1264 neque

380 1262 416 1296 iis
434 1259 516 1296 ultra
532 1260 633 1309 quarn
645 1274 701 1310 par
714 1262 756 1297 est
769 1290 779 1306 ,
802 1260 1026 1297 tribuendum.

911 1359 1027 1396 Tertia
1046 1359 1224 1405 Conclusio-

415 1459 571 1493 Veritatis
583 1459 746 1493 criterium
760 1459 793 1493 in
806 1460 1054 1507 perceptionum
1068 1487 1077 1502 ,
1101 1456 1155 1493 seu
1169 1458 1317 1493 idearum
1333 1457 1500 1494 evidentia
1522 1462 1555 1496 ὃ(
1571 1458 1778 1509 distinetione
1828 1479 1829 1499 i

379 1509 521 1543 maxime
544 1505 681 1556 positum
696 1508 749 1544 est.

420 1556 581 1592 Probatur
600 1557 772 1601 Conclufio.
789 1556 958 1606 Judicium
977 1568 1045 1593 tum
1078 1557 1122 1592 est
1146 1556 1276 1592 firmum
1295 1562 1330 1594 &
1356 1567 1484 1592 certum
1497 1584 1507 1600 ‚
1530 1569 1602 1592 curn
1620 1572 1709 1595 mens
1724 1571 1775 1596 at·

381 1604 579 1641 tributicum
601 1604 744 1640 subedio
765 1604 979 1642 cohaefionem
999 1609 1123 1643 cernit:
1147 1606 1201 1641 sed
1226 1606 1316 1641 illam
1336 1618 1403 1641 non
1425 1608 1586 1650 intuetur,
1618 1607 1673 1644 nifi
1696 1608 1772 1646 ct'im

381 1667 524 1690 extrema
543 1620 770 1703 propositionis
789 1655 874 1690 clare
894 1661 928 1693 &
948 1656 1100 1692 distincte
1119 1657 1279 1705 percipit:
1297 1667 1333 1690 ut
1359 1654 1380 1690 si
1401 1657 1550 1699 noverit,
1568 1657 1645 1703 quid
1661 1657 1699 1694 fit
1716 1672 1776 1695 nu-

380 1717 485 1740 merus
503 1708 677 1747 ternarius,
699 1705 775 1752 quid
796 1708 918 1754 impar,
937 1706 1041 1741 statim
1058 1706 1182 1754 judicat
1193 1707 1367 1740 ternarium
1388 1704 1448 1740 eise
1475 1717 1645 1741 numerum
1664 1709 1773 1757 impa-

380 1767 449 1789 rem
465 1768 471 1788 :
492 1767 570 1803 ergo
590 1757 746 1803 praecipua
760 1757 905 1790 veritatis
921 1767 1021 1800 nota,
1037 1768 1092 1790 aut
1102 1757 1267 1790 criterium
1289 1756 1322 1789 in
1340 1753 1403 1803 ipsa
1428 1758 1675 1804 perceptionum
1700 1756 1771 1794 luce

381 1804 588 1841 constituitur.

427 1853 580 1898 Confirm.
603 1851 672 1901 Ipsa
687 1855 888 1889 axiomatum
907 1853 960 1889 vel
979 1856 1212 1903 principiorum
1234 1854 1398 1888 certitudo
1420 1866 1487 1887 non
1513 1851 1554 1886 ab
1574 1853 1768 1888 induc'tione

379 1901 442 1936 sola
455 1932 463 1945 ‚
484 1902 536 1937 vel
552 1902 572 1938 ὲ
593 1902 700 1937 multis
722 1906 954 1952 experimentis
981 1903 1125 1940 sensuum
1144 1903 1331 1938 testimonio
1359 1900 1538 1944 roboraris,
1563 1900 1614 1934 sed
1630 1901 1672 1936 ab
1685 1903 1767 1937 ideis

378 1951 469 1986 claris
490 1957 522 1988 δ’
539 1953 695 1987 distinctis
715 1954 863 1989 ducitur:
896 1966 996 2001 atque
1018 1954 1132 1989 eadem
1153 1952 1200 1986 est
1224 1953 1307 1985 ratio
1334 1949 1504 1997 cujuslibet
1528 1950 1768 1998 propositionis,

377 2014 446 2049 qux
456 2004 489 2036 in
497 2001 630 2049 aliquod
648 2005 838 2051 principium
851 2003 983 2038 tandem
1001 2001 1187 2037 resolvitur:
1205 2012 1282 2048 ergo
1302 1998 1528 2048 propositionis
1540 2001 1699 2035 certitudo
1709 2012 1768 2036 aut

379 2051 544 2085 evidentia
567 2064 636 2086 non
658 2051 807 2095 aliunde,
831 2051 930 2100 quam
949 2051 969 2088 ὲ
994 2051 1243 2101 perceptionum
1264 2048 1409 2084 clari.ate
1437 2054 1470 2086 &
1495 2048 1703 2086 distinetione
1722 2050 1766 2086 est

379 2101 566 2148 repetenda.

415 2152 535 2193 Major
546 2147 709 2197 probatur.
750 2151 888 2186 Axioma
909 2149 963 2184 vel
986 2147 1119 2184 effimm
1146 2149 1279 2193 dicitur,
1301 2154 1387 2198 cujus
1404 2150 1522 2182 veritas
1548 2148 1634 2184 lucer
1654 2163 1711 2199 per
1732 2149 1764 2187 se

378 2201 479 2233 menti
492 2202 592 2234 etiam
608 2198 816 2234 mediocriter
832 2199 1034 2234 attendenti:
1051 2198 1228 2250 cujusmodi
1242 2200 1285 2234 est
1298 2199 1376 2234 illud
1392 2228 1401 2242 ,
1420 2197 1440 2231 si
1459 2197 1636 2245 aequalibus
1653 2212 1764 2248 aequa⁴

379 2247 419 2280 lia
434 2249 547 2290 addas,
567 2250 676 2283 omnia
694 2260 788 2284 erunt
805 2249 960 2296 aequalia3
983 2260 1039 2282 aut
1061 2261 1167 2284 totum
1188 2249 1233 2283 est
1250 2254 1351 2297 majus
1366 2247 1415 2282 sua
1429 2258 1520 2295 parte
1542 2262 1550 2283 :
1582 2261 1650 2284 non
1674 2251 1762 2285 enim

380 2309 469 2330 nicus
485 2297 591 2331 nostra
610 2298 641 2332 id
658 2295 718 2333 effe
733 2311 847 2333 verum
870 2310 937 2333 tani
962 2298 1148 2333 constanter
1170 2295 1293 2341 asserit,
1319 2297 1407 2343 quod
1427 2298 1472 2331 ita
1497 2294 1558 2331 esse
1589 2300 1684 2333 variis
1706 2310 1762 2334 ex-

379 2347 569 2392 perimentis
587 2348 704 2381 edocta
725 2348 832 2383 fuerit.
868 2348 971 2396 Qod
999 2349 1086 2382 enim
1118 2348 1304 2383 inductione
1332 2346 1396 2382 sola
1423 2346 1552 2395 colligit
1572 2374 1581 2390 ,
1610 2346 1672 2382 hoc
1697 2348 1762 2382 uti-

377 2405 442 2440 que
462 2394 854 2446 vetifiinilliniunijtidicat
873 2397 948 2434 :sed
958 2396 1103 2433 nonduin
1117 2409 1155 2433 ex
1174 2399 1263 2433 omni
1287 2408 1380 2448 parte
1399 2398 1430 2431 ei
1446 2408 1570 2432 cei-tum
1590 2396 1637 2431 est
1654 2401 1690 2434 &
1711 2398 1760 2435 in.
1791 2396 1795 2410 ⁵
1841 2417 1847 2428 .
