1857 2745
351 148 404 178 612
787 135 1318 172 METAPHYSICAE.

352 202 406 224 rex
421 190 452 222 in
466 189 600 222 civitate
612 187 699 235 regia
715 211 725 228 ,
749 185 798 219 ita
813 196 907 222 mens
923 187 959 221 in
971 197 1096 234 organo
1106 183 1297 233 phantasiae,.
1313 195 1388 220 curn
1399 195 1468 233 qua
1485 182 1568 220 adeo
1578 186 1745 232 cohaereg.

353 237 389 274 fit
410 235 579 271 collocata.
877 257 881 262 .

393 285 486 331 Qin
499 286 597 318 etiam
615 312 626 327 ,
649 294 682 318 ut
696 283 804 319 multis
821 283 962 327 videtur,
978 284 1084 318 anima
1099 281 1237 318 sentiens
1258 284 1291 318 in
1305 280 1405 317 brutis
1425 278 1487 316 offa
1498 311 1506 326 ‚
1521 294 1654 331 ungues,
1667 296 1738 318 cor..

353 346 417 369 nua
427 361 437 376 ‚
470 332 551 381 pilos
564 346 630 368 non
640 332 814 376 informat,
833 334 949 367 cumin
966 332 1014 367 his
1027 330 1170 381 partibus
1185 331 1290 366 nullus
1304 330 1340 366 sit
1355 329 1459 366 sensus
1483 345 1491 366 z
1513 329 1552 365 fic
1567 333 1676 367 anima
1689 345 1738 366 ra-

353 381 482 417 tionalis
498 384 557 416 erit
567 384 708 429 cor-potis
721 382 826 417 forma
838 409 848 424 ,
872 387 905 418 &
919 383 1036 415 intime
1050 392 1177 416 cumteo
1187 382 1355 429 conjun&a
1367 409 1376 423 ,
1390 382 1537 427 quamv-is
1552 393 1620 415 non
1632 380 1667 416 fit
1681 393 1738 429 per

353 429 489 479 singulas
502 429 615 465 diffusa
623 442 728 477 partes
744 445 751 465 :
767 430 853 477 quod
865 442 903 464 ex
921 441 993 463 arce
1013 431 1048 465 in
1064 442 1128 476 qua
1146 427 1259 464 refidet
1273 458 1282 472 ,
1301 441 1502 476 quaecunque
1523 440 1677 477 geruntur
1703 433 1737 464 in

354 491 507 527 corpore,
529 483 616 525 eujus
629 479 833 514 dominatum
848 478 956 513 sortita
968 478 1014 512 est
1028 507 1038 522 ,
1056 476 1199 513 sublimis
1219 479 1380 513 intueatur
1397 494 1413 520 ς
1434 477 1523 523 quod
1546 477 1738 513 administrae

354 527 523 562 facultates
544 527 628 562 illius
647 528 799 563 mandata
822 527 997 575 perferant.
1026 529 1116 562 Hinc
1137 539 1195 575 per
1212 525 1322 562 oculos
1339 525 1473 573 objetsta
1495 527 1627 569 ceruit,
1653 527 1740 575 quasi

355 588 412 624 per
424 576 574 611 fenestras
584 575 746 624 pellucido
760 578 845 610 vitro
859 575 1068 619 obductassstc
1081 577 1249 624 perceptio
1261 577 1368 610 omnis
1383 577 1417 609 in
1435 573 1570 609 cerebro
1588 586 1741 623 tanquam

358 627 392 660 in
415 627 636 674 mentisregia
654 625 831 673 perficitur.
867 628 999 661 Interim
1019 625 1050 659 id
1073 636 1198 659 certum
1217 625 1260 659 est
1276 630 1309 660 ἃ
1335 623 1553 658 inconcussum
1566 652 1575 667 ,
1597 636 1742 660 mentem

356 672 418 709 esse
438 673 486 708 sui·
497 676 640 722 corporis
652 674 793 710 formam
809 702 818 716 ‚
835 687 904 709 non
914 672 1014 709 niodo
1027 672 1222 710 affistentem
1232 702 1242 717 ‚
1265 672 1316 707 sed
1331 672 1575 708 informantem.
1590 674 1678 708 Nam
1690 675 1741 709 in·-

357 733 407 757 ter
418 734 531 770 corpus
546 729 578 759 &
593 725 734 757 animani
747 734 838 757 tanta
850 723 900 757 est·
908 724 1069 758 connexio
1080 751 1090 766 ‚
1106 733 1142 757 ut
1159 733 1269 758 mutua
1280 720 1416 756 situnius
1435 724 1468 756 in
1481 721 1617 755 alterum
1635 724 1743 760 aelio:

356 783 470 818 corpus
487 773 574 806 enim
588 784 690 806 novas
707 774 865 807 inanimo
878 773 998 806 excitat
1010 773 1225 821 cogitationes
1241 787 1251 815 3
1272 770 1524 806 intellectum&
1538 770 1744 807 voluntatem

357 821 446 853 varie
455 819 651 862 modificat-3
673 832 773 867 atque
791 820 847 854 illa
871 822 1015 869 corporis
1032 823 1196 867 animique
1213 820 1402 854 communio
1424 831 1491 854 non
1514 818 1598 854 fluxa
1617 820 1661 853 est
1677 849 1686 863 ,
1709 826 1744 858 ὃς

358 880 589 904 momentanea
600 897 610 912 ‚
633 868 684 903 sed
703 868 795 904 firma
806 898 820 912 ‚.
836 869 1156 916 diuturnamque&
1171 866 1471 916 loquuiitut,habitu
1482 866 1548 915 ipso
1563 895 1572 910 ‚
1585 880 1651 903 non
1671 871 1745 905 aaa

358 928 485 952 tantum
500 918 592 954 inest.
603 920 717 953 Forma
727 916 808 953 ver'o
822 916 1472 965 quaeaffistittantunimodo‚agit‘quidem
1491 918 1522 950 in
1535 916 1566 949 id
1580 919 1630 950 cui
1642 917 1744 962 adest,

357 964 410 999 sed
430 964 472 1000 ab
491 979 531 1001 eo
543 966 624 1001 nibil
643 969 783 1014 patitur:
801 979 867 1002 non
880 968 946 1014 agit
961 978 1074 1014 corpus
1087 968 1121 1002 in
1139 964 1365 1014 Angeltim‚sed
1377 962 1522 999 viciffim.
1542 964 1594 999 Est
1613 965 1746 1002 demum

358 1013 412 1048 illa
426 1017 569 1063 corporis
585 1017 751 1063 animique
764 1016 951 1061 conjunct-io
966 1015 1094 1050 homini
1107 1013 1289 1058 essentialis3
1301 1013 1453 1060 Qandiu
1467 1015 1556 1047 euim
1568 1014 1611 1048 est
1628 1014 1742 1059 horno,

356 1061 482 1111 semper
503 1075 614 1098 manet
624 1076 734 1099 mutua
748 1062 922 1099 efficientia
934 1066 1033 1100 animi
1051 1065 1084 1099 in
1100 1076 1216 1113 corpus
1230 1092 1241 1108 ‚
1262 1069 1295 1101 ὃ(
1307 1063 1449 1110 corporis
1467 1063 1501 1098 in
1519 1064 1683 1101 animum„
1695 1066 1744 1100 lm

357 1110 427 1145 fiere
440 1114 489 1147 vir
506 1111 636 1148 doctiff„
646 1115 679 1149 in
693 1113 976 1162 Anthropologia„

850 1210 1122 1255 QJAESTIO
1159 1212 1228 1244 lv:

926 1308 981 1342 De
1002 1306 1188 1342 Intendit«.-

358 1401 602 1488 INtellefflum
627 1415 761 1451 quoque
786 1403 889 1440 solent
907 1407 946 1440 in*
968 1404 1048 1439 d‘uas
1068 1405 1151 1438 vires
1183 1406 1292 1452 partiri
1306 1433 1316 1448 ‚
1334 1404 1478 1446 scilicet,
1505 1406 1537 1439 in
1554 1416 1626 1440 eum
1644 1417 1744 1452 quem

399 1464 551 1499 agentem
565 1463 683 1486 vocant
696 1481 706 1495 ,
726 1454 847 1499 quique
857 1453 973 1502 species
986 1454 1003 1489 ὲ
1018 1450 1245 1501 phantasmatis
1257 1452 1424 1502 exsculpit3
1437 1458 1470 1489 δε
1493 1455 1527 1488 in
1540 1452 1724 1501 poffibilern
1735 1484 1745 1498 ,

360 1502 414 1548 qui
433 1513 485 1534 eas
499 1502 657 1548 imagines
670 1503 800 1548 excipit.
835 1505 947 1551 Itaque
968 1504 1136 1538 videamus
1155 1514 1196 1536 an
1207 1500 1331 1538 neceffe
1347 1501 1384 1537 fit
1396 1500 1599 1538 intellectum
1616 1505 1649 1538 iu
1667 1504 1746 1539 duas

359 1551 443 1584 vires
459 1548 571 1583 secare.
601 1550 651 1583 Sit
667 1551 766 1598 igitur.

505 1610 519 1622 ο
896 1600 1014 1635 1>erae
1024 1600 1053 1632 C
1055 1600 1208 1645 onclusto..

419 1694 539 1731 Nullus
557 1694 601 1731 est
613 1695 799 1733 ineelrecffus
809 1708 906 1745 agens
919 1695 939 1732 ὲ
951 1695 1090 1745 possibili
1105 1698 1287 1733 distinctus..

409 1743 572 1778 Probatur
585 1746 743 1790 conclufio.
768 1755 797 1781 ιο
817 1758 878 1780 nec
891 1757 1026 1789 natura,
1046 1758 1107 1780 nec
1136 1745 1211 1782 usus
1235 1745 1419 1781 intelletstus
1447 1749 1569 1794 agentis
1590 1745 1745 1794 explicari

361 1793 475 1839 potest.
497 1792 620 1828 Nam-fi
636 1794 684 1828 est
696 1796 890 1843 cognitionis
902 1797 1062 1842 particeps
1073 1822 1083 1836 ,
1096 1807 1168 1829 cum
1177 1793 1347 1830 intellectu
1366 1794 1503 1844 poffibili
1515 1796 1652 1830 omnino
1664 1807 1745 1830 con-

361 1840 507 1876 funditur
519 1854 596 1885 3nec
610 1841 731 1877 diversa
744 1844 788 1878 est
801 1841 843 1876 ab
859 1854 899 1877 eo
908 1842 1056 1879 facultas.
1078 1843 1181 1890 Qod
1195 1842 1214 1877 si
1229 1843 1309 1879 nihil
1325 1846 1476 1891 percipit,
1492 1843 1572 1880 nihil
1582 1842 1743 1891 intelligit,

361 1902 429 1924 non
440 1890 538 1924 video
552 1890 676 1925 cuiusui
692 1887 752 1926 effe
765 1889 880 1940 poffit,
899 1903 959 1926 aut
966 1904 1021 1926 cut
1040 1892 1223 1927 intellectus
1244 1895 1378 1927 nomine
1393 1894 1550 1929 donetur-s

404 1952 438 1973 2,
474 1941 529 1974 Ne
553 1938 630 1974 illud
648 1941 781 1987 quidem
800 1942 998 1988 cogitatione
1013 1939 1207 1988 assequimur
1219 1969 1230 1984 ,
1247 1940 1300 1987 qui
1314 1939 1384 1976 fieri
1406 1939 1500 1989 poffit
1516 1953 1549 1976 ut
1564 1937 1745 1975 intellectus

359 1987 458 2035 agens
479 1988 495 2022 ὸ
512 1986 677 2035 speciebus
695 1989 954 2038 corporeisvalias
965 1992 1102 2025 omnino
1115 1990 1269 2038 spiritales
1282 1995 1316 2027 δί
1333 1989 1577 2038 intelligibiles,
1591 1987 1680 2022 velut
1689 2001 1745 2036 per

360 2035 607 2071 distillationem
625 2038 789 2083 quandam
803 2037 962 2074 extrahat.
988 2040 1206 2084 Qanturnvis
1220 2040 1308 2073 enim
1326 2051 1385 2074 eas
1397 2038 1574 2074 collustret,
1589 2033 1745 2083 spiritales

360 2082 479 2118 efficiet
497 2096 664 2131 nunquam
675 2100 683 2121 :
695 2098 754 2120 nec
763 2088 897 2121 demum
915 2086 1057 2120 formare
1074 2087 1197 2134 species
1212 2086 1279 2122 ullo
1296 2088 1396 2122 modo
1407 2087 1509 2135 potest
1520 2115 1530 2129 ‚
1550 2082 1605 2120 nisi
1625 2096 1678 2119 eas
1687 2098 1746 2120 co-

359 2132 490 2180 gnoscat
506 2146 512 2167 :
529 2146 602 2167 cum
619 2137 725 2169 omnis
745 2136 936 2183 cognitionis
948 2146 1061 2170 natura
1074 2137 1108 2170 in
1124 2136 1186 2171 hoc
1195 2133 1295 2183 posita
1307 2134 1342 2170 fit
1352 2146 1406 2178 ,ut
1421 2147 1510 2171 mens
1524 2133 1645 2182 objeffl
1654 2135 1744 2181 quod

359 2183 497 2229 percipit
508 2210 517 2224 ‚
534 2182 690 2231 depingat
711 2186 896 2232 imaginem.

396 2229 632 2280 Confirmjarn
646 2232 839 2267 ostendimus
852 2232 931 2267 nh'bi
951 2233 1119 2269 facultates
1132 2236 1244 2270 animae
1254 2233 1296 2269 ab
1308 2233 1390 2268 illius
1404 2231 1532 2267 effentia
1548 2244 1616 2267 non
1629 2231 1743 2268 distin-

360 2280 414 2323 gui
427 2291 521 2326 :ergo
535 2279 616 2314 nihil
629 2279 753 2315 necesse
765 2283 808 2316 <st
828 2281 989 2329 duplicem
1008 2282 1209 2318 intellefihim
1223 2281 1438 2318 comminisci:
1459 2294 1532 2315 cum
1549 2293 1612 2316 una
1632 2286 1664 2316 ἃ·
1690 2293 1743 2314 ea-

359 2326 434 2358 dem
452 2326 604 2370 facultas,
628 2333 661 2364 ὂε
681 2329 906 2377 phantasmata
924 2331 1062 2366 illust-ret
1084 2360 1094 2375 ‚
1116 2337 1149 2369 &
1166 2333 1361 2378 cognitionis
1380 2332 1487 2365 naum
1501 2340 1622 2365 exerat.
1653 2330 1742 2366 Nam

359 2374 504 2410 ‘ustiones
517 2376 630 2413 vitales
640 2379 672 2413 in
689 2380 851 2427 principio
861 2379 944 2415 unde
962 2391 1081 2418 exeunt
1092 2408 1104 2425 ,
1115 2381 1309 2428 recipiuntur
1325 2396 1336 2425 3
1356 2392 1393 2415 ac
1403 2391 1502 2417 nemo
1511 2377 1634 2416 sensum
1644 2388 1743 2425 agen-

1674 2435 1742 2460 tem
