1857 2745
402 137 463 171 300
849 119 1361 157 PHILOSOPHIA

404 174 532 214 cedem,
545 180 684 217 quaeque
698 166 904 203 voluntatem
918 179 994 203 ante
1005 169 1204 205 determinat
1216 199 1225 214 ‚
1240 169 1340 218 quam
1356 167 1480 216 aliquid
1499 167 1591 215 velit,
1607 181 1663 207 aut
1678 168 1788 211 astun'i

398 222 517 257 amoris
531 221 637 253 eliciat
650 235 660 261 3
671 229 774 264 eaque
785 215 974 252 libertatem
984 217 1128 254 destruit:
1148 217 1211 254 five
1222 232 1259 254 ex
1280 230 1368 253 certa
1388 217 1552 254 causarum
1569 224 1786 263 connexione,

400 282 455 305 aut
475 268 617 303 fatorum
642 265 869 315 dispositione·,
897 265 965 302 sive
980 279 1019 302 ex
1029 265 1163 302 siderum
1173 267 1352 318 aspectibus
1364 268 1503 304 ducatur.
1525 269 1691 318 Qenim
1704 271 1787 307 hanc

400 318 537 354 fatalem
547 317 704 352 induxere
721 314 943 352 neceslitatem
961 345 972 360 ‚
989 317 1089 351 iidem
1105 317 1172 352 fere
1185 320 1331 353 animum
1346 317 1490 352 nostrum
1505 319 1537 352 in
1557 318 1652 353 censu
1669 332 1788 369 corpo-

401 381 470 404 rum
481 365 658 414 posuerunt
668 394 678 409 ,
697 363 784 413 quasi
802 365 893 413 pulsu
906 365 1014 401 alieno
1023 379 1219 402 moveretur.
1243 366 1401 402 Adversus
1415 365 1626 415 Philosophos
1636 370 1692 415 qui
1704 368 1789 405 hanc
1826 395 1828 397 -

401 415 622 454 necesfitatem
637 419 809 458 invexere,
826 417 937 450 Patres
956 428 1070 451 omnes
1084 413 1282 452 effentialem
1294 415 1436 450 hominis
1446 414 1633 452 libertatem
1645 445 1654 461 ,
1673 423 1708 454 δ(
1725 431 1790 467 po.

403 469 543 503 tentiam
553 465 596 500 sui
609 466 909 500 determinatricem
923 462 1118 500 asseruerunt
1136 479 1144 501 :
1163 466 1246 501 adeo
1262 477 1299 500 ut
1313 463 1517 500 voluntatem
1536 466 1618 501 nihil
1634 466 1790 502 extrinse-
1828 495 1829 498 η

402 529 477 552 cum
492 516 709 550 determinare
725 512 817 562 possit
825 512 1012 558 necellari03
1026 514 1079 549 sed
1095 527 1186 550 amor
1198 514 1262 564 ipse
1272 527 1374 562 quem
1388 513 1511 549 format
1523 543 1530 553 ‚
1544 514 1581 549 sit
1591 516 1790 553 determina.
1827 523 1830 559 j

403 567 502 601 tionis
517 566 625 600 omnis
636 565 834 647 principium
846 593 855 607 ‚
870 565 1010 598 maxime
1024 576 1099 600 cum
1107 576 1156 598 res
1166 564 1274 611 aliqua
1286 574 1419 612 propter
1432 562 1462 598 se
1477 566 1651 612 expetitur,

451 613 601 649 Alterum
612 614 702 661 quod
715 613 738 648 li

404 725 441 748 ut
455 713 556 748 homo
570 712 617 750 ,ad
632 715 712 750 iram
730 712 787 748 vel
800 712 944 747 laetitiam
963 724 1030 747 tam
1048 711 1083 746 sit
1103 712 1123 747 ὲ.
1142 723 1254 747 natura
1269 712 1500 746 determinatus
1512 740 1522 755 ‚
1536 711 1633 760 quam
1649 712 1702 747 leo
1712 741 1723 757 ,
1735 723 1794 747 aut

405 764 533 807 canis,ii
543 760 685 797 liberum
698 761 871 797 arbitrium
881 761 1052 796 destruunt.
1073 759 1170 809 Qasi
1188 760 1269 796 alios
1284 763 1374 796 aetus
1387 760 1538 795 voluntas
1558 772 1711 797 exercere
1724 773 1794 797 non

404 811 507 861 polset
520 841 529 856 ‚
546 810 648 858 quam
661 811 840 847 naturales:
861 814 950 858 cujus
965 813 1092 859 generis
1105 810 1148 844 est
1164 822 1257 845 amor
1274 809 1439 845 felicitatis
1455 838 1464 852 ,
1479 812 1536 858 qui
1549 810 1595 844 est
1610 813 1714 858 prima
1731 823 1794 845 vo-

403 862 538 896 luntatis
564 861 817 904 determinatim
839 858 1012 896 neceffaria
1024 860 1158 907 quidem
1171 888 1180 901 ,
1199 858 1335 894 siminus
1358 857 1543 894 necestitate
1562 860 1795 903 antecedente,

402 910 517 946 saltem
527 910 664 946 naturali
675 939 685 953 ‚
697 922 833 958 quaeque
843 922 919 943 cum
934 907 1038 943 libero
1048 907 1184 942 arbitrio
1196 936 1206 951 ,
1227 907 1282 942 seu
1295 909 1329 942 vi
1352 907 1492 942 electiva
1512 905 1573 942 effe
1592 921 1658 943 non
1676 904 1793 957 potest.

404 962 494 996 Nam
503 972 538 995 ut
554 959 640 994 forte
653 958 767 995 nonsit
777 957 975 994 antecedens
989 987 998 1001 ‚
1018 970 1094 993 cum
1121 956 1208 992 nulla
1233 954 1428 991 extrinsecus
1446 956 1627 993 adveniens
1644 956 1792 1006 impulsio

403 1009 489 1044 hunc
501 1009 679 1045 naturalem
691 1012 784 1053 vitae,
799 1006 1042 1055 tranquillitatis
1055 1036 1064 1050 ‚
1082 1018 1138 1042 aut
1155 1005 1322 1041 felicitatis
1334 1017 1483 1040 amorem
1496 1007 1691 1053 praeveniat:
1706 1017 1796 1041 certe

404 1070 444 1092 ea
459 1059 502 1092 est
515 1060 654 1093 omnino
672 1058 824 1093 naturalis
836 1085 845 1100 ‚
858 1069 917 1091 nec
941 1057 1049 1092 nostro
1061 1055 1162 1089 subest
1175 1054 1320 1089 arbitrio.
1344 1057 1458 1099 Qare
1473 1054 1617 1089 libertati
1637 1054 1732 1090 nobis
1744 1054 1796 1090 es-

405 1106 532 1141 sentiali
543 1135 553 1149 ,
565 1118 701 1153 qumque
712 1107 826 1140 destrui
843 1117 911 1138 non
929 1104 1052 1185 potest,
1073 1105 1211 1137 omnino
1228 1105 1388 1138 contraria
1402 1103 1445 1137 est
1462 1102 1645 1148 necessitas,
1660 1116 1715 1139 aut
1734 1105 1794 1140 de-

408 1156 595 1190 terminatio
607 1154 801 1190 antecedens
815 1167 824 1189 ι
838 1152 893 1186 sed
906 1151 928 1185 li

406 1252 611 1288 Scholasticis
625 1281 634 1296 ,
646 1263 682 1287 ut
694 1254 794 1286 Scoto
804 1257 838 1288 δε
849 1249 1035 1292 aliiS,visum
1049 1250 1090 1284 est
1103 1279 1112 1293 ‚
1128 1253 1257 1285 Patrem
1267 1261 1424 1285 aeternum
1434 1249 1538 1285 libere
1553 1250 1704 1286 Verbum
1716 1264 1795 1300 pro-

407 1301 728 1337 ducerezlibertatem
741 1303 908 1337 enimcum
920 1298 1090 1334 voluntate
1105 1299 1256 1334 rationali
1273 1300 1454 1334 identidem
1464 1299 1682 1335 confuderunt
1693 1315 1701 1337 :
1712 1313 1796 1348 qua..
1838 1293 1840 1301 ’

409 1363 500 1386 tenus
511 1349 685 1386 necessitati
696 1349 900 1385 antecedenti
912 1354 946 1385 &
962 1347 1144 1383 extrinseco:
1159 1350 1344 1397 opponitur.
1361 1348 1424 1382 Sed
1437 1361 1511 1384 cum
1522 1361 1585 1383 vox
1597 1348 1692 1384 liberi
1705 1349 1796 1384 arbi-
1836 1379 1837 1382 ,

410 1403 462 1436 trii
479 1400 520 1434 ad
534 1399 740 1435 voluntatem
758 1401 919 1447 pertineat
932 1427 941 1440 ‚
960 1409 1118 1445 quatenus
1139 1397 1177 1433 sic
1193 1401 1261 1446 agit
1275 1427 1284 1441 ‚
1302 1409 1339 1432 ut
1351 1395 1444 1445 possit
1466 1411 1531 1432 non
1546 1410 1642 1446 agere
1657 1415 1665 1440 ς
1682 1403 1716 1435 &
1732 1398 1796 1433 sese

409 1450 603 1485 determinat
621 1449 661 1482 ad
676 1448 756 1482 alios
767 1450 857 1483 aetus
868 1477 878 1490 ,
889 1446 989 1494 quam
1003 1447 1043 1480 ad
1058 1446 1218 1481 naturales
1234 1452 1267 1483 δε
1280 1444 1468 1481 neceffarios
1481 1475 1490 1488 ‚
1508 1452 1541 1483 ὃς
1554 1447 1646 1495 eligit
1660 1446 1762 1482 libere
1780 1463 1792 1491 ς
1836 1466 1837 1472 1

410 1502 500 1533 Deus
517 1510 576 1532 nec
590 1497 619 1531 se
631 1496 734 1531 libere
745 1508 833 1531 amat
843 1525 852 1539 ‚
865 1508 925 1530 nec
935 1494 1084 1530 Verbum
1093 1494 1196 1530 libere
1207 1507 1361 1543 generat:
1378 1494 1428 1529 sed
1440 1492 1544 1530 libere
1555 1496 1624 1531 vult
1639 1500 1672 1532 &
1685 1496 1797 1531 decer.

408 1549 460 1583 -nit
474 1558 542 1593 qua:
550 1546 590 1580 ad
605 1557 761 1580 creaturas
774 1547 1040 1595 pertinent,-cum
1053 1545 1196 1592 potuerit
1208 1556 1245 1578 ea
1261 1557 1326 1579 non
1336 1545 1524 1580 decernere.

459 1597 570 1643 Qare
584 1595 734 1629 voluntas
745 1608 811 1630 non
824 1595 865 1628 ad
883 1605 939 1628 eos
953 1604 1082 1628 tantum
1099 1592 1252 1636 affectus,
1264 1592 1402 1641 quisunt
1420 1591 1581 1628 naturales
1602 1593 1645 1628 est
1661 1593 1800 1642 illigata,·

410 1645 463 1679 sed
483 1643 627 1679 infinitos
646 1657 748 1692 prope
761 1643 841 1678 alios
853 1645 958 1678 exerit
977 1647 1011 1679 &
1029 1642 1150 1677 format
1162 1671 1171 1686 ‚
1183 1655 1264 1690 quos
1282 1643 1390 1690 potest
1415 1654 1480 1677 non
1498 1654 1659 1678 exercere.
1685 1645 1798 1690 Atque

410 1697 443 1728 in
462 1693 523 1728 lioc
532 1694 679 1728 dominio
691 1706 745 1728 aut
753 1692 914 1741 potestate
926 1693 973 1727 vis
993 1690 1148 1726 libertatis
1162 1697 1195 1729 &
1214 1690 1310 1726 liberi
1326 1690 1455 1726 arbitrii
1469 1693 1610 1726 maxime
1622 1690 1722 1739 posita
1731 1691 1795 1727 est:

411 1744 501 1790 quod
515 1756 582 1777 non
593 1742 721 1776 aliunde
739 1742 776 1776 sit
791 1742 1007 1776 determinata
1023 1769 1032 1782 ,
1045 1752 1221 1788 antequam
1232 1752 1306 1789 agat
1322 1770 1330 1783 ‚
1347 1739 1397 1775 sed
1408 1742 1496 1776 aetus
1509 1739 1573 1789 ipse
1589 1743 1712 1775 amoris
1721 1752 1794 1775 eam

411 1793 619 1829 determinet.
630 1792 730 1828 Unde
746 1790 851 1826 nullus
864 1790 907 1824 est
917 1787 1092 1825 necestitati
1110 1790 1315 1824 antecedenti
1330 1789 1427 1825 locus.

447 1845 482 1876 Iii
498 1854 563 1888 quo
576 1843 689 1887 utique
702 1844 785 1875 ratio
797 1839 890 1875 liberi
909 1838 1033 1873 arbitrii
1051 1841 1179 1886 proprie
1197 1837 1333 1873 consistit
1347 1868 1355 1880 ‚
1374 1839 1461 1885 quod
1479 1839 1533 1873 SS.
1554 1841 1613 1874 ΡΙ).
1644 1837 1792 1871 adversus
1841 1854 1844 1870 ε

410 1889 621 1938 Philosophos
643 1892 867 1926 &Haereticos
881 1889 954 1922 liinc
974 1888 1208 1923 confirmarunt
1222 1916 1231 1930 ‚
1250 1888 1339 1933 quod
1359 1887 1480 1933 alioqui
1496 1886 1600 1920 nullus
1616 1884 1691 1920 esset
1710 1885 1794 1920 laudi
1842 1886 1843 1890 ’

410 1952 467 1974 aut
483 1943 565 1974 vitio
576 1969 584 1981 ‚
599 1942 730 1986 praemio
745 1951 799 1973 aut
815 1951 917 1985 poenae
932 1937 1111 1972 locus.1mo
1124 1935 1271 1969 voluntas
1283 1946 1389 1968 creata
1405 1934 1550 1982 necjusta
1567 1933 1643 1969 effet
1654 1963 1661 1975 ‚
1678 1937 1796 1970 necin-

406 1990 484 2036 justa
500 2002 591 2024 :cuni
612 1990 700 2022 enim
717 2000 772 2035 per
792 1986 956 2022 effentiam
966 1997 1019 2019 aut
1031 1983 1299 2030 b011a‚atitjtista
1317 1983 1380 2016 dici
1406 1996 1471 2017 non
1485 1981 1577 2028 possit
1590 2013 1598 2024 ‚
1616 1996 1673 2031 pei·
1691 1985 1797 2019 aetio-

410 2051 467 2074 nes
484 2049 609 2072 tantuin
620 2049 716 2083 ‚quas
731 2035 836 2070 libere
852 2034 941 2068 elicit
954 2061 962 2076 ,
979 2038 1013 2069 δε
1028 2033 1131 2081 potest
1144 2045 1209 2066 non
1219 2043 1387 2074 exercere,
1403 2032 1554 2080 justitiam
1566 2032 1708 2080 aliquam
1726 2033 1798 2066 adi-

411 2087 487 2135 pisci
497 2086 611 2134 potest.
622 2088 743 2131 Neque
755 2087 855 2118 etiam
869 2083 901 2116 id
915 2080 1015 2116 vistim
1031 2083 1074 2116 est
1092 2083 1142 2115 SS.
1163 2084 1224 2117 ΡΙ).
1238 2081 1278 2114 ad
1292 2079 1479 2114 libertatem
1501 2078 1641 2116 sufficere
1663 2079 1799 2117 necessi-

412 2148 515 2170 tatem
525 2136 544 2170 ξι
554 2136 723 2169 coactione
737 2147 745 2168 :
769 2144 933 2179 nunquam
946 2134 1031 2165 enim
1056 2130 1107 2165 vel
1124 2132 1277 2165 Haeretici
1292 2158 1301 2171 ,
1315 2129 1368 2164 vel
1383 2128 1568 2177 Philosophi
1590 2130 1671 2165 lianc
1688 2128 1796 2165 neces·

410 2185 535 2219 litatem
557 2194 759 2231 negaverunt
774 2194 865 2217 :cum
884 2180 918 2213 id
931 2178 1084 2214 omnibus
1102 2178 1136 2214 sit
1154 2177 1361 2214 manifestum
1373 2207 1382 2221 ‚
1398 2178 1604 2213 voluntatem
1630 2179 1714 2214 velle
1735 2178 1796 2213 ali-
1811 2214 1820 2224 .

413 2234 490 2279 quid
501 2247 565 2268 non
579 2230 664 2280 polse
676 2233 812 2267 invitam
824 2236 857 2268 ὃ(
868 2230 1026 2265 coastim.
1039 2232 1085 2264 Ita
1098 2229 1166 2264 fere
1180 2231 1225 2265 vit
1235 2225 1428 2263 doetissimus
1440 2230 1470 2263 in
1486 2226 1703 2264 dilsertatione
1714 2240 1796 2263 non-

413 2283 490 2316 dum
507 2283 603 2318 edita.
1186 2307 1197 2317 .

451 2331 531 2377 Opp.
553 2331 675 2364 ultimo.
697 2331 731 2363 Si
750 2328 911 2363 libertatis
930 2341 1043 2364 natura
1064 2330 1097 2362 in
1116 2327 1335 2362 indifferentia
1347 2326 1613 2361 contradictionis
1626 2325 1724 2372 posita
1740 2326 1795 2368 est,

415 2391 470 2413 ant
486 2390 570 2416 §crte
582 2391 655 2415 cuni
666 2390 699 2412 ea
710 2376 882 2413 necellario
895 2380 1063 2427 conjunsta
1073 2405 1083 2421 ,
1100 2376 1174 2411 hinc
1186 2376 1326 2423 sequitur
1340 2378 1494 2422 majorem
1506 2375 1578 2410 fore
1596 2376 1792 2416 libertatem,

750 609 857 648 *erum
872 611 1041 649 arbitrium
1058 641 1068 656 ‚
1087 612 1140 648 seu
1158 615 1225 648 vim
1248 613 1424 648 elefflvam
1437 616 1576 648 omnino
1594 616 1713 649 evertit
1725 643 1735 658 ,
1749 614 1792 649 est
1828 615 1831 647 ἶ

401 662 556 700 naturalis
572 661 753 700 necessitas.
770 664 822 699 Ut
833 664 890 710 qui
908 676 1014 698 mores
1029 664 1166 698 omnino
1176 663 1216 697 ad
1234 673 1525 711 temperamentum
1535 663 1794 707 referunt,adeo
1828 659 1830 665 ¹

956 1164 1012 1186 ero
1025 1150 1161 1186 arbitrio
1173 1180 1183 1194 ‚
1199 1151 1253 1187 seu
1269 1155 1303 1187 vi
1321 1151 1471 1187 eleetivae
1489 1155 1617 1201 proprie
1633 1165 1792 1202 repugnat
1819 1148 1823 1153 ’

406 1216 476 1239 tum
486 1202 650 1239 necessitas
671 1203 885 1244 antecedens,
902 1211 971 1235 rum
983 1200 1142 1236 naturalis.
1162 1203 1250 1236 Hinc
1263 1200 1421 1250 plerisque
1437 1213 1477 1236 ex
1493 1201 1660 1236 veteribus
1672 1231 1682 1246 ‚
1693 1204 1794 1238 etiam
1838 1238 1840 1242 ,
