1857 2745
408 119 464 164 4³8
863 113 1337 153 METAPHYSICAE
1454 103 1593 157 Ξ’“““”Π

925 213 1080 250 ,δεσηηιίιι
1102 215 1133 248 C
1134 215 1279 262 onclufio.

437 314 475 349 In
495 311 629 349 sensibus
643 310 745 363 posita
762 311 809 349 est
825 312 975 363 quaedam
996 313 1163 350 evidentia
1174 342 1185 359 ,
1206 324 1264 352 aut
1281 314 1429 354 veritatis
1445 326 1524 354 nota
1535 345 1546 362 ,
1568 314 1621 351 sed
1639 328 1705 354 non
1719 327 1791 357 (πῃ.ι

403 374 464 400 ms.
823 394 826 397 .

438 410 603 448 Probatur
616 426 687 463 pars
707 414 796 463 prior
811 413 1021 452 conclusionis
1038 425 1155 452 contra
1178 415 1390 451 Academicos
1403 446 1413 461 ‚
1434 416 1492 464 qui
1514 428 1614 451 omne
1633 417 1792 464 jud-icium

402 461 548 499 sensuum
573 490 584 504 ,
613 475 650 499 ut
671 461 786 500 falsum
808 494 819 509 ‚
846 476 902 501 aut
926 464 1096 501 confusum
1122 467 1285 515 rejiciunt.
1318 475 1347 502 10
1370 468 1459 502 enim
1494 465 1639 501 Christus
1671 469 1794 504 Domi-

402 523 463 549 nus
474 522 510 546 ut
521 510 759 550 resurreffionis
775 513 833 549 suae
848 514 947 551 fidem
957 515 1073 550 astruat
1082 545 1092 560 ,
1110 514 1254 551 sensuum
1274 516 1464 552 testimonio
1480 518 1579 551 utitur
1595 530 1602 552 :
1628 517 1769 564 Palpate
1781 547 1793 560 ,

401 563 510 609 inquit
521 591 532 606 ‚
547 560 587 597 ὠ·
605 562 717 598 videte
729 591 739 603 ,
758 566 974 613 qniaspiritus
988 578 1114 600 carnem
1130 565 1167 600 (θ’
1183 567 1242 612 offa
1258 579 1317 600 non
1343 564 1447 602 habet.
1472 566 1575 612 quue
1589 564 1610 600 si
1625 578 1703 614 opus
1717 565 1795 604 esset

401 623 472 646 tum
483 613 578 648 variis
594 614 763 661 Scripturae
776 613 856 649 locis
868 643 879 659 ‚
895 625 965 650 tum
979 618 1108 652 Parrum
1120 614 1318 650 authoritate
1327 645 1337 660 ,
1348 620 1382 652 δε
1397 617 1544 650 unanimi
1556 617 1703 650 omniurn
1713 627 1795 651 con-

400 659 490 696 sensu
502 660 703 710 probaretur.
721 665 810 700 Nam
821 666 928 700 omnis
938 667 1085 714 cognitio
1098 665 1202 701 nostra
1213 694 1222 709 ‚
1242 677 1314 713 quae
1330 666 1521 701 inductione
1535 670 1570 701 δε
1587 666 1797 713 experimen-‚

400 713 441 746 tis
456 711 632 758 acquiritur
648 724 716 749 non
738 712 804 749 alio
822 714 911 758 fere,
928 728 1029 763 qnam
1048 713 1165 750 sesuum
1181 715 1394 751 testinmonio
1404 713 1646 763 comprobatur.

434 760 537 807 Qod
550 772 661 796 autem
673 765 818 798 veritatis
832 766 998 799 criterium
1013 767 1048 801 in
1071 764 1144 800 solis
1163 762 1302 799 sensibus
1319 777 1386 800 non
1407 763 1442 799 sit
1456 764 1699 812 reponendum,
1718 775 1793 812 quae

398 810 447 845 est
462 822 532 859 pars
546 809 648 846 altera
659 812 867 848 conclufionis
877 843 887 857 ‚
909 814 942 848 id
954 814 1063 850 multis
1073 815 1267 864 argumentis
1284 815 1391 849 evinci
1404 814 1516 862 potest.
1536 824 1567 848 10
1586 815 1672 848 enim
1691 812 1793 850 sensus

398 862 530 896 intimas
547 871 654 896 rerum
666 859 810 897 essentias
824 876 891 900 uon
903 865 1084 912 pervadunt
1099 880 1108 908 3
1131 865 1294 898 exteriora
1308 863 1464 899 duntaxat
1484 875 1590 897 rerum
1611 863 1794 898 accidentia.

398 907 557 946 delibant.
570 919 603 945 20
616 914 700 959 Qae
713 913 802 947 tenui
813 913 896 949 inter
907 912 937 947 se
957 912 1137 948 discrimine
1151 911 1320 955 differunt,
1341 925 1409 947 non
1431 910 1557 960 possunt
1578 910 1681 946 sensus
1692 915 1793 948 inter-

399 957 532 993 noscere
544 987 553 1002 ‚
573 958 789 997 &similitudo
828 960 996 1009 letumque
1013 975 1069 996 eos
1088 960 1185 997 fallit.
1221 973 1258 1004 30
1277 962 1362 1008 Qiae
1380 973 1436 1009 per
1458 959 1558 995 sensus
1580 963 1795 1010 percipimus,

398 1007 590 1056 plerumque
606 1009 707 1056 quam
720 974 870 1046 citiffipme
887 1011 1015 1060 fugiunt
1027 1026 1034 1048 :
1044 1012 1121 1047 hinc
1136 1011 1263 1045 errandi
1277 1009 1478 1045 occasionem
1487 1008 1643 1057 praebent.
1655 1025 1696 1058 4⁰
1707 1012 1795 1047 Cum

399 1057 501 1092 sensus
515 1070 565 1091 res
577 1071 749 1106 corporeas
767 1073 836 1097 non
853 1063 1012 1108 attingat,
1037 1060 1092 1095 nifi
1107 1072 1164 1108 per
1186 1061 1392 1108 interjedtum
1412 1060 1579 1102 medium,
1599 1059 1661 1095 hoc
1680 1062 1794 1109 utique

400 1105 617 1141 diversimode
642 1108 815 1143 constituto
826 1137 836 1151 ,
860 1108 985 1143 necesse
1008 1109 1050 1144 est
1075 1121 1109 1144 ut
1145 1110 1233 1143 varia
1263 1121 1394 1157 quoque
1418 1110 1538 1157 judicia
1570 1108 1790 1148 adhibeamus.

399 1157 490 1190 Hinc
509 1154 606 1189 sidera
627 1158 723 1191 variis
749 1159 851 1192 tincta
868 1156 1033 1192 coloribus
1062 1169 1219 1206 apparent
1239 1187 1249 1201 ‚
1274 1158 1375 1194 modo
1401 1157 1577 1201 subrubra,
1595 1157 1698 1194 modo
1719 1159 1794 1208 pal..

400 1204 501 1240 letitia
520 1205 670 1241 videntur
685 1235 694 1248 ,
730 1217 765 1240 ut
789 1204 899 1241 crassus
927 1219 983 1242 aut
1000 1220 1096 1255 purus
1122 1209 1176 1241 ae'r
1193 1206 1289 1241 nobis
1308 1206 1497 1243 offunditur.
1528 1210 1663 1256 Organa
1693 1211 1792 1246 etiam

399 1257 433 1290 in
457 1253 575 1302 quibus
609 1266 715 1291 rerum
753 1258 909 1306 imagines
935 1258 1132 1306 excipiuntur
1145 1285 1156 1301 ,
1191 1268 1259 1294 non
1294 1269 1361 1293 uno
1379 1256 1504 1306 semper
1529 1258 1631 1293 modo
1660 1257 1793 1295 affecta-

402 1303 485 1340 sunt.

433 1356 477 1388 Ex
491 1352 607 1401 quibus
627 1354 730 1402 liquet
754 1356 786 1389 in
803 1355 890 1390 sensu
915 1369 983 1392 non
997 1368 1131 1391 omnem
1144 1383 1153 1397 ‚
1175 1368 1273 1402 quam
1292 1354 1463 1403 quaerimus
1483 1385 1492 1400 ‚
1509 1357 1710 1392 evidentiam
1729 1355 1791 1392 effe

399 1401 534 1450 positam
551 1432 560 1446 ‚
577 1416 684 1451 neque
706 1416 782 1438 eum
798 1416 832 1439 ut
850 1403 950 1440 solam
969 1406 1115 1440 veritatis
1137 1405 1280 1453 regulam
1299 1403 1360 1440 esse
1383 1405 1616 1441 adhibendum.
1643 1407 1732 1441 Nam
1755 1418 1792 1442 ut

399 1454 523 1500 optime
541 1452 561 1487 ἐι
584 1455 655 1487 viro
679 1455 864 1500 pererudito
887 1456 932 1490 D.
945 1456 1040 1504 Cally
1059 1452 1268 1488 observatum
1293 1455 1410 1497 video,
1425 1457 1532 1490 omnis
1550 1453 1659 1503 regula
1673 1453 1714 1489 sic
1731 1455 1792 1490 do-

398 1512 496 1535 cente
512 1502 685 1536 Aristotele
702 1517 735 1548 4.
754 1502 957 1551 Physicorum
970 1532 979 1546 ,
991 1503 1134 1551 ejusdem
1144 1506 1272 1551 generis
1284 1502 1345 1538 effe
1357 1502 1459 1539 debet
1471 1533 1478 1546 ,
1490 1509 1524 1541 &
1542 1515 1680 1553 cognata
1689 1506 1793 1539 maxi-

399 1562 453 1585 me
467 1552 504 1584 iis
521 1550 560 1584 ad
576 1564 646 1598 quae
655 1551 828 1586 adhibetur
845 1565 947 1597 3certa
962 1565 1097 1601 quoque
1110 1552 1331 1600 &cequabilis,
1345 1566 1412 1588 non
1431 1553 1528 1588 fallax
1540 1571 1548 1596 3
1561 1553 1720 1602 generalis
1730 1554 1790 1588 de-

399 1601 499 1646 nique
511 1612 567 1634 aut
581 1604 761 1636 communis
776 1600 811 1636 sit
827 1602 951 1638 necesse
965 1601 1109 1652 est.Jam
1129 1604 1272 1650 cognitio
1283 1601 1428 1638 sensuum
1441 1604 1484 1637 est
1494 1615 1666 1651 corporea,
1681 1615 1791 1650 neque

400 1649 481 1682 adeo
502 1662 575 1683 cum
593 1649 726 1697 spiritali
736 1653 926 1699 cognitione
943 1651 1015 1687 satis
1027 1653 1153 1687 videtur
1164 1650 1284 1686 habere
1297 1654 1515 1699 cognationi53
1530 1651 1615 1687 fallit
1627 1653 1790 1688 interdum

398 1697 450 1732 seu
469 1697 667 1733 occasionem
678 1702 791 1734 erroris
812 1700 952 1749 praebet;
973 1714 1034 1736 nec
1047 1702 1186 1746 denique
1203 1703 1314 1735 omnia
1336 1700 1421 1736 sensu
1443 1704 1638 1751 percipimus
1654 1730 1663 1744 ,
1687 1714 1723 1735 ac
1745 1714 1788 1736 ne

398 1759 552 1793 corporea
566 1749 697 1794 quidem
713 1763 720 1785 ε
734 1747 807 1783 cum
823 1750 1034 1798 microscopio
1046 1750 1196 1797 quotidie
1208 1748 1334 1784 infinita
1343 1747 1533 1800 detegamus
1546 1780 1554 1792 ‚
1574 1763 1644 1798 quae
1655 1762 1789 1786 omnem

399 1797 487 1830 visus
505 1798 609 1831 aciem
627 1797 809 1846 fugiebant.
824 1800 887 1834 Sed
901 1812 1010 1847 neque
1031 1799 1186 1833 circulum
1198 1827 1206 1841 ‚
1230 1810 1284 1833 aut
1302 1801 1496 1848 triangul-um
1518 1801 1702 1849 persedrum
1720 1799 1788 1835 uilo

398 1859 541 1892 unquam
553 1846 639 1880 sensu
655 1847 891 1895 perspeximus,
912 1848 1044 1895 qualem
1056 1860 1164 1884 mente
1181 1850 1391 1895 concipimus.

446 1895 511 1928 Sed
527 1895 646 1931 merito
659 1896 709 1931 hic
720 1900 819 1944 quaeri
833 1899 950 1946 potest,
966 1910 1122 1946 quatenus
1139 1896 1275 1932 sensibus
1288 1896 1366 1930 fides
1379 1896 1414 1930 iit
1424 1897 1620 1940 adhibenda,
1640 1902 1673 1932 δε
1686 1909 1788 1943 quan-

397 1944 439 1976 do
451 1947 480 1978 ·?n
493 1946 528 1977 iis
546 1948 690 1980 veritaris
701 1949 867 1982 criterium
883 1947 918 1983 sit
934 1948 1201 1982 constituendum.
1222 1948 1287 1980 Vix
1303 1947 1387 1980 enim
1402 1946 1570 1992 quilqtmm
1597 1947 1628 1980 id
1648 1948 1785 1993 Epicur-o

397 1993 509 2033 sitibit,
524 1994 645 2028 nullum
657 2008 802 2042 unquam
818 1996 889 2032 falli
901 1995 1021 2032 sensum
1038 2012 1046 2038 ·‚
1067 2009 1103 2029 ac
1120 1995 1139 2029 si
1159 2007 1237 2029 unus
1256 1994 1356 2028 sensus
1376 1993 1472 2029 semel
1496 1997 1527 2029 in
1545 1997 1612 2029 vita
1631 1997 1786 2030 mentitus

395 2040 451 2085 lit,
462 2042 541 2077 nulli
555 2055 697 2090 uuquam
712 2043 771 2078 elle
790 2046 985 2080 credendum
1000 2063 1010 2088 ·,
1024 2056 1079 2079 aut
1094 2043 1193 2079 solem
1209 2073 1218 2087 ‚
1238 2046 1294 2091 qui
1305 2043 1401 2079 nobis
1417 2043 1501 2090 quasi
1519 2043 1676 2092 bipedalis
1695 2045 1786 2080 vide-

398 2104 448 2126 tur
460 2121 469 2134 ‚
485 2105 551 2126 non
561 2092 667 2126 multo
678 2091 739 2128 esse
750 2098 914 2140 majorem.
937 2094 998 2129 Sed
1010 2108 1076 2129 non
1092 2092 1252 2128 continuo
1274 2095 1307 2128 in
1320 2091 1478 2128 diversum
1496 2094 1695 2142 peccandum
1709 2094 1751 2128 est
1770 2122 1783 2138 ‚

397 2153 451 2175 aut
472 2154 608 2175 ornnem
619 2140 776 2178 debemus
794 2141 931 2178 sensibus
952 2143 1049 2178 fidem
1061 2142 1229 2191 abrogare.

428 2191 462 2223 Id
476 2193 584 2238 imque
599 2194 705 2238 primo
718 2190 790 2226 loco
806 2192 899 2227 nobis
917 2193 1119 2227 statuendum
1138 2193 1267 2226 videtur
1280 2221 1288 2235 ,
1313 2193 1452 2239 primum
1478 2195 1597 2227 mentis
1621 2191 1784 2241 alpedrum

399 2237 449 2271 siu
462 2242 707 2287 perceptionem
719 2244 763 2275 rei
775 2241 950 2290 simplicem
975 2241 995 2278 a
1020 2240 1105 2277 sensu
1120 2243 1278 2286 originem
1289 2241 1376 2275 suam
1389 2242 1504 2275 ducere
1517 2257 1523 2277 z
1536 2242 1615 2276 adeo
1626 2255 1659 2276 ur
1671 2255 1782 2276 verum

400 2287 434 2319 sir
450 2288 527 2321 illud
544 2292 832 2337 Peripateticorum
852 2290 985 2328 effitum
997 2321 1005 2333 ‚
1034 2290 1114 2327 nihil
1130 2289 1189 2325 esse
1201 2293 1232 2324 in
1248 2289 1424 2334 intellectu,
1435 2289 1521 2337 quod
1533 2305 1598 2326 non
1609 2289 1695 2339 priris
1711 2291 1781 2326 fue-

400 2338 439 2368 xit
459 2336 601 2374 insensu.
624 2342 668 2374 Ac
683 2340 873 2388 plerumque
894 2342 1039 2376 distincta
1065 2347 1095 2376 S<
1110 2339 1193 2373 clara
1214 2338 1357 2374 sensuum
1378 2342 1522 2388 cognitio
1543 2341 1721 2375 distinctam
1748 2341 1782 2374 in

401 2390 599 2433 mentepiiit
617 2392 883 2437 perceptionem:
908 2392 1058 2439 quamvis
1077 2401 1116 2424 cx
1138 2387 1268 2424 confusa
1289 2388 1431 2425 sensuum
1459 2391 1666 2438 perceptione
1692 2399 1780 2423 mens
