1857 2745
400 142 752 181 TRACTATUS
798 145 1119 182 SECUNDUS.
1425 162 1451 184 rr

122 210 146 232 2·-
159 192 208 231 An
226 194 360 230 materia
373 196 477 242 prima
493 193 535 228 ab
551 193 612 228 alia
623 193 715 241 possit
730 193 834 242 specie
850 194 998 238 differre,
1027 208 1101 229 curn
1117 193 1241 230 nullum
1258 193 1378 230 habeat
1396 163 1449 230 zic-

75 256 160 287 mm,
176 256 230 292 per
242 257 338 290 quem
349 242 390 276 ab
408 244 468 277 alia
486 243 647 289 discrepet.
658 242 759 289 Qod
774 242 794 276 fi
809 242 938 289 aliquod
952 242 988 277 lit
1005 256 1119 291 corpus
1139 246 1264 291 penitus
1286 246 1401 278 incorn
1434 270 1449 274 -

76 291 170 329 tibile
182 321 192 336 ,
211 294 242 326 id
254 294 380 339 proprie
393 304 431 326 ex
447 293 581 325 materia
589 304 655 326 non
669 291 811 326 constat:
832 289 906 324 crim
924 304 962 325 ea
978 291 1014 326 fit
1034 294 1181 339 potentia
1206 293 1246 326 ad
1264 291 1350 326 aliud
1367 257 1449 335 είῖιξ,

72 352 182 387 neque
197 341 324 374 aliunde
338 339 483 388 cognosci
495 351 590 386 queat
600 340 697 386 quam
708 352 745 373 ex
754 341 962 387 generatione
974 345 1006 375 ὃ(
1018 343 1235 387 corruptione.
1251 340 1348 375 Tolle
1363 343 1450 376 enim

72 391 289 426 mutationem
306 386 542 423 substantialem
554 416 562 430 ‚
580 387 686 423 nullus
705 391 765 422 erit
784 387 919 435 amplius
930 390 1072 422 materiae
1086 391 1194 435 primae
1206 387 1287 423 usus.

111 452 134 483 3.
149 438 257 484 Qaeri
267 435 347 471 solet
363 450 403 471 an
414 438 548 471 mater-ia
562 436 829 484 formasappetat
846 465 856 479 ‚
886 434 972 483 quasi
991 435 1043 470 sua
1068 436 1173 471 forma
1193 450 1260 471 non
1281 437 1321 470 ad
1335 450 1449 474 votum

73 486 219 522 satietur:
230 485 281 518 ista
293 486 425 531 quidem
443 485 462 520 a
471 486 560 519 reeta
569 484 815 532 philosophandi
827 487 970 526 tatione,
988 496 1024 518 ut
1033 485 1166 532 puerilia
1186 491 1218 521 δέ
1229 484 1346 520 nullius
1363 487 1448 520 utili„

74 537 147 570 tatis
165 532 233 567 sunt
244 534 430 579 rejicienda.
451 535 618 581 Appeiitus
632 536 719 567 enim
732 533 785 567 ille
798 535 940 567 materiae
950 532 1030 567 nihil
1046 533 1089 566 est
1101 533 1184 566 aliud
1199 533 1296 579 quam
1316 535 1396 569 ordo
1408 534 1450 569 ab

72 582 217 619 Authore
235 593 350 615 naturae
362 583 516 616 institutus
530 610 539 624 ‚
560 594 626 628 quo
641 584 777 616 materia
798 580 835 615 fit
857 593 932 629 apta
946 580 1063 621 foi-maz
1084 582 1286 628 excipiendae.
1301 583 1400 617 Unde
1417 588 1453 620 ὃς

73 634 174 678 turpis
182 628 224 663 ab
237 630 404 664 Aristotele
418 633 617 666 nominatur:
634 628 720 676 quod
734 628 768 663 sit
783 629 931 664 informis
948 658 958 673 ‚
984 634 1018 666 &
1032 631 1137 664 omnis
1151 629 1236 663 illius
1248 631 1343 664 decor
1353 630 1373 665 a
1383 631 1452 665 for-

72 692 127 715 ma
140 679 270 713 oriatur⁶
279 681 377 712 «Vana
388 681 496 725 itaque
511 678 648 712 est'inter
659 680 857 713 Avicennam
870 684 902 714 &
911 680 1087 713 Averro‘c'm
1099 678 1140 712 de
1149 677 1257 725 illoap
1283 681 1360 713 etitu
1373 692 1452 714 con-

72 725 227 763 troversia
240 738 310 769 ‚ac
325 726 441 762 merito
454 738 552 774 negat
562 729 740 762 Avicennas
759 728 926 761 materiam
949 739 1043 762 novae
1061 726 1174 761 fotmae
1189 738 1251 773 qua
1264 739 1274 759 ι
1293 726 1451 761 desiderio

73 776 228 823 languere
243 788 263 810 :⁴
274 775 361 821 quod
372 774 441 808 fieri
451 788 518 809 non
530 773 719 822 posset-citra
734 776 844 810 odium
866 780 899 811 &
920 775 1080 810 fastidium
1098 779 1161 822 ejus
1179 775 1293 809 formae
1315 788 1375 822 qua
1390 789 1460 824 p0-·

73 826 158 859 titur.
174 823 235 857 Sed
257 822 378 857 Arabes
391 822 630 870 Philosophiam
648 826 893 871 Peripateticam
918 824 966 858 his
994 826 1101 859 naeniis
1120 823 1354 859 deformarunt.
1378 825 1463 859 Hos

73 874 189 921 itaque.
197 871 423 916 dimittamus,
453 872 668 906 acmateriam
682 883 717 906 ut
734 872 813 919 quid
828 870 1012 908 absolutum
1024 875 1217 908 intueamur.
1243 873 1407 920 Sitigitue

590 968 737 1004 Secunda
759 971 788 1002 C
789 969 937 1015 melasio.-

121 1067 228 1100 Prima
242 1077 348 1100 rerum
365 1069 499 1100 materia
509 1063 652 1100 absolute
669 1065 928 1113 &metaphysice
941 1065 1080 1114 spectata
1091 1080 1158 1102 non
1175 1068 1218 1102 est
1240 1081 1318 1115 pura
1337 1080 1450 1115 poten-

72 1116 136 1156 tia,
153 1112 205 1148 sed
219 1117 381 1161 propriam
393 1113 705 1148 habetexistentiam
721 1128 728 1148 :
753 1113 865 1148 verum
884 1126 921 1147 ea
935 1117 1059 1149 ratione
1072 1115 1160 1149 nullo
1173 1118 1273 1150 modo
1294 1117 1340 1150 est
1360 1116 1453 1151 sensi-

70 1161 144 1197 bilis
161 1178 171 1203 ·‚
189 1174 249 1197 nec
260 1165 388 1210 proprie
405 1163 444 1195 ad
462 1160 622 1209 physicam
639 1160 926 1196 considerationem
940 1165 1092 1210 pertinet.

105 1210 200 1246 Proh.
213 1212 308 1247 concl.
319 1212 465 1245 Materia
488 1222 524 1244 ea
544 1212 670 1244 ratione
693 1209 833 1257 spe&ata
853 1210 934 1245 nihil
961 1210 1045 1244 aliud
1074 1213 1200 1258 concipi
1215 1213 1318 1259 potest
1339 1224 1453 1261 praetet

72 1261 177 1306 prima
190 1271 296 1293 rerum
313 1259 472 1293 elewenta
485 1287 494 1301 ‚
519 1272 583 1293 non
597 1271 718 1305 ea-quae
736 1257 874 1293 sensibus
898 1258 1118 1305 objiciuntur,
1138 1258 1188 1293 sed
1212 1273 1347 1308 corpora
1365 1275 1452 1308 quae-

72 1307 148 1342 dam
158 1309 290 1342 minima
298 1307 453 1342 inseffilia
466 1336 476 1350 ‚
501 1305 653 1355 simplicia
667 1336 676 1350 ‚
693 1320 761 1354 quae
775 1307 794 1342 ὲ
812 1310 886 1341 Deo
899 1319 1005 1342 creata
1025 1307 1113 1350 sunt3
1142 1320 1278 1355 quaeque
1295 1310 1378 1345 forte
1394 1323 1453 1357 ge⁶

71 1358 174 1390 nerari
184 1359 385 1403 &corrumpi
404 1367 587 1401 nequeunt:
602 1358 719 1389 cumin
730 1355 1132 1403 minora,autsimpliciora
1145 1355 1234 1390 abire
1242 1371 1310 1392 non
1323 1357 1446 1405 poffint-

72 1406 233 1439 Sicetiam
254 1407 424 1438 materiam
447 1414 572 1437 veteres
601 1402 786 1450 Philosophi
807 1402 878 1437 sunt
900 1402 1135 1451 contemplati,
1157 1416 1254 1450 quam
1279 1404 1396 1440 merito
1413 1417 1449 1439 ut.

72 1452 211 1487 alienam
224 1453 243 1487 ἐι
254 1451 383 1500 Physica
393 1453 492 1498 rejicit
505 1450 691 1484 Aristotcles
710 1465 717 1486 :
735 1450 820 1497 quod
836 1463 871 1484 ea
889 1450 959 1485 solo
976 1450 1142 1487 intellectu
1157 1480 1166 1494 ‚
1191 1465 1258 1487 non
1277 1453 1363 1488 sensu
1378 1467 1451 1501 per-

71 1502 220 1548 cipiatur.
243 1500 334 1534 Hinc
350 1499 405 1535 lib.
426 1502 454 1534 8.
468 1499 615 1545 Metaph.
629 1511 699 1546 cap.
719 1514 752 1545 4.
771 1499 928 1546 triplicem
946 1503 1086 1534 matetiae
1099 1503 1320 1547 acceptionem
1335 1501 1430 1537 affert
1442 1531 1450 1545 ‚

70 1560 143 1583 cum
153 1549 249 1582 docet
261 1577 270 1591 ‚
296 1561 335 1581 ex
347 1547 451 1581 eodem
459 1546 536 1591 fieri
545 1549 768 1594 omniniprimo
786 1562 796 1580 .·
823 1548 890 1582 haec
904 1548 950 1582 est
966 1550 1054 1582 enim
1068 1551 1203 1582 materia
1215 1549 1448 1596 generalissime

71 1608 221 1644 accepta,
256 1594 423 1631 substantia
438 1597 586 1630 nimirum
600 1594 744 1638 extensa,
762 1595 825 1630 uta
841 1595 1000 1639 Cartefio,
1022 1602 1055 1632 δε
1071 1597 1090 1632 ὲ
1110 1597 1270 1631 nonnullis
1290 1600 1449 1633 recentio-

71 1644 159 1680 ribus
183 1644 353 1692 usurpatur.
368 1646 454 1680 Tum
467 1644 556 1678 addit
568 1654 652 1686 ‚aut
668 1656 707 1676 ex
720 1645 825 1688 iisdem
845 1655 1000 1690 tanquam
1011 1647 1122 1691 primis
1137 1658 1144 1677 ;
1165 1644 1230 1679 haec
1249 1645 1321 1680 sunt
1341 1649 1448 1693 prima

73 1705 178 1728 rerum
190 1694 380 1735 elementa,
401 1693 441 1726 de
451 1691 566 1738 quibus
587 1704 671 1726 nunc
681 1694 814 1738 agimusi
834 1692 888 1735 Est
898 1704 1020 1730 tamen,
1040 1694 1165 1740 inquit,
1190 1694 1330 1738 quadam
1348 1704 1450 1728 mateJ

71 1743 123 1775 ria
140 1743 284 1786 cujusque
301 1743 431 1789 propria
447 1756 456 1774 .·
479 1739 606 1789 Physica
618 1743 769 1774 nimirum
790 1741 829 1774 de
840 1753 903 1786 qua
919 1739 1080 1799 superiore
1096 1736 1293 1775 conclusione
1311 1745 1461 1789 egimus,„,

74 1801 143 1836 quae
157 1789 239 1824 nihil
253 1789 299 1823 est
313 1788 369 1824 nisi
380 1791 526 1836 potentia
544 1818 553 1831 ,
579 1801 712 1834 quaeque
724 1791 831 1823 actum
843 1789 932 1823 suum
957 1802 977 1823 a.
998 1789 1102 1824 forma
1115 1791 1233 1836 excipit
1244 1813 1254 1832 -,
1276 1795 1311 1826 ὅς’
1325 1791 1363 1823 ad
1377 1803 1465 1825 cor-v

72 1850 133 1886 pus
150 1837 291 1872 sensibile
305 1839 446 1885 pertinet
459 1850 465 1870 :
478 1837 528 1871 sed
538 1838 642 1884 prima
655 1836 815 1872 elementa
828 1837 973 1871 absolute
988 1836 1130 1886 spefilata
1146 1837 1232 1872 suam
1246 1837 1465 1873 habentem--

75 1887 224 1921 stentiam
239 1900 260 1920 :-
274 1885 427 1921 imosssunt
441 1888 525 1920 entia
544 1888 575 1920 in
591 1885 645 1918 suo
659 1897 776 1932 genere
788 1885 952 1932 completa
964 1898 1060 1934 :ergo
1074 1888 1208 1920 materia
1225 1886 1286 1921 hoc
1297 1885 1384 1922 sensu
1398 1899 1449 1921 ac-

73 1946 167 1982 cepta
187 1934 269 1970 suam
284 1934 383 1968 habet
397 1935 604 1968 existentiam.
1178 1978 1181 1980 v

102 1982 298 2027 Confirm.1n
313 1982 447 2030 simplici
458 1982 622 2016 elemento
631 1980 700 2016 uta
716 1981 809 2016 nobis
821 1984 1015 2029 concipitur,
1033 1981 1111 2016 nihil
1126 1981 1172 2015 est
1184 1981 1268 2016 aliud
1281 1980 1373 2030 ‘quod
1388 1996 1448 2030 po-

76 2033 185 2066 tentiae
200 2057 221 2074 ,.
233 2031 313 2066 nihil
332 2031 419 2077 quod
436 2029 676 2065 formaehabeat
692 2033 853 2065 ratio-nem
866 2059 874 2072 ‚
894 2029 949 2064 nisi
963 2030 1046 2066 forte
1062 2029 1269 2065 substantiam
1285 2031 1464 2067 extensanr

77 2082 216 2114 materia:
228 2082 360 2114 nomine
375 2077 568 2126 designemus
590 2093 597 2113 :
625 2091 696 2125 quae
715 2082 827 2125 utique
844 2081 906 2113 erit
919 2081 1035 2113 mentis
1051 2078 1184 2127 praecifio
1197 2108 1206 2121 ,
1224 2094 1291 2115 non
1307 2092 1444 2116 naturae:
1458 2095 1460 2097 ·

77 2138 113 2160 ut
125 2139 197 2162 cum
209 2139 305 2163 mens'
317 2127 414 2162 aliam
427 2127 621 2169 substantiae‘,
637 2127 733 2161 aliam
744 2130 897 2171 corpori5‚
907 2127 1001 2161 aliam
1012 2127 1158 2162 animalis
1175 2130 1343 2162 notionem
1355 2127 1448 2163 effin-

76 2176 125 2221 git
141 2189 149 2209 :
170 2175 242 2210 curn
256 2189 316 2211 una
329 2176 502 2212 &indivisa
516 2176 564 2210 his
578 2174 710 2210 vocibus
728 2188 776 2209 res
792 2175 981 2222 subjiciatur.
992 2178 1045 2209 Sic
1055 2175 1111 2210 ubi
1136 2188 1225 2210 mens
1236 2179 1267 2210 in
1282 2176 1450 2213 elemento

78 2221 306 2269 simplicissimo
317 2226 384 2258 duo
398 2225 560 2272 distinguit
571 2253 581 2266 ,
603 2236 700 2258 unum
717 2224 881 2270 quoddam
901 2236 1074 2259 commune
1091 2224 1178 2267 quod
1204 2224 1364 2272 perficitur
1375 2254 1384 2268 ,
1402 2226 1448 2260 al-

78 2283 147 2305 rum
161 2272 246 2317 quod
260 2272 383 2318 perficit
403 2272 509 2315 ;*illud
525 2275 665 2307 materiae
678 2300 686 2313 ,
706 2272 767 2306 hoc
783 2271 893 2306 formae
911 2274 1042 2307 nomine
1060 2271 1199 2318 designat
1217 2289 1224 2314 3
1244 2286 1309 2307 non
1329 2274 1450 2309 idcirco

79 2318 242 2354 distinstio
256 2331 350 2366 quam
364 2321 428 2367 ipsa
439 2321 536 2363 facit,
557 2320 649 2355 rebus
665 2321 711 2354 est
720 2320 901 2368 affingenda
915 2335 922 2356 :
938 2320 1198 2367 quandoquidem
1220 2321 1350 2369 fimplex
1370 2322 1451 2358 illud

79 2365 279 2403 elementum
292 2373 331 2409 'in¹
340 2379 460 2416 parta,
472 2368 528 2404 nisi
538 2369 623 2406 forte
637 2369 855 2419 homogeneas
866 2374 899 2408 ὃς
908 2368 951 2406 sui
960 2367 1076 2406 fimiles
1091 2369 1192 2406 dividi
1208 2383 1273 2405 non
1288 2372 1403 2415 potest.

1181 2417 1309 2468 Sssij
