1857 2745
479 119 551 154 DE
588 115 1085 154 PRAEmCAMENTIS.
1416 131 1467 159 ις

91 166 265 211 imminuta
285 164 467 204 relatione:
483 179 520 202 ut
533 169 643 215 augeri
663 167 765 215 potest
775 165 896 201 albedo
911 168 945 201 in
963 168 1108 214 pariete,
1121 177 1195 201 cum
1215 164 1386 200 similitudo
1403 133 1467 214 ipis

91 221 263 254 minuatur:
277 218 361 265 Ergo
375 215 490 251 relatio
504 217 547 250 est
557 216 636 263 quid
648 216 830 250 distinan
844 214 863 252 ὲ
877 214 1102 250 fundamento.
1114 214 1216 249 Simili
1227 217 1351 249 ratione
1364 216 1467 262 potest

92 265 295 314 multipliciri
313 265 427 300 relatio
437 294 447 309 ‚
468 267 616 312 quamvis
649 265 740 300 idem
768 275 901 300 maneat
925 264 1174 300 fundamentum
1197 277 1206 300 z
1229 275 1264 298 ut
1289 265 1323 297 in
1350 264 1467 299 eodem

93 314 226 350 homine
241 312 374 349 infinitae
388 327 488 363 prope
501 313 572 348 sunt
580 313 764 348 relationes.

89 383 93 386 «
126 364 216 411 Resp.
241 365 304 398 His
326 369 359 400 ὅ(
372 365 441 397 aliis
456 376 523 411 quae
537 362 644 398 afferri
660 361 787 411 polsunt
807 392 818 406 ‚
835 361 1007 398 virtualem
1033 358 1179 396 sufficere
1205 361 1446 397 distinetionem
1458 393 1467 404 ,

90 422 162 447 tum
174 419 283 447 titurio
292 413 388 447 auc‘to
401 441 410 456 ‚
422 412 561 447 alterum
576 425 643 448 non
657 424 827 460 augeatur:
843 424 919 446 nam
932 409 1063 445 effentia
1078 413 1170 447 rei&
1186 413 1303 445 entitas
1321 423 1419 445 unum
1433 417 1467 448 ὅ(

89 461 179 495 idem
194 461 266 495 sunt
282 460 412 495 realiter
425 490 435 504 ,
447 463 596 509 quamvis
615 463 724 509 augeri
737 464 771 496 in
786 472 921 508 corpore
934 458 1028 508 poffit
1048 462 1165 494 entitas
1178 488 1187 502 ,
1208 472 1276 494 non
1290 460 1384 493 aneta
1399 465 1468 506 ejus

89 508 239 552 effentia3
257 521 324 544 tum
338 512 436 544 etiam
458 522 494 545 ut
510 522 576 544 uno
589 512 686 545 aristo
697 539 706 553 ,
721 508 936 547 &intensiore
948 508 1038 543 fa&o
1050 537 1059 550 ,
1080 509 1107 542 a'
1115 520 1220 543 terum
1242 509 1423 542 remittatur
1436 515 1472 545 ὃς

87 560 261 593 minuatur.
283 560 374 594 Nam
386 558 502 594 relatio
513 588 523 604 ,
540 571 575 593 ut
587 558 757 594 similitudo
776 560 907 607 proprie
923 570 991 593 non
1008 568 1143 606 augetur
1157 557 1266 604 quoad
1286 558 1471 595 entitatem.

88 605 140 641 sed
158 618 282 642 tantum
303 610 476 656 improprie
487 636 496 651 ‚
507 620 666 656 quantum
678 607 719 642 ad
733 609 1043 643 denominationem.
1065 609 1180 652 ltaque
1197 605 1342 653 distingui
1364 607 1468 653 potest

88 656 303 699 antecedens,
322 654 343 690 si
360 669 409 690 res
424 660 554 706 proprie
566 660 673 703 augeri
688 656 782 705 poffit
795 686 805 700 ‚
817 668 873 691 aur
885 657 1007 699 minui;
1023 656 1149 690 intendi
1168 660 1203 691 &
1217 656 1359 697 remitti,
1376 655 1415 690 C.
1436 657 1468 689 Si

86 707 197 751 augeri
210 703 304 752 poffit
316 715 441 740 tantum
456 735 466 749 ‚
485 707 538 741 vel
546 698 647 741 min⁹ui
661 707 837 753 improprie
848 709 884 741 &
899 707 1023 739 ratione
1032 703 1319 739 denominationis,
1329 705 1373 740 N.
1384 704 1468 748 Qae

86 749 203 786 solutio
218 764 258 786 ex
277 753 369 788 dictis
381 756 522 801 apertior
532 755 578 788 est
593 754 691 802 quam
703 765 738 788 ut
754 764 849 802 egeat
862 753 1093 801 explicatione.

114 800 245 846 Instant.
271 802 339 836 Res
362 802 478 838 eadem
492 816 559 838 non
578 803 681 852 potest
695 802 978 838 denominationes
1002 802 1267 838 contradi&orias
1292 799 1469 850 suscipere,

85 847 140 884 nisi
150 849 262 885 eadem
276 862 434 887 mutetur:
449 854 532 900 Ergo
545 865 618 887 cum
635 854 738 900 paries
751 864 789 886 ex
799 851 892 886 simili
909 850 947 886 fit
963 850 1137 895 diffimilis,
1159 862 1213 885 aut
1229 852 1336 885 minus
1351 849 1468 894 similis,

87 896 126 932 fit
137 900 170 933 in
183 911 224 933 eo
237 899 344 947 aliqua
354 902 493 935 mutatio
503 929 512 943 ,
523 906 555 937 &
566 913 652 936 nova
664 900 710 934 illi
725 903 842 935 entitas
855 898 1051 947 supervenit.

123 947 303 994 Responfiaem
316 953 382 995 jam
396 948 476 991 fuit,
488 950 680 983 antecedens
696 961 808 983 verum
822 947 881 983 effe
891 951 922 982 in
944 947 1037 983 rebus
1049 946 1204 982 absolutis
1225 977 1234 991 ‚
1247 961 1313 982 non
1331 949 1413 983 item
1435 952 1468 985 in

86 994 240 1032 relativis.
263 998 316 1031 Sic
340 1000 428 1032 Deus
445 1000 525 1032 citra
537 996 582 1032 sui
607 1000 822 1033 mutationem
836 1027 845 1041 ‚
863 995 919 1032 nisi
940 999 1116 1045 improprie
1142 997 1283 1040 dietam,
1310 996 1410 1032 faetus
1425 998 1466 1032 est

88 1043 227 1078 Creator
236 1074 244 1088 ‚
253 1056 308 1078 aut
320 1045 538 1093 Redemptor.

127 1094 262 1141 Vrgent.
280 1095 395 1128 Homo
407 1106 581 1141 antequam
604 1096 736 1142 genueri
743 1106 754 1128 t
769 1093 872 1128 filium
883 1123 892 1136 ‚
908 1105 974 1128 non
992 1092 1035 1126 est
1051 1104 1142 1140 pater
1153 1122 1162 1136 ‚
1178 1092 1254 1127 licet
1272 1091 1392 1128 habeat
1409 1107 1468 1142 po·

86 1143 224 1177 tentiam
245 1143 422 1191 generandi
441 1157 448 1181 :
475 1146 745 1192 Ergopaternims
778 1142 830 1178 seu
843 1143 959 1177 relatio
979 1142 1024 1177 est
1052 1142 1132 1188 quid
1170 1141 1316 1176 additum
1353 1143 1469 1178 funda-

86 1202 208 1227 mento·

120 1240 204 1289 Resp.
219 1242 267 1274 Di
264 1240 380 1286 stant.
403 1242 516 1276 Homo
531 1255 596 1277 non
612 1243 655 1278 est
667 1254 759 1291 pater
769 1252 927 1290 quantum
935 1241 977 1275 ad
989 1240 1304 1282 denominationem,
1322 1239 1375 1274 vel
1389 1254 1469 1277 conc

86 1291 292 1325 notationem
307 1291 346 1326 C.
360 1302 518 1337 quantum
532 1292 573 1325 ad
589 1294 762 1326 entitatem
773 1320 783 1334 ,
799 1293 842 1327 N.
858 1293 947 1326 Nam
958 1289 1082 1325 homini
1094 1301 1269 1336 antequam
1283 1301 1466 1337 generaret,

85 1337 167 1372 nihil
185 1339 306 1383 deerat,
328 1341 499 1387 quominus
514 1352 603 1388 pater
620 1341 796 1384 diceretur,
813 1339 869 1375 nisi
887 1341 1040 1374 terminus
1060 1367 1070 1382 ‚
1096 1340 1170 1386 qui,
1192 1349 1228 1372 ut
1249 1339 1386 1375 diximus
1406 1369 1416 1384 ‚
1436 1342 1469 1375 in

85 1385 242 1422 relatione
255 1390 438 1437 categorica
450 1389 494 1423 est
512 1391 658 1424 conditio
668 1387 731 1424 stne
746 1402 811 1437 qua
821 1402 897 1425 non.

122 1436 185 1468 Sed
200 1464 210 1478 ‚
228 1440 397 1482 inquiunt,
409 1437 495 1472 idem
509 1451 576 1473 non
592 1438 698 1486 potest
710 1437 769 1472 effe
780 1436 843 1472 sme
855 1437 966 1485 seipso,
976 1440 1059 1485 Ergo
1077 1435 1097 1471 fi
1115 1437 1368 1474 fundamentum
1390 1435 1469 1471 nihil

87 1483 131 1516 est
143 1483 325 1519 distinctum
337 1484 356 1519 Ξι
375 1485 553 1528 relatione,
572 1499 639 1520 non
649 1489 771 1533 poterit
789 1488 868 1519 citra
886 1486 1081 1519 relationem
1102 1485 1276 1528 consistere,
1290 1498 1350 1520 nec
1367 1486 1467 1519 homo

88 1533 150 1564 erit
169 1530 232 1566 sine
243 1535 456 1580 paternitate,
470 1544 524 1567 aut
536 1531 648 1568 album
665 1533 726 1567 sine
743 1532 957 1568 similitudine.

129 1580 217 1626 Resp.
231 1581 371 1615 eandem
390 1580 580 1615 adhibendo
591 1582 840 1616 distinctionem.
855 1583 922 1615 Res
940 1582 1054 1618 eadem
1078 1596 1143 1618 non
1152 1583 1260 1632 potest
1269 1580 1330 1617 effe
1348 1580 1412 1617 fine
1421 1580 1469 1616 se<

87 1626 162 1675 ipffi,
173 1629 282 1675 quoad
299 1631 488 1673 entitatem,
504 1630 543 1665 C.
561 1630 668 1676 quoad
681 1631 948 1664 connotationem
963 1660 972 1674 ,
989 1633 1034 1667 N.
1045 1633 1152 1667 Potest
1162 1634 1246 1667 enim
1261 1630 1323 1667 effe
1333 1661 1343 1675 ‚
1354 1643 1469 1677 quam-

86 1678 134 1711 vis
148 1676 228 1711 nihil
238 1680 377 1712 exterius
389 1690 557 1714 connotet.
570 1681 622 1713 Sic
636 1678 885 1713 fundamentum
897 1692 963 1714 non
975 1679 1062 1714 idem
1076 1681 1120 1714 est
1134 1693 1208 1716 cum
1221 1681 1380 1715 relatione
1392 1709 1402 1723 ,
1415 1690 1471 1714 aut

87 1725 187 1760 modo
205 1724 386 1774 respective
396 1756 406 1770 ‚
419 1726 439 1761 ii
450 1730 663 1762 connotativc
677 1727 818 1763 sumatur
832 1742 839 1762 z
859 1726 911 1762 sed
925 1728 1013 1763 idem
1027 1727 1150 1778 semper
1163 1729 1207 1763 est
1219 1727 1265 1772 ,si
1277 1730 1392 1763 entitas
1405 1727 1471 1762 sola

86 1772 257 1822 spectetur.
274 1776 364 1809 Idem
382 1776 429 1810 est
445 1779 533 1811 Deus
554 1781 587 1813 δ(
601 1787 724 1811 creator
735 1778 905 1813 entitative
919 1804 931 1820 ,
941 1788 976 1812 ut
994 1776 1180 1826 loquuntur,
1195 1790 1262 1813 non
1279 1777 1366 1811 idem
1378 1789 1469 1824 pror-

86 1822 133 1857 sus
145 1826 367 1860 connotative.

61 1917 63 1920 Α
133 1873 364 1920 Haeoquidem
379 1871 471 1908 fufius
491 1874 591 1920 quirin
608 1887 665 1923 par
679 1887 768 1916 erat,
786 1874 1066 1923 sumus-prosecuti
1080 1885 1227 1919 ,tumut
1255 1873 1388 1921 planum
1414 1871 1471 1908 fiat

85 1932 210 1968 quanto
228 1921 263 1956 stt
283 1921 402 1956 facilius
422 1921 576 1970 ejusmodi
587 1926 739 1958 entitates
761 1922 969 1971 supervacuas
985 1922 1145 1967 resecare,
1162 1923 1262 1971 quam
1283 1924 1382 1957 nimia
1399 1921 1472 1956 sub-

86 1969 212 2004 tilitatis
228 1970 434 2007 affeetatione
457 1982 507 2006 tot
522 1975 608 2007 entia
630 1975 709 2007 citra
721 1970 820 2007 ullam
834 1970 1056 2007 neceffitatem
1072 1984 1247 2021 congerere
1263 1986 1272 2014 ·‚
1289 1983 1359 2005 tum
1372 1973 1471 2005 etiam

87 2029 124 2053 ut
133 2019 224 2054 modi
240 2032 353 2055 omnes
366 2019 547 2068 respecti-vi,
558 2033 638 2068 quas
652 2021 756 2068 aliqui
767 2032 801 2056 ut
810 2023 961 2055 entitates
983 2022 1134 2068 quasdam
1147 2020 1250 2056 solent
1271 2019 1447 2054 obtrudere
1457 2048 1471 2062 ,

88 2070 326 2103 uno&e0dem
348 2071 414 2105 ieru
436 2069 637 2116 dejiciantur.
664 2072 846 2118 Hiquippe
859 2069 939 2106 nihil
952 2069 1021 2106 sunt
1040 2069 1096 2106 nifi
1113 2070 1285 2105 relationes
1305 2068 1472 2115 quaedam,

88 2128 154 2152 non
174 2129 266 2151 novae
290 2120 461 2161 entitateS,
479 2119 520 2152 de
535 2118 651 2166 quibus
669 2119 847 2154 tam'multa
863 2121 1000 2154 minime
1012 2118 1188 2154 «necessaria
1210 2116 1474 2165 qua-fieruntzaa

88 2178 119 2201 v.
132 2166 279 2212 gr--modi
293 2166 372 2201 alios
383 2179 554 2214 procreent
569 2180 628 2211 3an
641 2166 759 2202 steriles
771 2167 830 2203 fint
840 2197 850 2212 ,
868 2181 908 2204 an
924 2167 1072 2217 subjectis
1088 2168 1265 2203 inhaereant
1277 2194 1286 2209 ,
1296 2165 1349 2200 vel
1362 2165 1471 2201 adhae-

92 2223 182 2248 teant
197 2231 204 2256 3
220 2226 260 2249 an
279 2216 393 2250 modus
404 2216 504 2250 modo
518 2215 766 2263 superveniat&
784 2216 845 2251 alia
863 2216 951 2251 bene
969 2217 1080 2253 multa.

129 2263 180 2295 -Ex
192 2264 228 2298 iis
237 2262 316 2297 illud
330 2266 429 2299 etiam
442 2265 604 2313 colligitur
615 2294 625 2308 ,
642 2265 836 2301 relationem
859 2265 943 2301 nihil
966 2264 1026 2301 effe
1040 2264 1095 2300 nisi
1117 2264 1362 2299 fundamentum
1373 2293 1382 2307 ,
1394 2276 1474 2307 qua-

93 2318 184 2342 tenus
199 2322 351 2346 connotat
367 2315 540 2348 terminum
556 2328 563 2348 :
583 2326 689 2361 neque
704 2319 790 2349 enim
801 2344 810 2357 ‚
827 2327 862 2349 ut
879 2326 963 2362 pene
985 2314 1238 2348 demonstratum
1261 2311 1477 2355 arbitramur,

90 2355 206 2394 relatio
222 2358 268 2392 est
283 2362 395 2396 entitas
409 2362 556 2410 quiedam
576 2362 820 2410 quantumlibet
844 2361 999 2399 levissima
1009 2392 1019 2407 ,
1033 2375 1102 2411 quae
1117 2361 1327 2397 fundamento
1342 2358 1473 2396 succresv
