1857 2745
671 152 700 186 L
723 153 757 187 O
791 151 820 185 G
853 152 868 185 1
894 151 924 187 C
947 152 996 187 ΑΞ.
1492 166 1504 187 i

169 199 357 239 Resolvitur
368 199 554 251 copulativa
565 200 744 251 propositio
766 200 827 235 hoc
842 201 942 236 niodo
952 229 963 245 ,
981 203 1083 237 virtus
1097 200 1141 235 est
1155 200 1232 249 quid
1250 199 1433 248 praeclarum
1447 230 1456 245 ,
1480 168 1518 236 ’.εξ

136 263 269 300 quoque
287 253 330 287 est
340 253 419 300 quid
432 250 623 300 praeclarum.

181 301 364 349 Propositio
373 302 567 349 disjunffiva
588 301 632 336 est
647 313 717 348 quae
734 301 854 336 constat
866 298 1023 349 particula
1033 328 1043 344 ,
1058 299 1112 333 vel
1125 327 1133 337 ‚
1148 309 1201 332 aut
1224 296 1376 333 similibus
1386 327 1396 342 ‚
1412 311 1449 334 ut
1461 312 1520 335 nu-

135 361 239 384 merus
251 364 306 398 par
318 351 360 386 cst
371 350 443 394 ‚vel
459 352 562 398 impar
578 368 586 394 3
603 362 754 385 movetur
773 349 817 385 soi
832 351 883 384 vel
906 361 998 385 terra.

170 398 358 435 Resolvitur
369 411 478 434 autem
496 401 560 434 haec
573 398 748 448 propositio
766 400 829 435 hoc
842 399 942 435 modo
957 409 1085 435 :motus
1101 410 1167 432 non
1179 399 1337 432 convenit
1352 395 1442 432 fimul
1463 395 1520 432 soli

135 451 171 484 δέ
185 459 275 482 terite
288 464 296 485 ι
309 452 470 484 convenit·
480 461 590 483 autem
606 449 758 485 alterutri.

169 499 220 532 Ut
235 496 467 546 propositiones
487 499 688 547 disjunetivae
701 497 758 533 sint
769 511 869 542 verae,
889 495 1013 533 necesse
1027 496 1070 530 est
1087 507 1122 531 ut
1140 498 1224 530 inter
1236 507 1283 529 res
1302 495 1474 543 disjunCtas
1487 493 1522 530 lit

136 546 327 582 immediata
342 547 488 594 quaedam
506 547 668 596 oppositio
679 578 688 592 ‚
701 548 786 582 secus
803 546 885 582 falsae
896 557 1051 582 erunt:ut
1062 543 1162 593 siquis
1173 546 1291 578 dixerit
1304 573 1312 587 ‚
1327 556 1380 578 aut
1392 556 1452 592 pax
1469 545 1521 587 est,

134 606 189 629 aut
205 594 349 632 bellum:
367 596 442 631 falsa
453 598 497 631 cst
510 597 565 631 illa
584 597 779 646 propositio:
797 594 922 645 pellunt
935 598 1021 630 enim
1031 593 1302 630 eiseinduciae.Sic
1313 592 1364 626 illa
1379 592 1522 641 proposi-

136 644 185 677 t‘io
201 672 210 687 ‚
226 643 303 680 licet
319 645 537 694 utplurimum
552 645 588 680 sit
601 660 677 682 vei-a
690 676 696 686 ,
711 658 800 681 aniat
817 657 873 679 aut
891 647 963 679 odit
975 644 1090 679 mulier
1103 672 1110 685 ‚
1125 642 1207 678 n‘hil
1233 643 1276 676 est
1299 645 1427 677 tertium
1442 659 1450 683 ·,
1466 655 1524 676 ne-

132 704 226 740 gatur
246 705 355 730 tamen
366 723 374 737 ,
388 706 422 729 ut
438 694 505 729 aliae
519 695 753 744 propositiones
768 693 948 742 compositae
965 723 975 737 ,
1001 706 1073 728 cum
1087 692 1242 741 particula
1254 720 1263 731 ‚
1282 704 1342 725 non
1357 719 1362 725 .
1382 693 1523 740 praemit-

135 742 214 774 titur
225 756 233 777 2
243 754 280 776 ut
291 756 357 777 non
373 746 479 778 omnis
492 745 605 778 mu'ier
623 746 759 778 odiraut
772 755 870 778 amat.

169 790 349 838 Propofitio
361 792 590 827 conditionalis
606 805 643 826 ea
657 794 710 835 est,
723 804 794 837 quae
808 791 932 827 constat
948 790 1114 841 particula,
1123 790 1220 835 fi,aut
1230 790 1292 824 alia
1311 803 1324 823 c
1329 790 1451 836 jusdem
1463 805 1524 840 po-

136 838 277 876 testatis:
295 852 329 875 ut
341 840 361 875 si
379 841 423 875 (ol
439 840 541 885 lucet,
552 842 621 875 dies
638 842 680 876 est
697 857 703 876 ;
719 839 739 874 fi
752 841 826 876 luna
839 842 934 891 plena
948 842 990 875 est
1005 853 1058 875 aut
1071 853 1159 875 nova
1172 868 1181 882 ,
1193 843 1288 874 mans
1309 841 1394 874 aestus
1416 841 1457 874 est
1476 841 1522 875 ιι1-

135 889 210 924 t-ior.
226 888 355 924 Illarum
369 902 476 925 autem
495 889 751 938 propositionum
768 903 839 938 pars
855 893 943 938 prior
960 903 1033 924 cum
1054 888 1120 938 ipsa.
1136 890 1325 924 conditione
1342 891 1453 936 junsta
1474 890 1523 924 di-

137 938 219 971 citur
229 939 434 981 antecedens,
451 939 611 986 posterior
622 938 818 986 consequens
831 940 894 973 dici
913 938 1004 974 solet.

170 986 358 1021 Resolvitur
386 987 440 1021 illa
468 986 644 1036 propositio
673 987 735 1022 hoc
761 988 861 1023 niodo
873 1015 880 1025 ,
908 990 940 1022 in
963 987 1144 1035 plenilunio
1164 999 1217 1021 aut
1234 986 1404 1022 novilunio
1429 990 1523 1021 maris

136 1036 220 1069 aestus
230 1036 273 1068 est
284 1035 380 1069 altior
395 1052 403 1078 -,
422 1047 511 1070 extra
529 1036 740 1082 plenilunium
755 1047 811 1069 aut
828 1036 1033 1070 novilunium
1043 1036 1128 1069 aestus
1150 1038 1246 1068 matis
1259 1037 1301 1069 est
1311 1035 1493 1082 depreslior.

173 1082 352 1131 Propositio
373 1084 603 1119 conditionalis
616 1096 693 1119 vera
705 1083 748 1118 est
759 1112 768 1127 ‚
779 1083 836 1117 ubi
846 1082 1030 1117 consecutio
1044 1084 1088 1117 est
1100 1083 1265 1131 legitima,
1284 1095 1339 1117 aut
1352 1096 1450 1118 ncxus
1466 1096 1526 1118 an-

138 1132 318 1167 tecedentis
332 1145 405 1168 cum
415 1131 636 1180 consequente
648 1130 884 1168 indiisolubilis.
903 1136 1017 1180 Itaque
1029 1135 1139 1181 negari
1163 1130 1243 1166 solet
1260 1131 1314 1166 illa
1344 1136 1522 1175 connexio,

137 1194 212 1216 cuni
223 1181 400 1218 refellitur:
414 1194 450 1218 ut
467 1181 488 1219 si
505 1184 601 1218 mutis
616 1181 810 1218 animalibus
832 1181 904 1218 finis
926 1183 1075 1231 voluptas
1088 1210 1097 1225 ‚
1122 1182 1210 1216 idem
1231 1194 1297 1218 non
1314 1184 1375 1216 erit
1396 1182 1523 1218 homini

140 1230 231 1267 finiss

173 1281 355 1329 Propositio
367 1281 502 1317 causalis
516 1294 554 1317 ea
568 1282 611 1317 est
626 1311 636 1326 ,
653 1294 722 1330 quae
733 1293 772 1317 ex
787 1280 910 1317 duabus
931 1281 1055 1317 constat
1074 1280 1346 1331 propositionibus
1369 1281 1525 1328 particula

138 1328 253 1365 causali
265 1360 275 1374 ‚
287 1333 382 1378 quia,
397 1344 452 1366 aut
469 1331 530 1366 alia
542 1330 634 1366 simili
645 1334 799 1366 connexis
813 1331 922 1380 :hujus
934 1334 1061 1381 generis
1077 1332 1120 1366 est
1132 1332 1188 1366 illa
1200 1331 1282 1379 apud
1297 1331 1438 1365 Plinium
1448 1343 1523 1378 pro-

137 1377 402 1428 pofitio.l11elius
423 1379 676 1428 omnibusqultm
686 1380 825 1429 fingulis
849 1381 1119 1429 crediturzsmguli
1132 1382 1215 1415 enim
1228 1381 1369 1427 decipere
1385 1379 1423 1414 (ῥ’
1437 1382 1524 1415 dcci.

136 1430 314 1476 pipoffunt;
324 1442 518 1464 nemoomncs
528 1459 538 1474 ‚
551 1431 703 1464 neminem
716 1442 819 1464 omnes
830 1429 1031 1474 ftfi’llerunt.
1042 1430 1256 1465 Refelluntur
1276 1428 1430 1477 ejusmodi
1447 1442 1523 1477 pro-

140 1475 326 1524 positiones,
340 1491 412 1513 cum
427 1491 467 1514 ne
491 1488 580 1519 'amus
602 1491 700 1513 unani
727 1477 788 1512 eise
806 1477 938 1513 alterius
953 1478 1096 1514 causam:
1114 1491 1148 1513 ur
1165 1477 1185 1513 si
1211 1481 1282 1525 quis
1297 1479 1432 1521 dixerit,
1458 1492 1525 1514 non

140 1523 278 1574 fingulos
290 1539 434 1570 tanturn,
473 1528 514 1560 ed
533 1533 566 1563 δε
580 1539 694 1560 omnes
712 1527 878 1560 interdum
896 1527 976 1563 falli.

175 1577 211 1608 ln
225 1574 367 1610 discretis
378 1574 652 1622 propositionibus
660 1574 855 1622 judiciorum
871 1574 1090 1610 diverlitatem
1108 1574 1270 1624 particulae
1280 1604 1289 1619 ,
1292 1576 1352 1621 sed
1367 1603 1376 1617 ,
1405 1587 1525 1620 tamen,

141 1634 196 1658 aut
205 1620 319 1658 similes
339 1621 506 1668 efficiunt,
522 1636 558 1659 ut

293 1674 335 1705 Et
351 1673 430 1706 mihi
459 1685 507 1706 res
521 1701 531 1711 ,
548 1687 609 1708 non
633 1687 683 1708 me
698 1671 788 1707 rebus
809 1672 1002 1720 fitbmt’ttere
1016 1687 1120 1710 conor.

137 1735 142 1739 ·
166 1719 339 1770 Ejusmodi·
347 1719 602 1770 propositiones,
619 1735 688 1758 tuni
700 1721 855 1767 causales,
873 1722 1089 1758 tunidiscretae
1100 1723 1196 1759 facile
1207 1726 1238 1759 in
1255 1720 1410 1770 simplices
1427 1722 1523 1758 resol-

142 1780 261 1806 vuntur
276 1769 343 1818 ipsa
355 1769 511 1806 divisione
532 1783 589 1807 :ut
602 1771 712 1822 singuli
730 1770 857 1820 poffiuit
871 1772 967 1808 facile
984 1773 1137 1821 decipere
1150 1803 1160 1817 ,
1179 1778 1213 1810 ὅ(
1226 1773 1297 1807 deci
1324 1775 1354 1815 i,
1365 1786 1432 1808 non
1448 1775 1527 1808 item

142 1818 387 1862 omnes‚melius
401 1820 483 1854 adeo
493 1820 646 1857 omnibus
664 1834 760 1868 quam
780 1820 905 1870 singulis
920 1823 1072 1858 creditur.
1091 1825 1239 1865 Item,res
1256 1786 1351 1856 nobis
1365 1819 1436 1855 sunt
1453 1821 1527 1856 sub-

142 1870 328 1912 mittendae,
350 1882 416 1904 non
430 1881 541 1903 autem
558 1883 617 1906 nos
640 1870 796 1905 debemus
815 1869 910 1905 rebus
927 1869 997 1919 ipfis
1013 1870 1210 1906 submittere.

180 1918 362 1967 Propositio
374 1917 571 1967 exponibilis
585 1949 595 1963 ,
605 1931 662 1954 aut
671 1918 881 1968 explicabilis
893 1946 902 1956 ,
924 1918 977 1953 seu
993 1919 1150 1965 implicite
1161 1916 1338 1966 composita
1351 1929 1389 1951 ea
1403 1918 1447 1952 est
1456 1930 1527 1965 quae

142 1967 252 2002 verbis
272 1967 404 2016 simplex
422 1996 430 2006 ‚
454 1966 540 2002 sensu
559 1980 668 2004 tamen
686 1967 856 2016 complexa
876 1968 935 2011 est,
953 1968 1005 2002 vel
1020 1968 1132 2004 saltem
1145 1967 1286 2003 obscura.
1312 1968 1476 2014 roirca
1489 1979 1527 2001 ea

145 2019 246 2065 exigit
265 2029 301 2053 ut
318 2028 495 2066 exponatur
507 2030 564 2065 per
576 2017 685 2060 aliam,
699 2030 769 2064 quae
788 2029 956 2065 exponens
977 2018 1097 2052 idcirco
1111 2020 1280 2052 vocitatur.

186 2066 362 2115 Sextuplex
375 2078 485 2101 autem
499 2068 661 2104 statuitur:
673 2065 841 2112 exclusiva,
850 2069 1033 2116 exceptiva,
1044 2067 1528 2117 reduplicativa,comparativa,

145 2118 322 2164 incoepriva
335 2121 369 2153 &
381 2115 523 2152 desitiva.

171 2164 351 2213 Propositio
361 2166 403 2200 est
413 2164 581 2209 exclusiva,
597 2179 667 2213 quae
686 2166 808 2201 constat
825 2166 932 2214 aliqua
945 2167 1104 2214 particula
1118 2167 1321 2201 excludente:
1336 2165 1455 2201 ursolus
1467 2166 1528 2201 ho-

146 2227 203 2248 nio
220 2215 263 2249 est
275 2213 468 2250 discursivus:
480 2214 656 2264 hujusmodi
666 2212 843 2265 propositio
859 2215 936 2264 sae'pe
947 2216 1066 2263 duplici
1080 2219 1212 2251 nomine
1228 2215 1304 2250 falsa
1320 2214 1427 2258 est‚vel
1440 2215 1528 2264 quod

145 2263 337 2299 attributum
355 2263 498 2313 subjecto
509 2278 575 2300 non
593 2268 782 2307 conveniat,
796 2265 848 2299 vel
860 2264 947 2313 q'uod
963 2265 1002 2298 ad
1017 2266 1049 2299 id
1058 2265 1159 2301 solum
1171 2279 1236 2300 non
1247 2266 1419 2313 pertineat.

183 2313 235 2346 Sic
247 2325 286 2347 ea
304 2312 590 2359 resolvitur‚lionio
611 2315 653 2350 est
668 2311 852 2350 discurfivus
866 2343 873 2353 ‚
895 2320 929 2351 &
946 2314 1068 2351 nullum
1085 2314 1171 2349 aliud
1201 2313 1321 2350 animal
1342 2314 1387 2349 est
1403 2313 1521 2350 discur-

150 2360 259 2397 sivum.

182 2408 361 2460 Propositio
371 2415 539 2463 exceptiva
547 2425 586 2450 ea
598 2414 714 2449 dicitur
729 2425 800 2462 quae
814 2412 935 2449 constat
954 2413 1108 2462 particula
1124 2416 1306 2463 excipiente
1327 2428 1334 2449 :
1352 2412 1527 2460 cujusmodi

1276 2465 1299 2498 Β
1325 2465 1356 2510 iij
