1857 2745
119 191 206 227 ÷quas
220 181 251 214 in
263 179 425 227 principiis
441 190 498 225 per
509 177 538 211 le
548 177 791 223 notisquotidie
810 176 1000 226 detegimus.
1031 178 1094 211 Sed
1116 178 1246 211 deitatis
1260 177 1420 225 impressio
1437 147 1514 216 10ςέ

118 240 168 276 vge
182 230 284 263 minus
301 227 344 262 est
356 227 523 261 recondita
536 255 545 268 ,
567 225 666 272 quum
686 228 836 261 notiones
856 225 916 260 iliae
929 239 999 274 quae
1016 226 1057 260 ad
1078 225 1222 261 scientias
1232 230 1396 274 pertinent
1407 257 1416 271 ‚
1434 228 1508 265 cum

126 279 163 310 iis
174 279 230 324 qui
241 276 372 311 aliarum
388 276 627 324 penetomnium
639 273 708 308 sunt
728 276 830 328 ignari
843 274 1006 322 perspeeha
1029 273 1064 309 fit
1086 290 1094 309 ;
1110 287 1147 308 ac
1164 287 1263 309 nemo
1273 275 1342 310 fere
1357 277 1403 310 est
1418 306 1428 320 ,
1450 281 1508 326 qui

122 337 175 359 res
188 324 264 359 alias
274 326 419 367 noverit,
435 325 485 358 cui
495 323 602 370 aliqua
620 324 800 357 divinitatis
818 324 890 357 idea
903 336 971 358 non
994 321 1157 371 affiilgeat.

148 375 188 418 ’3.
200 377 310 409 Deum
323 373 499 408 existereut
510 372 610 406 finem
622 384 727 407 rerum
741 374 888 407 omnium
900 401 909 415 ‚
927 385 1002 407 curn
1018 384 1056 406 ex
1080 374 1118 405 iis
1133 384 1204 418 quae
1226 386 1301 407 mox
1317 374 1453 410 diximus
1467 377 1507 412 de

116 420 237 457 *summi
248 421 326 456 boni
341 423 498 470 appetitu,
510 433 577 455 tum
588 433 630 456 ex
642 419 730 469 ipsius
743 419 878 455 univerli
893 423 1048 469 regimine
1059 419 1153 456 facilc²
1163 422 1410 458 demonstratur.
1423 426 1510 460 Cum

123 472 211 504 enim
223 473 335 505 omnia
352 472 384 505 in
407 471 546 504 eundem
565 468 751 518 conspirent
768 469 883 513 finem,
906 468 1026 505 necelse
1051 470 1094 503 est
1111 481 1148 504 ut
1164 473 1197 504 in
1221 483 1295 504 euni
1313 470 1443 520 scopum
1467 474 1507 508 ab

123 518 229 566 aliqua
242 518 331 554 causa
347 521 524 568 dirigantur
540 548 550 563 ,
571 531 640 565 quae
654 531 727 553 cuin
740 518 775 554 fit
785 521 974 567 principium
989 519 1073 554 unde
1088 522 1198 553 onmia
1215 519 1336 554 fluxere
1349 549 1359 564 ,
1372 522 1415 556 est
1432 525 1510 558 item

112 566 251 602 ultimus
271 567 343 602 finis
362 598 371 611 ‚
396 571 427 602 in
437 580 535 615 quem
554 567 691 603 refluunt
700 566 854 604 universa.

160 616 308 660 Confi-rm.
320 618 403 664 Qae
416 617 466 651 hic
475 617 606 651 mundus
616 617 843 664 compleffitur
854 645 863 659 ‚
884 616 951 651 sunt
962 614 1135 665 composita
1149 619 1181 652 &
1193 615 1386 651 diffo'ubilia
1403 632 1410 652 :
1427 628 1504 668 ergo

117 664 246 700 necesse
261 666 307 700 est
325 678 361 700 ea
376 665 418 700 ab
433 667 540 713 aliqua
552 664 686 712 simplici
707 671 740 702 δέ
757 663 963 700 indilsolubili
982 677 1092 700 natura
1108 664 1289 699 conservari
1301 695 1310 708 ,
1331 672 1362 702 δε
1385 669 1418 701 in
1437 680 1504 702 cer-

118 724 188 747 tum
198 715 298 762 digeri
310 715 457 750 ordinem
469 729 477 750 :
491 716 693 761 quiquidem
707 715 788 748 ordo
807 717 838 748 in
851 714 912 748 hoc
923 717 1063 749 maxime
1074 712 1191 762 pofitus
1211 714 1252 747 est
1263 742 1272 756 ,
1291 725 1327 748 ut
1349 715 1502 750 inferiora

119 760 331 809 superioribus
351 762 524 799 subdantur
536 792 544 805 ‚
559 775 658 810 atque
678 775 778 797 unum
794 763 833 796 ad
856 763 939 798 aliud
959 762 1126 798 referatur.
1147 765 1201 798 Ne
1219 774 1296 810 ergo
1320 762 1414 798 detur
1427 777 1506 812 pro-

104 809 256 846 ·ceffusin
269 811 453 852 infinitum,
475 824 559 846 neve
577 814 681 847 omnis
696 813 834 847 intentio
847 824 962 847 naturae
976 810 1011 846 sit
1023 814 1112 846 irrita
1125 840 1135 854 ,
1158 810 1330 846 fistendurn
1348 813 1390 847 est
1408 815 1440 847 in
1460 814 1504 848 ul-

103 860 201 894 -timo
212 859 295 903 fine,
319 862 358 895 ad
371 873 467 907 quem
479 862 589 895 omnia
603 872 804 896 revocantur.
831 862 932 906 Qiod
945 863 1055 907 utique
1075 871 1302 908 argumentum
1321 861 1424 896 multo
1440 865 1500 897 eric

102 910 107 929 ³
119 906 311 944 luculentius
323 938 332 952 ‚
348 922 421 944 cum
432 908 600 944 artificium
612 921 730 944 naturae
744 938 754 952 ,
768 916 800 946 &
813 908 892 945 fines
913 912 945 945 in
957 911 1098 958 partium
1112 911 1256 957 corporis
1278 909 1329 945 usu
1339 910 1435 958 paulo
1454 912 1503 945 di-

102 955 272 1004 >ligentius
288 957 440 992 fuerimus
456 957 678 1005 contemplati.

155 1008 194 1040 Et
205 1005 276 1041 sane
285 1008 338 1052 qui
352 1005 392 1041 εὸ
402 1007 539 1041 stultitx'ae
550 1006 751 1040 devenerunt
763 1035 772 1048 ‚
795 1015 830 1039 ut
846 1006 957 1040 dicant
971 1008 1003 1040 in
1014 1004 1168 1051 cordefico
1178 1032 1186 1042 ‚
1211 1017 1270 1039 non
1289 1004 1329 1046 est
1345 1007 1455 1044 Deus,
1480 1008 1503 1043 fi

117 1056 325 1089 attenderent
335 1055 411 1089 illud
424 1069 488 1090 non
500 1053 560 1090 esse
569 1055 707 1089 hominis
720 1055 884 1102 prudentis
894 1055 926 1088 id
938 1066 1033 1103 agere
1049 1083 1058 1097 ‚
1078 1065 1133 1089 aut
1153 1056 1306 1088 omittere
1319 1083 1328 1096 ,
1350 1067 1406 1090 aut
1415 1059 1504 1105 cogi-

114 1113 197 1146 tare,
209 1105 297 1150 quod
311 1104 454 1138 detracta
465 1107 553 1139 omni
565 1102 616 1151 spe
627 1102 858 1146 emolumenti,
882 1105 1023 1151 ingentis
1042 1103 1242 1136 incommodi
1266 1101 1362 1136 affert
1376 1108 1502 1151 pericu..

102 1150 202 1187 ium:
226 1150 399 1200 cujusmodi
422 1154 465 1187 est
490 1152 638 1199 sacrilega
650 1151 796 1200 impietas
811 1151 951 1186 hominis
964 1153 1076 1185 Deum
1088 1152 1236 1197 negantis
1250 1178 1260 1192 ,
1283 1161 1318 1184 ut
1333 1155 1398 1200 ejus
1410 1152 1501 1188 obse-

102 1202 230 1246 ·quium
242 1206 277 1237 &·
286 1201 408 1235 cultum
425 1200 578 1250 abjiciat;
597 1201 661 1244 illi,
690 1203 840 1247 inquam,
869 1202 901 1235 in
924 1211 989 1234 tam
1009 1198 1176 1234 absurdam
1193 1198 1403 1234 stoliditatem
1431 1215 1498 1237 non

114 1250 322 1286 incurrerent.
336 1253 421 1299 Qis
432 1253 517 1286 enim
529 1263 595 1285 non
611 1250 700 1283 videt
709 1261 865 1297 quantum
877 1250 907 1282 ei
918 1247 1095 1297 periculum
1110 1249 1294 1291 immineat,
1313 1251 1371 1296 qui
1381 1252 1491 1285 Deum

113 1295 176 1332 effe
185 1301 372 1347 negaverit,
391 1299 490 1347 quam
504 1299 590 1335 nulla
605 1298 642 1333 fit
656 1297 871 1332 emolumenti
891 1297 969 1345 spes.

149 1347 213 1380 Sed
223 1360 361 1396 magno,
375 1350 483 1394 inquit
491 1347 604 1382 atheus
619 1376 629 1390 ‚
648 1358 700 1380 me
720 1357 827 1380 errore
839 1344 1058 1380 liberaverim-

148 1394 293 1430 Primum
310 1408 374 1443 qua
389 1397 518 1430 tandem
539 1394 813 1429 demonstratione
830 1394 861 1427 id
876 1396 1023 1435 evinces,
1046 1404 1159 1427 omnes
1185 1406 1268 1440 pene
1296 1394 1442 1430 homines
1460 1398 1494 1432 in

114 1455 222 1478 errore
242 1444 378 1481 versari?
398 1445 529 1480 Deinde
545 1456 586 1478 an
605 1443 690 1478 forte
712 1443 898 1477 indecorum
911 1441 972 1476 tibi
987 1440 1063 1476 effet
1075 1453 1148 1475 cum
1157 1441 1308 1477 omnibus
1329 1455 1496 1491 quotquot

87 1495 93 1513 1'
112 1494 307 1536 extiterunt,
333 1492 526 1541 sapientibus
543 1505 646 1526 errare
668 1496 678 1537 (
694 1492 846 1538 quoniam
865 1503 938 1525 eum
957 1502 1099 1524 errorem
1118 1501 1209 1537 putas
1227 1493 1237 1532 l
1262 1501 1271 1526 Ξ
1294 1503 1366 1526 curn
1384 1503 1494 1528 tamen

108 1544 226 1585 'namra
236 1541 299 1589 ipsa
314 1571 322 1584 ‚
342 1547 376 1578 δε
397 1543 541 1576 omnium
567 1541 735 1576 hominum
757 1539 921 1574 consensus
951 1539 1124 1573 authorem
1149 1537 1239 1572 suum
1266 1539 1494 1578 demonstrent.

112 1589 226 1623 Nulla
236 1590 276 1634 est
289 1593 388 1628 enim,
416 1602 452 1625 ut
466 1593 511 1624 ait
528 1590 645 1625 Cicero
657 1618 667 1632 ‚
689 1601 764 1636 gens
775 1599 840 1622 tam
854 1585 941 1629 fera,
962 1600 1024 1633 quae
1042 1600 1102 1620 non
1119 1614 1127 1624 ,
1146 1587 1267 1631 etiamst=
1277 1590 1398 1635 ignoret
1408 1600 1492 1635 qua-

112 1636 175 1670 le'm
196 1639 299 1671 Deum
316 1638 429 1672 habere
440 1638 562 1676 debeat,
575 1650 678 1671 tamen
690 1636 961 1681 Imbendnmfiiat.
978 1637 1067 1670 Hinc
1080 1634 1154 1668 scite
1165 1635 1248 1681 Aug.
1261 1637 1292 1669 in
1305 1635 1351 1670 Ps.
1366 1650 1404 1680 ¹3-
1420 1640 1493 1672 Nec

111 1685 170 1731 ipst
184 1687 337 1734 sacrilegi
353 1715 360 1725 ‚
385 1686 424 1720 ὠ·
443 1686 619 1731 detestandi·
634 1685 810 1732 Philosophi
822 1685 952 1731 quidam
972 1711 978 1720 ,
998 1686 1053 1730 qn?
1070 1684 1218 1732 perversis
1233 1683 1358 1728 &fizlsa
1372 1686 1410 1718 de
1420 1688 1489 1720 Deo

102 1735 256 1778 fintittnt.
270 1734 419 1782 aufifimt
441 1736 542 1768 dicere
555 1764 564 1778 ,
579 1748 637 1768 non
650 1734 689 1778 est
699 1735 802 1768 Deus.
824 1733 896 1766 Ideo
908 1733 995 1766 dixit
1014 1735 1045 1765 in
1058 1731 1214 1776 cordcflao
1230 1759 1240 1772 ,
1271 1734 1349 1777 quia
1373 1733 1490 1767 hocne.

111 1793 159 1814 mo
170 1783 268 1816 audet
280 1787 398 1819 dicere.
426 1784 548 1828 etiamst
561 1784 651 1828 atisin
662 1783 759 1824 fuerit
777 1784 926 1830 cogitare.
939 1783 1026 1816 Scite
1043 1780 1177 1828 quidem
1200 1781 1346 1814 Petavius
1362 1809 1372 1823 ,
1395 1781 1486 1832 huius

107 1832 273 1877 opinionis
285 1844 403 1866 mturae
419 1833 584 1867 homiuum
600 1830 695 1865 insitae
707 1843 775 1865 tum
785 1830 919 1863 vetustas
932 1859 941 1872 ,
958 1841 1028 1864 tum
1043 1828 1238 1878 perpetuitas
1259 1833 1292 1864 δε
1311 1829 1491 1865 constantia

83 1895 86 1898 ·
100 1880 254 1913 'veritatis
278 1880 374 1915 fidem
391 1881 481 1916 facit.
496 1883 616 1928 Neque
628 1879 703 1914 falsa
720 1878 851 1926 suspicio
863 1889 929 1912 tam
944 1876 1004 1912 effe
1015 1878 1195 1913 communis
1210 1878 1490 1926 omniumpotuit,

107 1926 198 1962 nullo
216 1929 250 1963 in
268 1941 340 1963 eam
351 1929 475 1963 foedere
486 1935 520 1967 ὃς
534 1932 630 1978 pacto
645 1957 653 1971 ,
671 1927 722 1963 sed
743 1926 809 1962 solo
822 1938 942 1961 naturae
958 1927 1108 1962 instinCtu
1122 1923 1377 1970 conspirantium.
1395 1929 1489 1961 Com..

110 1986 216 2009 munes
238 1977 311 2010 verb
326 1980 460 2012 notiones
475 1991 526 2011 eas
549 1980 601 2025 ‘ffi'
626 1979 703 2011 dicit
718 1976 866 2011 Salustius
881 1975 1089 2024 Philosophus
1107 1975 1127 2009 l.
1145 1974 1185 2007 de
1201 1975 1291 2016 Diis,
1313 1975 1353 2008 de
1373 1974 1489 2021 quibus

110 2025 303 2073 inthrogati
310 2028 458 2060 mortales
469 2040 581 2063 omnes.
593 2026 699 2060 eadem
713 2024 751 2060 (θ’
762 2026 915 2059 commum*
924 2036 998 2057 voce
1008 2025 1202 2073 respondent.
1213 2024 1250 2055 V
1248 2022 1313 2056 elut
1324 2023 1364 2068 est
1379 2025 1485 2059 Deum

80 2079 84 2096 :
108 2072 379 2121 omnem'bonnmq
403 2090 436 2116 c,
453 2077 524 2123 pati
542 2075 625 2110 nihil
637 2076 734 2122 prffe‚
755 2086 854 2119 neque
879 2074 1007 2107 mutari.

135 2121 208 2155 -Sed
226 2150 234 2164 ,
258 2123 406 2169 inquiunt
420 2152 428 2162 ‚
445 2126 534 2171 gravi
549 2136 647 2158 onere
657 2125 831 2170 premimur
848 2149 856 2163 ,
867 2133 938 2156 curn
952 2124 1059 2157 Deum
1077 2122 1192 2156 timere
1206 2121 1356 2159 &colere
1372 2128 1487 2156 tenea4

110 2176 200 2203 mur.'
210 2173 290 2205 Haec
303 2171 420 2207 scilicet
431 2173 473 2206 est
482 2171 602 2207 summa
615 2175 776 2206 rationum
791 2200 800 2213 ‚
818 2169 934 2217 quibus
948 2182 982 2205 ut
1001 2173 1108 2205 Deum
1124 2168 1164 2202 ab
1169 2173 1283 2216 jiciant
1295 2199 1303 2212 ‚
1323 2170 1485 2205 adducun-

113 2228 182 2259 tur,
202 2217 269 2263 qu¹o
284 2219 415 2255 liberius
434 2220 492 2255 suis
506 2220 515 2255 l
531 2219 696 2256 bidinibus
717 2219 869 2253 serviant:
883 2218 967 2265 quasi
978 2231 1044 2253 non
1062 2217 1167 2252 multo
1176 2221 1302 2266 gravius
1322 2218 1356 2252 sit
1368 2217 1486 2266 suppli-

94 2272 96 2275 ’
111 2267 194 2299 cium
210 2265 288 2300 saeva
299 2268 556 2311 consrieiitia‚aut
565 2281 674 2305 natura
686 2268 748 2316 ipsa
758 2269 789 2302 id
804 2269 908 2302 oneris
921 2279 986 2301 non
996 2264 1184 2315 imposuerit
1195 2296 1204 2311 ‚
1224 2268 1312 2315 quod
1324 2270 1430 2302 Deum
1444 2270 1485 2302 ti-

112 2316 213 2348 menti
226 2328 291 2349 non
305 2328 483 2364 grave,n0n
497 2318 653 2366 asperum,
670 2307 719 2351 sed
736 2316 809 2351 leve
821 2321 854 2352 δε
868 2314 962 2349 suave
979 2314 1117 2349 futurum
1127 2316 1180 2352 est.
1201 2316 1296 2350 Aede
1306 2314 1483 2350 moralibus

75 2368 78 2370 “
113 2366 305 2444 εὲςυηπὲιπίε
319 2368 604 2414 tantnmssluae'hoc
613 2367 682 2404 sunt
694 2366 849 2403 validiora
858 2363 925 2415 quo
936 2364 1089 2401 faciliora:
1107 2377 1192 2401 nunc
1200 2366 1238 2400 ad
1250 2363 1375 2413 phy-fica
1397 2375 1487 2400 tran-

139 2418 258 2449 eamus.
