1857 2745
353 145 420 183 455
762 134 1322 176 M‘ETAPH'YSI'CQAE>
1499 183 1503 186 ,

399 190 566 225 Ηαᾶεηυε
577 197 690 222 omnes
706 197 790 234 pene
804 184 1006 222 consentiunt
1016 188 1084 223 dari
1093 189 1242 237 quaedam
1252 187 1432 224 accidentia
1451 198 1460 221 ε
1474 183 1527 220 sed
1545 184 1691 234 plerique
1707 186 1752 220 id·

354 238 548 286 pertendunt
560 266 570 280 ,
587 248 659 283 quae
670 247 729 269 nos
740 234 874 269 dicimus
884 236 1061 272 accidentia
1075 266 1084 281 ‚
1096 237 1179 273 nihil
1198 236 1259 273 effe
1274 249 1387 287 praeter
1404 234 1518 271 modos
1528 262 1537 277 ,
1551 236 1609 281 qui
1622 233 1754 269 nullam.

355 285 457 320 rebus
472 284 542 334 ipfis
572 286 746 320 entitatem
774 281 1008 332 superadditam
1029 314 1038 328 ‚
1064 285 1117 321 sed
1127 286 1267 321 diversos
1286 298 1412 323 rantum
1429 295 1536 320 rerum
1554 281 1749 317 stammana--

351 345 472 382 gnant:
494 339 579 383 cujus
592 335 718 382 generis
732 333 804 368 sunt
818 332 917 382 figura
929 362 939 377 ,
953 339 986 371 &
1005 347 1124 371 motus.
1141 337 1188 371 Sit
1200 337 1306 385 igitur*

862 431 1008 467 Secunda
1025 434 1200 480 Conclufio.

406 532 526 566 Praeter
543 528 657 565 modos
682 528 796 564 dantur
810 529 986 565 accidentia
1000 532 1151 579 quaedam
1167 531 1187 567 ὲ
1197 530 1344 581 subjectis
1355 530 1514 566 distincta.

399 578 564 614 Probatur
587 578 749 622 conclufio.
787 586 825 612 1⁰.
850 580 939 625 Qia
956 581 1068 625 modus
1084 581 1199 615 dicitur
1212 579 1276 616 sine
1298 593 1366 628 quo
1380 592 1429 614 res
1456 577 1517 613 effe
1531 606 1541 621 ,
1572 576 1757 626 &concipi-³

354 628 463 676 potest
475 656 484 672 ,
503 626 554 662 sed
566 640 632 662 uon
640 625 774 662 viciffim
794 641 801 663 :
818 639 854 662 ut
866 629 1044 664 rotunditas
1058 628 1121 664 fine
1132 632 1313 677 quantitate
1326 628 1387 664 effe
1409 627 1500 663 nullo
1514 627 1614 661 modo
1626 627 1760 675 potest::

355 676 408 711 sed
419 677 531 712 dantur
540 676 719 710 accidentia
730 704 739 719 ,
752 689 820 723 quae
831 675 895 712 sine
904 675 1045 724 subjeeto
1058 678 1213 714 divinitus
1225 678 1285 713 effe
1296 676 1422 727 potsunt
1438 704 1447 720 ,
1462 688 1497 711 ut
1524 676 1564 709 de
1577 674 1759 722 speciebus·

358 727 449 774 panis
465 730 499 762 &
517 725 586 759 vini
598 727 630 759 in
640 727 849 761 Sacramento
860 726 968 762 altatis
976 731 1042 775 jam
1052 728 1261 764 ostendimus.
1282 731 1365 775 Ergo
1374 737 1488 775 praeter
1500 724 1616 759 modos
1630 724 1745 759 dantur

356 774 536 808 accidentia
552 773 701 818 quaedam
711 774 839 809 realiter
849 774 870 810 a
884 775 1031 823 subjectis
1044 777 1192 812 distinata
1205 790 1213 811 :
1226 788 1261 811 ut
1272 780 1433 823 quantitas
1448 773 1514 822 ipsa
1522 800 1532 812 ,
1546 775 1686 820 impetus
1697 771 1746 808 la-

357 822 426 870 pidi
442 820 607 871 impressus
618 834 670 858 :ut
684 823 772 858 calor
791 822 919 859 fortalse
935 854 944 867 ‚
963 831 996 862 δε
1017 825 1139 867 lumen,
1155 826 1195 859 de
1215 824 1332 873 quibus
1345 824 1400 859 suo
1411 823 1508 858 loco..
1642 870 1646 875 α

398 870 559 905 Probatur
569 878 601 906 2⁰
626 883 665 906 ex
689 872 862 920 multiplici
880 875 972 920 quod
993 876 1077 909 inter
1094 874 1244 908 accidens
1276 879 1310 910 &
1333 873 1469 907 modum
1491 869 1663 906 intercedit
1685 868 1748 904 dis-

356 921 504 956 crimine.
523 922 610 956 Nam
637 920 787 956 accidens
799 919 861 956 sine
878 921 1021 969 fubJe&o
1035 924 1183 969 concipi,
1203 928 1235 959 ὅ(
1256 922 1411 957 divinitus
1441 918 1502 954 effe
1530 918 1633 965 potest
1647 945 1657 960 ,
1681 931 1750 953 non

356 971 440 1004 item
455 969 570 1004 modus
580 998 589 1012 ,
608 969 648 1003 de
663 974 750 1017 cujus
770 972 895 1005 ratione
906 971 952 1004 est
966 982 1003 1005 ut
1015 969 1192 1017 subjeetum
1204 967 1328 1005 afficiat
1341 998 1350 1013 ‚
1374 975 1408 1007 &
1419 968 1492 1004 huic
1513 964 1576 1002 sese
1595 964 1763 1014 praebeatr
1813 978 1822 986 ¹

356 1048 359 1056 Α
396 1033 428 1054 2²
441 1018 563 1052 Modus
574 1020 704 1066 proprie
718 1032 785 1053 non
799 1018 1017 1054 esta&u0sum
1027 1019 1107 1066 quid
1122 1031 1216 1055 :nam
1231 1020 1386 1066 quiddam
1399 1027 1515 1066 praeter
1525 1013 1658 1062 sciptum
1675 1014 1749 1050 sub-

356 1068 444 1114 ᾗεᾶο
456 1066 620 1101 conferret
638 1095 648 1109 ‚
671 1065 691 1100 fi
704 1069 773 1102 vim
787 1066 924 1102 haberet
936 1067 1163 1103 actuosam.Sic
1176 1067 1279 1117 figura
1294 1067 1426 1116 quaeest
1438 1065 1554 1101 modus
1573 1065 1720 1112 corporis
1735 1093 1763 1108 ,.

357 1115 438 1149 nihil
453 1112 561 1148 efficit.

400 1162 629 1208 Qamobrem
641 1164 794 1198 accidens
803 1176 870 1199 non
880 1164 1008 1200 modale
1020 1170 1054 1202 &
1064 1167 1217 1213 concipi,
1243 1170 1277 1202 &
1293 1163 1422 1199 definiri
1433 1179 1435 1182 ⁴
1447 1162 1555 1213 protest
1584 1172 1640 1209 per
1657 1161 1753 1196 ordi-f

360 1225 437 1248 nem
451 1213 490 1246 ad
504 1211 582 1245 illud
592 1213 682 1258 quod
700 1211 807 1247 efficit.
824 1214 876 1246 Sic
892 1215 1031 1262 impetus
1047 1243 1056 1257 ‚
1071 1213 1091 1248 si
1103 1215 1250 1249 accidens
1274 1214 1321 1248 est
1341 1213 1522 1260 quoddam,
1550 1212 1590 1245 de
1602 1222 1667 1257 quo
1691 1209 1747 1246 suo

359 1260 434 1295 loco
451 1288 460 1302 ,
488 1261 575 1295 reete
589 1258 739 1295 definitur
755 1273 812 1308 per
825 1273 953 1297 motum
971 1275 1071 1309 quem
1089 1265 1191 1311 exigit
1204 1277 1211 1298 :
1222 1274 1258 1297 ac
1269 1262 1396 1297 definiri
1410 1262 1512 1310 potest
1523 1258 1659 1308 qualitas
1673 1273 1744 1294 mo-

360 1312 440 1346 tiva,
453 1310 552 1345 Unde
571 1307 751 1355 subjeetum
764 1322 828 1345 non
848 1311 894 1344 est
908 1311 949 1345 de
970 1310 1121 1354 effentia,
1141 1322 1197 1346 aut
1223 1322 1383 1358 conceptu
1403 1311 1576 1345 accidentis
1593 1336 1602 1350 ‚
1629 1313 1662 1343 &
1680 1306 1745 1344 fine

358 1356 504 1404 subjecto
515 1358 667 1392 divinitus
683 1357 743 1393 effe
755 1359 882 1406 potest:
904 1362 1052 1406 quamvis
1069 1360 1217 1394 accidens
1236 1358 1358 1408 semper
1373 1361 1484 1407 exigat
1500 1357 1679 1407 subjeetum
1691 1360 1745 1392 cui

359 1406 456 1442 inelfe
473 1406 646 1455 postulat„

894 1457 1009 1492 Tertia
1025 1457 1217 1504 Concha-(5001

408 1552 532 1588 Modia
552 1553 646 1589 rebus
663 1554 730 1604 ipsis
743 1584 752 1598 ‚
779 1558 912 1603 quaru'r'n
937 1549 1009 1590 sunt
1024 1555 1127 1599 modi,¹
1137 1554 1267 1590 realiter
1287 1554 1358 1591 sunt
1372 1553 1533 1592 distineri:
1558 1555 1611 1591 sed
1622 1558 1644 1591 ii
1659 1556 1742 1606 posi·

363 1603 463 1636 tivam
481 1605 664 1638 entitatem*
679 1603 776 1639 rebus
794 1618 860 1640 non
891 1605 1039 1640 addunt.-

396 1649 557 1684 Probatur
569 1662 646 1699 pars
663 1653 863 1698 conclufionis
870 1655 970 1702 prior.
990 1653 1048 1688 Illa
1065 1654 1298 1703 distinguuntur
1317 1652 1471 1697 realiter,
1489 1666 1628 1701 quorum
1642 1667 1742 1691 unum

358 1711 427 1734 non
444 1699 490 1732 est
511 1699 597 1734 aliud
611 1730 621 1743 ‚
635 1713 689 1746 aut
701 1714 839 1748 quorum
858 1715 960 1737 unum
969 1705 1050 1737 citra
1064 1702 1201 1737 alterum
1215 1700 1276 1737 esse
1288 1702 1395 1749 potest
1406 1731 1416 1745 ‚
1431 1707 1466 1739 &
1480 1704 1520 1737 de
1535 1703 1651 1751 quibus
1663 1717 1745 1740 cons

360 1747 545 1782 tradicioria
557 1761 633 1784 vere
647 1755 682 1786 δε
708 1749 840 1799 Phyfice
864 1752 928 1785 dici
945 1750 1081 1798 poffunt.
1100 1752 1163 1786 Sed
1177 1764 1225 1785 res
1249 1764 1316 1786 non
1337 1751 1380 1785 est
1394 1752 1507 1786 modus
1519 1781 1528 1794 ,
1543 1764 1646 1800 eaque
1661 1751 1741 1801 saepe

359 1794 478 1831 estsine
497 1795 551 1831 suo
563 1799 664 1833 modo
678 1827 687 1841 ,
705 1811 742 1833 ut
770 1797 965 1848 corpusfine
984 1799 1044 1834 hac
1065 1799 1174 1850 figura.
1207 1799 1309 1837 Unde
1333 1805 1366 1836 &
1382 1801 1634 1836 contradietoria
1649 1801 1689 1836 de
1705 1814 1742 1837 re

357 1849 391 1880 δε
408 1846 508 1879 modo
532 1843 752 1891 affirmantur,
763 1860 838 1883 cum
855 1861 904 1882 res
919 1847 982 1883 sme
997 1849 1098 1884 modo
1111 1848 1172 1884 effe
1188 1859 1307 1896 queat,
1328 1861 1394 1883 non
1405 1849 1522 1884 modus
1537 1848 1602 1884 fine
1613 1861 1648 1884 re
1658 1861 1739 1894 3nec

357 1905 405 1926 res
423 1894 546 1942 semper
556 1894 592 1930 fit
611 1897 727 1931 eodem
741 1898 858 1941 modo,
871 1896 924 1932 sed
938 1896 1001 1932 alio
1011 1926 1021 1941 ‚
1037 1909 1137 1946 atque
1145 1897 1228 1934 alio:
1243 1897 1331 1945 quod
1340 1896 1506 1932 manifeste
1525 1899 1647 1933 evincit
1669 1910 1741 1934 rem

357 1941 511 1978 diversam
528 1941 589 1979 effe
613 1944 634 1979 ὲ
647 1946 764 1982 modo.

392 1991 556 2026 Probatur
574 2004 652 2041 pars
668 1996 778 2029 altera
791 1995 1002 2041 conclusionis.
1025 1995 1095 2041 Qui
1112 1998 1200 2031 enim
1217 1995 1306 2030 modi
1320 1994 1389 2029 sunt
1403 1993 1571 2040 respectivi
1586 2022 1596 2037 ‚
1616 1994 1754 2033 nullam·

358 2042 405 2074 rei
421 2042 596 2076 entitatem
627 2041 773 2079 ofitivam
785 2044 910 2078 addunt
922 2073 931 2086 ‚
942 2055 979 2078 ut
995 2044 1191 2079 ostendimus
1207 2057 1279 2078 cum
1293 2045 1334 2077 de
1354 2042 1527 2077 Relatione
1548 2055 1713 2091 ageremus
1729 2060 1739 2082 :

357 2089 503 2136 plerique
524 2089 577 2124 alii
602 2102 659 2125 unt
673 2094 817 2140 negativi
831 2106 838 2127 :
854 2103 890 2126 ut
907 2091 1007 2141 figura
1019 2105 1096 2140 quae
1107 2092 1186 2128 nihil
1199 2095 1245 2127 rei
1259 2093 1370 2135 addit,
1396 2102 1512 2139 praeter
1528 2094 1737 2140 negationem

358 2138 517 2172 ulterioris
542 2139 760 2176 extensionis:
777 2151 883 2176 motus
894 2153 1002 2176 autem
1013 2170 1024 2186 ‚
1040 2141 1093 2177 vel
1105 2143 1192 2177 aetio
1202 2155 1268 2178 non
1280 2139 1352 2177 sunt
1368 2143 1519 2176 entitates
1537 2139 1557 2175 a
1573 2140 1668 2176 rebus
1686 2143 1738 2190 ip⁴

357 2184 392 2219 sis
407 2187 560 2222 distinet-”e
575 2217 583 2232 ‚
599 2201 635 2223 ut
645 2188 697 2224 suo
709 2188 782 2224 loco
798 2191 1026 2237 expendemus,

396 2235 483 2269 Cum
492 2248 599 2273 autern
611 2237 678 2272 haec
688 2237 848 2273 conclusio
857 2242 1023 2288 permagni
1033 2238 1068 2275 fit
1087 2238 1156 2275 ustis
1169 2268 1179 2283 ‚
1193 2244 1228 2277 &
1245 2252 1283 2274 ea
1293 2238 1378 2273 bene
1392 2239 1570 2274 constituta
1587 2236 1737 2274 diffic‘iffi.

359 2296 417 2316 mae
433 2285 625 2329 quaestiones
640 2315 650 2329 ‚
664 2289 696 2322 in
709 2286 839 2336 Physica
852 2291 992 2324 maxime
1010 2288 1160 2337 explicari
1172 2287 1290 2337 poffint
1301 2317 1310 2331 ,
1326 2301 1393 2323 non
1411 2290 1470 2322 erit
1487 2288 1629 2323 alienum
1653 2288 1736 2323 hano

359 2330 594 2416 paullokugerius
606 2348 673 2419 ,stex
691 2338 754 2371 viri
772 2349 844 2374 cum
861 2339 988 2376 viveret
995 2337 1164 2379 acutiffirru'
1177 2340 1212 2378 P.
1229 2339 1362 2374 Pardies
1381 2348 1492 2374 mente
1506 2336 1683 2386 explicare,
1697 2335 1737 2371 st.

359 2392 414 2414 mu
515 2395 611 2421 ernon
639 2396 716 2422 rare.

1836 207 1853 452 Δ,υ--ήῄι-ΑΚΜ-ἡὶψ
