1857 2745
369 150 427 184 514
828 130 1308 172 METAPHYSICAE

373 185 526 222 stantialis
549 199 557 220 :
584 197 660 220 nam
692 183 799 219 forma
823 181 1030 218 accidentalis
1054 184 1191 234 speciem
1219 182 1352 234 sub'jeffi
1375 195 1442 219 non
1469 192 1576 218 mutat
1602 196 1609 219 z
1635 194 1670 217 ut
1690 195 1763 218 cum

371 234 493 269 ferrum
516 246 555 268 ex
571 233 691 280 frigido
713 232 750 267 fit
772 228 913 263 calidum
939 260 948 275 ‚
978 234 1066 268 idern
1089 234 1135 267 est
1155 232 1258 281 specie
1273 234 1361 281 quod
1379 244 1478 267 antea
1497 246 1505 267 :
1538 243 1594 278 per
1620 232 1762 266 formam

370 281 451 317 vero
479 281 723 317 fiibstantialem
751 279 794 312 est
832 277 954 316 ferrum
978 299 994 326 3,
1024 294 1128 330 eaque
1155 282 1294 330 speciem
1316 283 1363 317 illi
1398 287 1430 317 &
1456 280 1674 317 charaffiloerem
1707 283 1764 315 tti-

371 329 455 365 buit.

410 378 560 425 Confirm.
572 377 710 416 Nullum
721 378 870 413 accidens
889 378 1090 414 essentialem
1104 379 1323 415 differentiam
1339 379 1461 415 inducit
1476 390 1482 411 :
1507 375 1558 410 sed
1572 388 1608 409 ea
1627 378 1766 411 omnino

372 428 562 476 repetitura
575 428 699 463 forma:
712 440 789 476 ergo
807 439 845 461 ea
860 428 982 462 nonest
993 429 1074 475 quid
1088 429 1349 464 accidentalium.
1367 429 1456 462 Hinc
1474 424 1658 460 Aristotcles
1668 426 1766 460 docet

372 475 431 513 lib.
448 491 469 514 1.
482 477 604 526 Phyfic.
618 476 832 520 Substantiam
847 489 907 510 non
922 477 1059 520 constare
1073 491 1112 511 ex
1124 490 1183 511 non
1192 476 1389 522 substantiis.
1405 475 1532 522 Corpus
1546 485 1656 508 autem
1673 485 1767 508 natu·

372 525 439 560 tale
454 525 625 562 substantia
644 527 685 560 est
700 555 709 568 ‚
737 531 770 562 δε
785 525 906 559 constat
923 537 963 559 ex
975 529 1110 560 materia
1123 531 1155 562 &
1170 524 1276 560 forma
1289 555 1300 570 ,
1326 535 1528 573 quaecunque
1539 521 1594 556 illa
1613 521 1648 556 sit
1662 536 1670 557 :
1688 535 1766 570 ergo

372 574 480 610 forma.
505 576 548 610 est
567 575 771 610 substantiale
792 574 961 622 quiddam.

409 623 563 670 Confirm.
577 626 836 660 iterum.‚Anima
851 623 1015 658 rationalis
1030 624 1072 659 est
1088 625 1193 661 forma
1207 622 1419 660 substantialis
1440 651 1450 666 ,
1480 634 1515 657 ut
1533 620 1766 657 definitum-est

373 674 406 706 in
420 673 573 708 Concilio
592 672 784 708 Viennenfi:
803 684 880 720 ergo
899 672 1013 706 eadem
1023 685 1157 721 quoque
1169 675 1211 708 est
1222 677 1304 708 ratio
1314 673 1353 706 de
1366 672 1480 713 formis
1497 670 1768 716 animalium‚quae

372 726 530 769 majorem
545 733 619 756 cum
637 724 772 756 materia
785 720 912 756 habent
921 724 1164 770 cognationem.
1176 725 1248 760 Nec
1258 721 1333 757 sane
1349 732 1415 756 tam
1425 732 1499 769 apta
1517 721 1659 767 corporis
1670 731 1769 767 orga-

373 771 438 804 nici
452 771 602 805 struetum
618 776 651 808 ὃς
662 770 885 806 conformatio
902 797 910 812 ,
936 781 1025 806 tanta
1042 774 1124 806 inter
1134 772 1218 806 illius
1236 772 1379 819 corporis
1396 780 1502 817 partes
1519 767 1696 810 consensio,
1716 778 1771 802 tot

372 820 458 853 vires
471 847 480 861 ‚
497 831 546 854 tot
559 822 773 867 proprietates
786 820 869 853 adeo
882 818 951 853 fixae
968 825 1001 855 ὃ(
1020 819 1150 855 stabiles
1164 820 1293 855 aliunde
1310 821 1388 853 oriri
1403 816 1529 866 poffunt
1540 846 1548 860 ‚
1567 815 1623 852 nisi
1643 829 1681 851 ex
1704 829 1768 851 una

374 873 408 904 δέ
426 868 542 903 eadem
558 868 684 910 forma,
705 881 775 915 quae
791 866 894 902 sensus
913 869 1046 915 quidem
1076 869 1179 917 fugit,
1201 868 1252 903 sed
1278 880 1316 901 ex
1337 866 1506 902 effectibus
1527 865 1557 899 se
1581 866 1708 914 prodit,
1733 871 1768 902 ὃ(

373 914 429 963 ipfi
443 919 565 952 rationi
584 918 627 952 est
645 917 833 952 manifesta:
855 928 960 962 neque
975 920 1062 952 enim
1085 929 1177 952 tanta
1202 920 1250 952 vis
1270 916 1315 950 est
1339 918 1371 951 in
1389 915 1581 956 elementis,
1605 926 1669 961 qua
1692 916 1766 950 vitae

374 964 565 1001 funetiones
582 978 621 1000 exi
635 965 665 1001 fe
679 965 815 1001 fundere
826 971 860 1002 &
875 977 1004 999 exerere
1022 977 1163 1012 queant-

419 1017 503 1062 Qae
526 1027 646 1050 contra
667 1014 767 1063 objici
789 1012 912 1056 solent,
934 1013 1140 1049 commodius
1156 1017 1187 1049 in
1208 1012 1340 1062 Physica
1355 1043 1364 1057 ,
1388 1012 1447 1047 ubi
1463 1012 1505 1046 de
1518 1023 1630 1047 natura
1646 1010 1766 1046 forma-

374 1074 443 1098 rum
457 1069 491 1099 &
504 1066 628 1112 origine
644 1064 788 1099 dicemus
798 1092 808 1106 ,
821 1062 995 1098 afferentur
1005 1092 1016 1106 ,
1035 1075 1076 1097 ne
1087 1065 1202 1099 eadem
1216 1062 1326 1111 saepius
1347 1073 1495 1110 repetere
1508 1073 1670 1109 cogamur.

413 1115 457 1148 Ex
475 1114 509 1146 iis
527 1112 683 1147 nonnulla
702 1112 795 1146 velut
805 1110 974 1145 corollaria
984 1112 1143 1147 ducuntur
1157 1141 1167 1156 ,
1185 1125 1256 1159 quae
1272 1111 1313 1145 ab
1331 1109 1484 1146 omnibus
1497 1122 1580 1158 pene
1604 1121 1638 1144 ut
1659 1121 1716 1158 per
1737 1107 1768 1143 se

374 1160 541 1195 manifesta
554 1161 789 1196 conceduntur.
803 1158 915 1195 Primo
929 1159 1070 1195 formam
1085 1161 1197 1195 melius
1219 1162 1282 1194 dici
1295 1158 1536 1194 substantialem
1553 1187 1562 1201 ‚
1583 1158 1680 1206 quam
1695 1156 1768 1192 sub-

373 1210 521 1244 stantiam
537 1223 544 1245 :
560 1209 647 1256 quod
660 1208 798 1243 seorsum
811 1221 875 1243 non
887 1209 1007 1244 existat.
1025 1209 1127 1244 Nulla
1148 1212 1236 1244 euim
1251 1221 1308 1256 per
1326 1208 1357 1243 se
1369 1206 1523 1251 subsistit,
1553 1219 1609 1242 aut
1633 1207 1767 1251 existit,

374 1256 395 1292 si
412 1260 554 1293 animam
573 1258 766 1292 rationalem
783 1259 958 1305 exceperis,
975 1271 1002 1292 z.
1021 1260 1139 1292 Omnis
1160 1258 1266 1292 forma
1279 1258 1323 1292 est
1341 1269 1496 1304 corporea
1510 1285 1520 1300 ‚
1547 1258 1624 1302 quia
1644 1255 1769 1304 pendet

374 1306 394 1342 ᾗ
412 1309 545 1341 materia
560 1336 570 1349 ‚
589 1305 719 1341 sednon
737 1307 779 1340 est
794 1318 958 1354 corpus..3.
980 1308 1018 1341 ln
1037 1306 1220 1341 viventibus
1234 1318 1270 1340 ac
1280 1305 1449 1354 praesertim
1475 1307 1508 1340 in
1526 1304 1740 1340 animantibus
1758 1333 1768 1348 ‚

375 1355 480 1403 plures
506 1355 576 1390 sunt
596 1355 708 1389 fornix
724 1354 874 1403 partiales
891 1382 900 1396 ‚
926 1353 997 1389 offis
1013 1368 1043 1389 v.
1059 1367 1106 1402 gr.
1119 1357 1210 1389 nervi
1229 1384 1239 1397 ,
1260 1357 1361 1389 carnis
1377 1383 1387 1396 ,
1412 1366 1614 1400 quaeomnes
1625 1356 1681 1388 uni
1697 1353 1767 1388 for..

373 1417 433 1439 mae
447 1406 581 1452 principi
597 1403 817 1451 subjiciuntur.
836 1404 924 1438 Nam
935 1414 1008 1435 caro
1026 1405 1061 1437 in
1074 1402 1162 1437 bove
1177 1416 1242 1437 non
1254 1403 1297 1436 est
1310 1413 1437 1437 tantum
1449 1414 1523 1435 cato
1534 1431 1544 1445 ,
1565 1401 1617 1437 sed
1629 1414 1704 1436 caro
1717 1404 1767 1436 vi-

376 1465 453 1487 vens
469 1468 476 1489 :
499 1454 530 1487 id
546 1451 625 1487 vero
644 1452 744 1486 habet
761 1452 780 1486 ὰ
804 1451 910 1486 forma
924 1450 1080 1485 animalis.
1099 1453 1249 1498 Cumque
1268 1463 1381 1486 omnes
1408 1449 1466 1484 illae
1482 1450 1596 1486 formae
1621 1451 1660 1484 ad
1680 1451 1767 1486 idem

374 1500 436 1536 effe
450 1501 596 1536 animalis
609 1503 794 1548 pertineant
806 1530 815 1543 ‚
835 1512 936 1534 unum
950 1511 1006 1547 pei·
1020 1498 1050 1534 se
1062 1529 1071 1543 ‚
1096 1514 1162 1535 non
1177 1513 1275 1535 unum
1293 1512 1349 1548 per
1364 1499 1510 1534 accidens
1523 1528 1531 1542 ‚
1550 1511 1584 1534 ut
1596 1499 1717 1547 lapides
1730 1501 1767 1534 in

373 1551 475 1586 domo
489 1549 640 1585 efficiunt.
665 1551 826 1597 Qiamvis
843 1551 932 1584 enim
950 1548 1073 1596 lapides
1088 1549 1203 1584 domfis
1214 1547 1274 1584 effe
1292 1555 1325 1586 &
1339 1548 1479 1583 formam
1491 1549 1683 1584 constituant
1695 1577 1713 1592 ‚.
1732 1547 1766 1582 id

375 1611 483 1634 tamen
506 1600 622 1633 accidit
657 1597 840 1646 lapidibus,
865 1609 973 1645 neque
988 1596 1043 1632 ille
1061 1599 1143 1633 ordo
1169 1598 1189 1634 ὲ
1206 1610 1318 1634 natura
1338 1595 1560 1646 proficiscitur.
1594 1599 1682 1633 Cum
1704 1599 1766 1632 ita-

375 1660 441 1696 que

404 1697 489 1743 Opp.
511 1697 600 1743 quod
620 1697 757 1732 advenit
776 1700 844 1732 enti
870 1704 936 1746 jam
956 1710 1012 1747 per
1036 1698 1066 1734 se
1088 1698 1262 1740 existenti,
1288 1709 1361 1731 curn
1387 1708 1427 1730 eo
1457 1693 1561 1730 efficit
1586 1708 1686 1732 unum
1707 1708 1765 1745 per

375 1746 523 1780 accidens
536 1774 546 1787 ‚
570 1757 606 1780 ut
620 1746 660 1779 de
682 1746 788 1781 forma
807 1747 924 1782 domi'is
936 1777 944 1790 ‚
965 1760 1037 1793 quae
1052 1748 1186 1782 advenit
1207 1744 1366 1794 lapidibus
1380 1749 1446 1794 jam
1464 1743 1600 1779 seorsum
1627 1746 1765 1781 existen-

376 1794 460 1829 tibus
482 1794 606 1828 dictum
629 1793 695 1829 fuit
717 1810 726 1831 z
760 1795 813 1830 sed
842 1798 949 1831 anima
975 1795 1160 1844 supervenit
1190 1797 1345 1844 corpori,
1381 1798 1467 1842 cujus
1492 1804 1597 1853 partes
1611 1797 1678 1841 jam
1707 1795 1765 1829 ha-

373 1842 455 1878 bent
481 1841 541 1877 esse
563 1855 620 1891 per
638 1842 760 1880 formas
781 1844 931 1893 partiales
956 1860 965 1881 ;
987 1857 1066 1895 ergo
1082 1858 1182 1881 unum
1198 1857 1258 1894 per
1272 1843 1421 1878 accidens
1447 1855 1511 1878 una
1534 1855 1606 1877 curn
1627 1855 1764 1891 corpore

373 1891 482 1928 efficit.

406 1942 496 1991 Κεφ.
522 1942 608 1987 Dist.
632 1946 711 1984 maj.
739 1945 773 1978 Si
794 1943 827 1978 id
852 1944 941 1991 quod
969 1948 1033 1991 jam
1059 1943 1165 1979 existit
1186 1954 1242 1991 per
1260 1939 1310 1985 se,
1336 1955 1375 1977 ex
1393 1953 1510 1978 naturae
1535 1942 1677 1976 instituto
1695 1954 1762 1977 non

376 1992 542 2026 ordinetur
552 1992 592 2025 ad
609 1992 807 2028 nobiliorem
824 1992 982 2036 formam,
1000 1996 1035 2026 C.
1065 1995 1098 2028 Si
1111 2006 1168 2041 per
1185 1992 1215 2026 se
1230 2020 1240 2034 ,
1273 1996 1307 2027 &
1329 2003 1368 2026 ex
1383 2004 1502 2026 naturae
1517 1990 1662 2025 instituto
1681 2002 1762 2037 prae-

377 2041 522 2075 stantiori
541 2040 653 2076 formae
673 2040 876 2089 subjiciatur,
900 2043 951 2076 N.
974 2042 1074 2088 quue
1087 2046 1153 2089 jam
1169 2041 1241 2075 satis
1257 2039 1302 2072 est
1318 2040 1526 2087 explicatum.

415 2089 549 2129 Inflant.
572 2091 753 2125 Generatio
764 2092 855 2124 unius
867 2089 912 2123 est
927 2093 1092 2129 corruptio
1102 2090 1283 2131 alterius‚&
1295 2087 1530 2132 vitiffimzatqui
1545 2087 1564 2122 fi
1574 2099 1678 2135 partes
1689 2099 1761 2122 cor.

375 2139 462 2186 poris
476 2140 618 2186 organici
634 2143 703 2184 jam
715 2151 855 2185 quaeque
873 2136 997 2173 habent
1010 2138 1096 2173 suam
1112 2138 1252 2174 formam
1269 2165 1278 2179 ‚
1291 2142 1324 2173 ὃ(
1342 2136 1430 2172 suum
1449 2135 1509 2171 effe
1522 2165 1531 2180 ,
1552 2149 1624 2171 cum
1639 2135 1761 2171 animal

376 2187 565 2230 destruitur,
591 2187 668 2222 nihil
685 2189 763 2222 novi
782 2190 815 2222 in
837 2200 973 2235 corpore
989 2200 1159 2237 generatur
1184 2203 1191 2223 ε
1215 2199 1289 2221 nam
1311 2199 1380 2234 pars
1394 2198 1527 2233 quaeque
1553 2197 1663 2220 manet
1685 2198 1760 2220 cum

376 2234 425 2268 sua
442 2235 559 2271 forma.
574 2239 657 2284 Ergo
674 2237 707 2270 id
726 2235 841 2272 falsum
857 2238 899 2272 est
916 2236 1057 2272 formam
1075 2239 1255 2286 principem
1265 2237 1408 2271 materiae
1417 2240 1483 2283 jam
1497 2234 1566 2269 aliis
1583 2234 1697 2269 formis
1715 2237 1762 2270 in-

375 2284 494 2318 stru&ae
514 2284 727 2332 supervenire.

412 2332 496 2379 Resp.
514 2337 548 2368 In
570 2337 778 2382 corruptione
797 2335 942 2370 animalis
964 2347 1070 2384 partes
1092 2334 1226 2384 singulas
1259 2346 1387 2369 manere
1401 2362 1410 2377 ‚
1447 2332 1498 2367 sed
1527 2338 1593 2383 jam
1624 2329 1684 2367 effe
1715 2331 1760 2367 sui

374 2382 447 2428 juris
464 2409 474 2423 ‚
503 2395 637 2432 quaeque
660 2383 830 2420 habebant
849 2382 910 2420 else
926 2397 984 2433 per
999 2385 1142 2422 formam
1152 2383 1298 2422 animalis
1315 2412 1325 2428 ,
1336 2388 1401 2432 jam
1419 2384 1453 2418 in
1469 2382 1500 2418 se
1515 2383 1654 2420 existunt
1672 2395 1681 2419 ε
1700 2391 1763 2417 nec
