1857 2745
319 129 376 175 532
718 124 1264 161 METAPHYSICAE-

353 177 436 223 Opp.
450 187 469 208 1.
489 175 651 221 Operatio
671 176 734 209 Dei
748 177 834 222 prior
847 174 892 208 est
909 175 1105 222 operatione
1115 173 1315 211 voluntatis:
1332 186 1411 224 ergo
1423 177 1512 211 Deus
1525 187 1594 212 non
1606 176 1706 214 solum

317 224 479 259 concurrit
488 252 496 264 ‚
511 221 564 256 sed
574 224 671 257 etiam
681 235 862 272 praemovet
873 221 1080 259 voluntatem
1091 250 1101 265 ,
1122 228 1157 260 &
1176 223 1282 259 causas
1296 236 1411 260 omnes
1430 222 1592 262 secundas.

351 273 439 321 Kasp.
452 270 524 316 dist.
539 282 606 305 ant.
617 274 784 320 Operatio
806 274 873 309 Dei
882 273 971 320 prior
984 272 1031 306 est
1046 271 1204 321 dignitate
1219 301 1229 316 ,
1239 278 1273 310 &
1284 275 1360 321 quia
1374 272 1420 308 est
1434 272 1652 318 universalior,
1669 279 1708 312 C.

316 323 406 368 prior
421 319 467 355 est
488 319 690 365 causalitate,
705 334 740 357 ut
759 324 868 366 aiunt,
884 322 947 358 hoc
970 321 1017 356 est
1032 321 1199 358 aaronem
1213 322 1391 359 voluntatis
1413 323 1609 358 determinat
1621 351 1633 367 ,
1655 327 1708 362 N.

315 371 397 417 Qiae
411 373 524 418 utique
540 374 608 419 jam
629 370 700 406 sunt
718 371 889 420 explicata.

356 420 488 464 Instant.
507 421 627 456 Omnis
641 422 729 456 aCtio
745 420 921 456 voluntatis
943 420 985 455 est
995 420 1016 457 ὲ,
1029 423 1102 456 Deo
1113 433 1122 455 ε
1133 418 1187 456 sed
1200 421 1433 456 determinatio
1447 421 1495 457 est
1508 423 1614 460 aetio:
1631 436 1709 475 ergo

314 470 355 506 est
367 470 386 506 ὸ.
404 473 479 506 Deo
493 497 502 513 ,
512 475 545 506 δε
565 473 653 505 Deus
667 470 877 507 voluntatem
896 470 1102 506 determinat.
1633 501 1635 503 .

360 522 443 569 Resp.
463 519 635 568 Quidquid
654 518 691 555 sit
702 520 742 554 de
752 525 827 569 maj.
845 518 1077 568 Propositionis
1090 520 1252 563 veritate,
1271 519 1311 554 de
1321 531 1387 567 qua
1397 519 1465 556 fuse
1484 522 1625 557 diximus
1638 548 1650 566 ,
1662 522 1711 559 di·
1745 541 1747 543 ·

314 570 427 618 stingui
438 567 525 618 polle
534 571 611 606 min.
628 570 860 605 determinatio
875 569 920 604 est
932 570 1018 605 aCtio
1031 568 1230 618 incompleta
1242 574 1275 606 &
1290 569 1442 605 inchoata
1453 600 1462 615 ‚
1473 573 1509 608 C.
1519 573 1606 607 actio
1618 583 1710 607 com-

313 618 403 667 plera
414 631 486 666 quae
507 621 667 654 rationem
685 617 807 654 habeat
821 619 957 656 effeetus
971 649 982 663 ,
997 621 1049 656 N.
1064 622 1155 658 Nam
1173 620 1404 655 determinatio
1414 620 1589 657 voluntatis
1598 621 1641 656 est
1650 633 1711 658 ve..

313 669 360 704 lut
373 670 534 717 exigentia
550 668 719 704 concursus
736 669 861 714 divini,
879 681 1015 717 quaeque
1030 671 1119 718 prior
1134 669 1181 704 est
1194 667 1346 704 concursu
1364 669 1491 705 divino.

351 719 384 747 V
385 729 489 765 rgent.
511 718 614 764 Qod
632 717 707 753 siita
720 731 768 753 tes
791 718 821 754 se
839 718 980 762 habeat,
1000 721 1087 755 Deus
1103 732 1172 755 non
1191 717 1327 766 seipsum
1353 718 1622 754 determinaturus
1645 719 1713 766 est,

312 765 364 802 sed
379 779 452 802 eum
471 766 622 802 voluntas
633 767 772 803 humana
784 771 922 804 omnino
936 768 1168 804 determinabit
1182 797 1192 811 ,
1209 773 1243 804 ὃ(
1255 769 1296 802 ad
1314 767 1402 803 suum
1425 768 1597 804 arbitrium
1614 768 1710 805 infle-

314 818 382 852 ctet
401 844 408 855 ,
429 814 532 863 sicque
544 829 611 852 non
629 820 706 853 Deo
715 829 859 853 creatura
870 817 1059 865 subjicetur,
1074 818 1126 853 sed
1145 815 1282 853 viciffim
1294 831 1301 852 ε
1314 819 1381 852 imo
1399 830 1441 852 ne
1457 816 1559 853 libere
1572 819 1709 865 quidem

314 869 402 902 Deus
415 877 602 909 concurret,
616 879 691 902 cum
706 878 822 902 nutum
840 867 1017 903 voluntatis
1032 865 1206 903 necessario
1226 865 1450 914 consequatur.
1475 868 1520 902 Ac
1534 868 1708 915 postremo,

313 916 400 963 quod
420 917 555 950 omnino
569 916 696 951 videtur
710 915 882 952 absurdum
895 945 903 960 ,
924 921 1013 953 Deus
1034 929 1120 951 caeco
1134 916 1234 951 modo
1248 927 1419 951 concurret
1446 929 1520 951 cum
1536 916 1708 953 voluntate

314 966 455 1000 humana
469 977 596 1012 :neque
611 968 698 1002 enirn
711 968 741 1000 vi
751 965 970 1003 saiiconcursus
983 995 992 1009 ,
1005 979 1113 1014 neque
1128 968 1163 1000 in
1176 964 1241 1013 ipsa
1258 964 1430 1000 voluntate
1448 965 1589 1000 humana
1604 994 1614 1009 ‚
1634 978 1708 1013 quae

313 1027 352 1049 ex
370 1013 399 1048 se
412 1014 458 1048 est
471 1014 721 1051 indeterminata
731 1044 740 1059 ,
752 1014 830 1050 scire
848 1016 974 1065 potest,
990 1018 1024 1051 in
1038 1028 1136 1063 quam
1147 1013 1177 1048 se
1191 1025 1317 1063 partem
1330 1014 1478 1049 voluntas
1497 1015 1603 1049 nostra
1615 1014 1709 1051 infle-

314 1066 391 1099 etet.
410 1063 494 1114 Q
508 1066 618 1100 omnia
629 1065 738 1102 aliena
752 1064 822 1101 sunt
834 1064 989 1102 asummo
1008 1068 1072 1101 Dei
1091 1067 1125 1100 in
1141 1075 1298 1099 creaturas
1323 1064 1472 1099 dominio
1493 1069 1527 1102 δε
1553 1063 1574 1099 ὲ.
1595 1066 1707 1113 prime

314 1112 407 1147 causae
423 1114 592 1161 dignitate.

349 1162 438 1210 Refp.
456 1161 506 1196 his
526 1166 560 1197 &
579 1161 648 1197 aliis
667 1174 739 1209 quae
749 1174 929 1211 congerunt
938 1163 1119 1198 Thomistae
1131 1193 1140 1207 ,
1155 1166 1266 1198 Deum
1275 1174 1435 1197 creaturas
1448 1160 1563 1197 liberas
1576 1174 1614 1197 ea
1632 1162 1707 1212 lege

312 1208 488 1245 condidisse
501 1237 509 1248 ,
522 1222 558 1244 ut
570 1209 682 1259 seipsas
692 1223 878 1254 moverent,
895 1218 928 1248 &
941 1213 980 1246 ad
989 1214 1152 1261 agendum
1163 1213 1419 1247 determinarent
1435 1228 1444 1255 3
1472 1211 1510 1246 fic
1537 1223 1649 1257 tamen
1670 1223 1707 1247 ut

312 1258 403 1294 suum
416 1258 602 1294 concursum
614 1262 649 1294 iis
667 1261 939 1295 accommodaret.
960 1263 1056 1296 Hanc
1074 1261 1182 1310 legem
1204 1263 1295 1295 Deus
1308 1260 1373 1309 ipse
1390 1261 1578 1296 constituit:
1593 1263 1630 1295 iis
1644 1263 1708 1309 igi-

313 1320 362 1343 tur
374 1308 464 1344 suum
477 1308 662 1344 concursum
672 1309 806 1345 exhibet
820 1322 930 1344 earum
939 1322 1061 1345 naturae
1071 1312 1325 1345 convenientem
1337 1339 1347 1353 ,
1357 1324 1423 1345 non
1434 1311 1475 1344 ad
1493 1322 1592 1344 unum
1602 1310 1707 1357 quod·

311 1358 388 1394 dam
406 1358 656 1393 determinatum
669 1387 678 1401 ,
699 1357 753 1393 sed
769 1358 1010 1394 indifferentem
1030 1359 1139 1407 plane.
1166 1360 1257 1393 Hinc
1285 1358 1381 1393 causae
1399 1358 1540 1394 secunda:
1565 1362 1704 1407 primam

311 1409 548 1450 determinant,
563 1418 599 1441 ut
609 1406 709 1441 causae
725 1407 932 1456 particulares
951 1407 1183 1443 universalem:
1200 1409 1292 1456 praeit
1310 1405 1435 1456 semper
1458 1410 1546 1442 Deus
1564 1420 1705 1456 praemo-

312 1459 400 1490 tione
412 1456 462 1491 sua
476 1455 645 1491 universali
658 1462 690 1493 &
703 1456 853 1505 impressa
864 1457 904 1490 ad
919 1457 1070 1492 ultimum
1090 1456 1189 1493 finem
1215 1455 1440 1505 propensione.
1463 1457 1587 1491 Primos
1605 1458 1705 1493 etiam

309 1518 418 1541 motus
432 1535 441 1549 ,
459 1508 546 1540 unde
560 1506 830 1554 reliquipendent
848 1504 966 1541 efficit:
980 1519 1087 1553 neque
1101 1507 1133 1540 id
1146 1505 1270 1542 necesse
1284 1505 1331 1540 est
1349 1518 1384 1540 ut
1402 1518 1509 1541 motus
1524 1518 1640 1541 omnes
1658 1504 1706 1542 se.

312 1555 433 1590 cundos
449 1553 532 1589 solus
545 1556 720 1603 producat,
739 1554 861 1603 nosque
880 1568 915 1590 ut
936 1566 1014 1605 puta
1034 1556 1244 1591 instrumenta
1259 1554 1402 1603 applicet
1414 1585 1422 1598 ,
1434 1567 1488 1590 aut
1502 1567 1645 1593 moveat.

346 1603 399 1639 Ab
421 1616 542 1639 aetetno
557 1603 892 1652 itaque&liberrime
906 1607 996 1640 Deus
1019 1605 1185 1640 decretum
1205 1603 1284 1639 illud
1302 1603 1401 1640 sanxit
1424 1604 1497 1640 fore
1514 1617 1550 1639 ut
1568 1617 1705 1641 concut-

311 1665 397 1688 reret
407 1666 479 1689 cum
495 1665 641 1688 creatura
651 1683 661 1697 ‚
676 1653 715 1689 fic
727 1665 836 1689 tamen
852 1666 889 1689 ut
908 1653 966 1690 fibi
976 1653 1114 1690 liberum
1125 1653 1201 1690 esset
1214 1666 1280 1689 non
1300 1666 1501 1696 concurrere;
1515 1654 1576 1690 hoc
1594 1655 1706 1690 decre-

313 1715 382 1737 tum
396 1702 546 1752 generale
559 1716 674 1739 ornnes
688 1705 832 1740 afflones
843 1704 1020 1739 voluntatis
1032 1706 1222 1740 antevertit.
1241 1703 1375 1739 Nullam
1394 1707 1481 1739 Deus
1501 1703 1557 1739 sibi
1571 1703 1704 1741 neceffi-

313 1752 581 1801 tatemimposuit.
606 1755 652 1788 Ac
667 1752 801 1790 subinde
812 1756 930 1789 mirum
943 1754 1033 1789 estid
1056 1753 1151 1789 nobis
1175 1754 1318 1802 opponi,
1337 1753 1407 1787 fore
1426 1765 1462 1788 ut
1476 1764 1628 1788 creaturae
1645 1766 1705 1788 ne-

309 1800 485 1837 cessitatem
498 1805 574 1837 Deo
589 1803 801 1838 concurrendi
817 1805 1045 1851 imponerent:
1061 1816 1134 1837 cum
1147 1806 1238 1838 Deus
1263 1802 1344 1837 nihil
1363 1802 1383 1838 a
1402 1814 1547 1837 creatura
1568 1805 1705 1852 recipiat

311 1863 346 1885 ut
360 1852 612 1886 determinetur:
628 1864 786 1887 non-vero
798 1854 819 1886 ii
831 1864 982 1887 metuunt
997 1864 1038 1886 ne
1052 1853 1348 1900 prredeterminatio
1359 1851 1488 1900 physica
1499 1882 1508 1895 ,
1522 1864 1621 1899 quarn
1641 1865 1702 1886 vo-

311 1899 383 1934 lunt
394 1897 455 1934 effe
469 1899 575 1934 nescio
589 1913 686 1948 quam
706 1900 902 1948 qualitatem
921 1900 1079 1937 fluentem
1092 1902 1188 1936 instar
1202 1904 1341 1948 impetus
1357 1913 1529 1936 autmotus
1546 1905 1596 1942 ‚&
1608 1911 1702 1934 crea..

312 1961 386 1983 tura:
401 1948 581 1997 impressam
594 1979 603 1992 ,
622 1963 690 1985 non
708 1961 856 1986 metuunt
870 1980 879 1994 ,
894 1953 1026 1998 inquam
1039 1981 1047 1994 ,
1063 1964 1104 1986 ne
1115 1949 1294 1998 hujufinodi
1308 1950 1614 1998 praedeterminatio,
1625 1961 1699 1996 quae

309 1998 493 2033 inconsultis
519 1998 615 2033 nobis
626 1998 800 2035 adhibetur
814 2029 822 2041 ‚
835 2012 971 2047 quaeque
989 2000 1077 2035 suum
1099 1999 1252 2035 effectum
1276 1997 1447 2034 necessario
1476 1996 1702 2045 consequitur,

310 2050 375 2082 vim
388 2047 488 2082 ullam
505 2046 649 2083 libertati
662 2049 778 2083 nosttae
790 2047 914 2084 afferat.
925 2051 1046 2096 Neque
1058 2051 1146 2084 enim
1161 2061 1232 2084 eam
1244 2051 1426 2084 motionem
1441 2046 1544 2082 libere
1554 2058 1702 2097 accepta·

308 2109 391 2140 mus,
406 2103 439 2134 &
450 2095 548 2131 semel
566 2095 748 2145 impressam
762 2097 908 2145 abjicere
921 2111 986 2133 non
1003 2096 1172 2146 possumus.

343 2146 446 2194 Qod
455 2157 566 2180 autern
579 2145 793 2194 quaeruntubi
819 2149 908 2181 Deus
929 2146 1100 2196 cognoscat
1113 2150 1144 2182 in
1158 2159 1258 2195 quam
1277 2157 1402 2195 partem
1421 2144 1570 2179 voluntas
1585 2144 1701 2180 humaa

309 2208 347 2230 na
367 2195 430 2230 sese
447 2194 688 2245 infletstet.Jam
702 2194 923 2245 respondimus
949 2197 1022 2232 huic
1038 2208 1249 2245 argumento,
1271 2208 1343 2230 cum
1367 2194 1408 2227 de
1427 2193 1540 2228 futuris
1568 2196 1700 2229 contin-

308 2244 458 2292 gentibus
473 2257 653 2293 ageremus,
679 2247 791 2281 Omne
802 2248 891 2280 enim
906 2247 992 2292 quod
1011 2259 1125 2281 verum
1144 2246 1190 2281 est
1205 2251 1236 2282 &
1247 2243 1354 2279 scibile
1375 2246 1461 2278 Deus
1474 2241 1700 2291 perspicit,nee

310 2295 418 2328 medio
436 2294 547 2341 aliquo
561 2295 686 2342 indiget
706 2297 738 2330 in
751 2307 817 2342 quo
827 2307 876 2329 res
895 2295 974 2344 ipsas
985 2299 1148 2331 intueatur
1164 2309 1171 2330 ε
1189 2296 1299 2329 omnia
1310 2295 1399 2327 enim
1417 2291 1528 2328 suntin
1541 2297 1607 2341 ejus
1619 2305 1699 2328 con-

310 2341 417 2389 speetu
435 2371 444 2384 ,
472 2349 504 2380 &
517 2347 687 2379 aeternitati
699 2343 873 2386 praesentia.

346 2392 426 2436 Sed,
440 2395 606 2439 inquiunt,
627 2393 717 2429 causa
729 2393 863 2429 secunda
875 2393 999 2441 pendet
1014 2392 1033 2427 a
1050 2394 1150 2440 prima
1163 2421 1172 2436 ,
1189 2404 1224 2427 ut
1246 2390 1491 2427 instrumentum
1507 2420 1517 2434 ,
1536 2401 1571 2425 ut
1589 2389 1699 2426 secun-
