1857 2745
365 136 430 179 545
790 121 1283 163 METAPHYSICAE*

365 181 477 215 Deum
490 178 620 213 existere
631 203 640 218 ,
653 171 709 209 nisi
725 173 920 221 principium
935 185 1046 222 petere
1065 174 1178 212 vellet,

402 225 550 262 Secundo
563 254 572 269 ‚
599 223 677 258 illud
694 224 888 270 principium
905 251 914 265 ‚
935 225 1023 270 quod
1038 225 1122 260 clare
1142 230 1176 262 ὃ(
1190 225 1336 261 ἀὶίὶὶηᾶε
1353 224 1565 274 intelligimus
1595 225 1760 272 pertinere*

367 277 408 310 ad
420 275 552 322 alicujus
571 276 617 308 rei
629 270 792 307 elssntiam
804 300 813 314 ,
826 271 855 305 id
872 273 973 320 potest
986 272 1026 308 de
1039 286 1076 308 ea
1086 286 1119 308 re
1132 287 1204 310 cum
1222 277 1362 310 veritate
1376 273 1526 309 affirmari
1541 303 1550 317 ‚
1581 286 1690 310 verum
1710 273 1757 310 es-

367 324 397 359 se
411 325 450 358 dc
464 338 496 359 re
513 354 522 368 ‚
541 336 576 358 ut
590 322 609 358 ξπ
622 320 713 358 nobis
729 322 924 368 concipitur,
942 335 997 357 aut
1021 323 1065 358 est
1090 325 1127 359 in
1141 324 1212 359 idea
1226 325 1333 359 nostra
1345 353 1354 367 ,
1381 336 1445 358 non
1460 323 1501 357 de
1516 335 1629 358 natura
1658 335 1761 370 quam

368 373 470 415 habet
483 385 574 412 extra
586 371 799 408 intellectum.
822 371 908 405 Cum
927 383 1034 407 autem
1047 386 1086 408 ex
1101 385 1141 408 eo
1155 374 1243 421 quod
1258 374 1304 408 est
1320 375 1352 408 in
1365 372 1533 408 intelleau
1547 373 1667 414 nostr0‚
1685 384 1759 420 gra-

369 424 447 458 dum
472 422 608 458 facimus
623 422 662 455 ad
682 434 751 456 rem
769 422 867 467 ip'am
885 431 920 453 ut
939 423 970 455 in
992 421 1023 456 se
1048 423 1110 466 est,
1137 434 1205 458 tum
1238 424 1270 457 in
1289 421 1534 471 paralogismum
1555 420 1762 459 manifestum

369 474 570 508 incurffimus.
581 473 669 508 Nam
683 482 720 509 ex
738 470 819 503 statu
834 469 928 503 ideali
941 472 972 504 in
990 471 1107 506 statum
1121 471 1242 507 reale-m
1262 488 1271 514 3
1291 485 1330 506 ex
1339 461 1496 519 ergastulo
1507 499 1517 513 ,
1541 482 1576 504 ut
1588 470 1632 504 ita
1642 471 1775 514 dicam„

370 521 481 557 intellc
489 523 554 556 &us
564 523 597 556 in
614 520 775 554 theatrum
786 530 822 553 na
830 530 907 552 turae
915 521 1109 567 egredimur.
1119 522 1169 555 Sic
1181 522 1271 556 enim
1286 532 1352 555 tam
1363 531 1473 554 verum
1486 519 1532 554 est
1545 530 1694 554 montem
1705 531 1760 552 au<

370 583 462 605 reum
481 583 520 605 ex
529 583 607 605 auro
620 569 760 603 constare
771 597 781 611 ‚
800 566 900 614 quam
916 568 1036 604 animal
1054 570 1211 605 rationale
1228 568 1286 605 effe
1300 569 1467 618 praeditum
1476 570 1622 611 ratione,
1640 565 1661 601 si
1675 568 1776 601 ideas*-

370 621 490 656 nostras
508 617 709 655 consulamus
721 646 731 661 ‚
748 619 843 651 autin
858 618 938 651 statu
956 618 1049 653 ideali
1076 631 1262 654 maneamus
1291 632 1298 653 :
1329 631 1437 653 utrum
1452 615 1531 652 vero
1549 616 1620 652 talis
1640 617 1712 651 idea
1726 615 1764 650 fit

371 668 551 704 conformis
567 670 709 703 reicxtra
724 666 929 703 intelledlum
949 668 1096 703 existenti
1108 697 1118 712 ,
1140 668 1378 717 expedbindurn
1388 667 1431 702 est
1440 665 1607 715 quousque
1627 667 1661 701 in
1678 665 1776 700 statu·

372 718 661 765 realiexperientia
675 714 742 763 ipsa
755 717 916 749 criterium
930 713 987 750 fiat
998 746 1008 760 ,
1026 722 1060 753 &
1071 729 1192 752 certum
1211 717 1371 765 judicium.

419 769 537 813 Qare
548 765 701 814 investiga
709 768 755 798 tio
768 763 821 798 illa
834 765 912 811 quid
925 768 1012 806 Deus
1026 765 1061 801 fit
1077 795 1096 810 ,,
1109 766 1151 801 est
1162 767 1279 802 divinae
1297 777 1437 809 naturae,
1466 778 1533 801 non
1550 776 1585 804 ut
1608 763 1651 798 est
1669 765 1701 799 in
1716 761 1765 797 se-

372 814 438 864 ipsa
451 844 459 857 ,
477 815 528 849 sed
542 826 579 849 ut
591 813 636 848 est
655 815 688 849 in
702 814 774 847 idea
786 813 893 847 nostra
905 843 915 856 ‚
938 814 1039 862 qualis
1052 827 1169 863 nempe
1182 814 1202 850 ἐι
1223 813 1318 850 nobis
1340 816 1529 862 concipitur.
1542 815 1622 862 Jam
1641 814 1665 846 is
1691 809 1762 859 qui-

373 877 448 898 cum
463 862 601 912 disputas
617 892 626 906 ‚
651 863 804 910 expetfhu
820 873 853 896 ut
867 862 984 910 probes
1010 864 1110 900 talem
1135 865 1165 898 in
1188 862 1218 898 se
1237 864 1372 898 existere
1383 892 1392 906 ‚
1418 861 1550 909 qualem
1563 864 1599 898 in
1611 861 1684 895 idea
1697 863 1775 895 exi-⁷

375 913 513 949 stentem
531 911 691 947 describis,
703 909 804 958 Qiod
819 909 840 944 si
854 913 1314 948 naturaedivinaeexistentiam
1328 914 1361 945 in
1377 912 1447 945 idea
1460 923 1513 945 tua
1527 907 1703 959 expressam
1711 922 1764 944 ac-

374 962 560 1010 cipiendam
573 961 652 996 velis
669 973 728 1009 pro
743 959 913 994 existentia
922 972 1042 996 naturae
1054 963 1172 996 divinae
1191 963 1223 997 in
1238 960 1352 1009 seipsa,
1364 964 1427 1007 jam
1444 960 1561 993 eodem
1576 959 1676 993 modo
1688 970 1765 1007 pro-

375 1009 469 1044 babis
485 1011 618 1045 existere
643 1022 791 1045 montem
813 1020 946 1044 aureum
959 1038 969 1053 ,
995 1012 1070 1057 quia
1089 1010 1247 1051 intuendo
1259 1012 1300 1048 ,in
1316 1009 1398 1044 illius
1414 1009 1521 1043 ideam
1535 1037 1545 1051 ‚
1559 1007 1704 1042 distincte
1715 1009 1766 1041 in-

377 1059 553 1108 telligimus
572 1073 646 1094 eum
665 1072 705 1095 ex
717 1071 794 1093 auro
809 1057 968 1094 constare.
1001 1062 1054 1094 Sic
1067 1061 1216 1107 quaeritur
1236 1072 1276 1094 an
1302 1061 1390 1093 Deus
1409 1057 1523 1092 existat
1535 1086 1545 1100 ,
1571 1068 1604 1091 tu
1625 1054 1704 1092 vero
1718 1054 1767 1090 as..

375 1108 468 1142 sumis
486 1109 517 1141 id
533 1111 695 1156 pertinere
712 1108 751 1141 ad
763 1111 829 1153 ejus
842 1118 990 1143 naturam
1007 1120 1043 1143 ut
1061 1109 1194 1151 existat,
1226 1114 1258 1145 ὃ(
1272 1108 1336 1143 haec
1352 1105 1416 1155 ipsa
1434 1107 1477 1140 est
1494 1106 1620 1153 quaestio
1644 1119 1651 1140 ε
1683 1108 1766 1141 inter

375 1156 599 1205 perfeffionesr
609 1159 675 1191 Dei
687 1157 781 1204 ponis
793 1154 994 1191 existentiam
1006 1185 1016 1200 ,
1035 1169 1070 1192 ut
1080 1169 1155 1192 eum
1165 1156 1285 1205 probes
1300 1156 1435 1192 existere
1445 1184 1455 1200 ,
1472 1153 1577 1203 ficque
1600 1154 1687 1190 idern
1707 1166 1766 1203 per

378 1206 464 1239 idern
479 1204 608 1252 probas.
1736 1232 1742 1237 .

376 1260 397 1282 t*
411 1257 415 1262 “
427 1255 489 1287 Sed
506 1283 515 1296 ‚
544 1254 668 1299 inquies
681 1280 689 1289 ‚
727 1266 792 1288 non
818 1252 922 1300 potest
952 1266 1007 1288 ens
1030 1252 1151 1288 summe
1178 1252 1359 1301 perfedhim
1384 1251 1446 1288 fine
1472 1252 1642 1287 existentia
1670 1249 1767 1286 intelss

377 1303 442 1351 ligi.
461 1301 588 1338 Verum
603 1302 667 1336 haec
679 1301 743 1349 ipsa
755 1301 969 1338 controversia
987 1303 1048 1345 est,
1067 1314 1110 1337 an
1127 1303 1221 1337 detur
1243 1315 1297 1337 ens
1313 1301 1436 1337 summe
1455 1301 1657 1349 perfeetum:
1674 1299 1770 1347 quod

378 1354 490 1399 utique
503 1352 564 1386 alia
581 1352 708 1385 ratione
723 1349 897 1398 probatum
923 1353 1067 1398 oportuit
1081 1379 1092 1394 ,
1117 1350 1217 1398 quam
1231 1364 1269 1385 cx
1282 1351 1356 1385 idea
1370 1353 1450 1385 entis
1465 1348 1545 1384 illius
1556 1348 1675 1384 summe
1691 1360 1766 1397 per-

378 1400 468 1436 feffi.

414 1450 475 1484 Sed
492 1449 579 1496 quod
594 1449 624 1482 in
643 1447 714 1480 idea
724 1449 769 1481 rei
783 1449 990 1489 continetur,
1015 1448 1055 1482 de
1079 1459 1115 1481 ea
1134 1461 1166 1483 re
1176 1445 1329 1483 affirmari
1340 1448 1451 1498 potest:
1467 1447 1680 1483 Existentiain
1693 1446 1769 1480 idea

380 1502 464 1541 Dei,
484 1510 538 1532 aut
551 1499 634 1532 entis
653 1496 774 1531 summe
792 1497 932 1544 perfedti
946 1499 1142 1534 continetur.

412 1549 500 1595 Resp.
517 1546 613 1594 potest
633 1544 704 1588 dist.
727 1550 806 1586 maj.
827 1545 928 1593 Qod
944 1549 1126 1581 continetur
1143 1548 1175 1581 in
1191 1547 1263 1581 idea
1281 1548 1326 1580 rei
1344 1544 1488 1593 alicujus,
1502 1543 1653 1579 affirmari
1669 1543 1710 1578 de
1729 1555 1768 1578 ea

380 1609 414 1631 rc
428 1596 533 1644 potest
548 1623 556 1636 ,
572 1596 602 1629 in
618 1595 698 1628 statu
713 1594 831 1638 ideali,
848 1598 884 1631 C.
905 1597 937 1628 in
951 1595 1032 1630 statu
1048 1595 1147 1638 reali,
1173 1597 1221 1631 N.
1240 1598 1313 1631 Nec
1337 1594 1424 1628 valet
1448 1594 1631 1629 consecutio
1646 1591 1666 1628 ὸ.
1688 1593 1767 1627 statu

380 1644 477 1679 ideali
492 1643 532 1677 ad
551 1643 694 1686 realem,
712 1642 767 1678 nisi
785 1645 818 1678 in
838 1646 873 1677 iis
893 1656 962 1691 quae
973 1644 1012 1678 ad
1031 1640 1195 1679 essentiam
1217 1647 1262 1678 rei
1278 1646 1448 1692 'pertinent
1464 1673 1473 1686 ,
1498 1656 1563 1678 non
1582 1640 1660 1677 vero
1680 1643 1712 1676 in
1729 1644 1771 1677 iis

381 1706 451 1741 quae
475 1693 514 1726 ad
538 1693 743 1727 existentiam
768 1691 922 1740 specstant.
945 1694 1074 1728 Deinde
1091 1693 1170 1728 illud
1194 1705 1322 1740 qnoque
1340 1693 1402 1726 dici
1431 1692 1538 1740 potest
1561 1691 1766 1726 existentiam

380 1756 447 1777 non
459 1743 618 1776 contineri
630 1744 663 1778 in
676 1742 747 1776 idea
759 1744 848 1784 Dei,
871 1740 926 1776 nifi
939 1745 1030 1778 Deus
1045 1742 1192 1791 perfcilae
1204 1741 1410 1790 cognoscatur
1421 1769 1431 1784 ‚
1457 1744 1503 1776 uti
1528 1741 1547 1777 ἐι
1574 1739 1681 1774 beatis
1708 1752 1767 1774 co-

380 1789 550 1840 gnoscitur.

425 1840 560 1874 Addunt
573 1838 627 1874 alii
644 1850 679 1872 ea
694 1839 819 1873 ratione
840 1837 969 1887 probari
981 1841 1044 1875 Dei
1057 1840 1259 1874 existentiam
1277 1837 1339 1874 esse
1355 1835 1559 1874 necessariam
1570 1865 1580 1879 ‚
1601 1849 1669 1872 non
1686 1849 1766 1872 con-

381 1890 579 1937 tingentem,
599 1899 659 1922 nec
675 1885 885 1934 quaestionem
904 1890 936 1922 in
961 1901 1002 1923 eo
1022 1886 1082 1923 effe
1100 1886 1232 1936 positam
1250 1888 1420 1935 quomodo
1438 1889 1526 1921 Deus
1549 1885 1663 1919 existat
1683 1899 1691 1921 :
1712 1883 1766 1920 sed

380 1949 489 1972 utrum
514 1936 695 1986 simpliciter
717 1937 842 1973 existat.
883 1938 964 1971 Haec
982 1937 1050 1972 fere
1067 1936 1135 1973 sunt
1150 1950 1219 1985 quae
1240 1936 1470 1985 probationem
1487 1931 1632 1969 Cartefiii
1652 1934 1765 1969 viden-

381 1998 430 2021 tur
447 1986 620 2036 infringere
641 2000 648 2021 :
670 1991 703 2024 &
722 1985 795 2021 sane
817 1985 837 2020 sl
856 1998 892 2020 ea
916 1985 1070 2035 probatio
1090 2000 1158 2022 non
1174 1986 1303 2021 aliunde
1326 1987 1487 2021 muniatur
1499 2010 1511 2027 ,
1532 1983 1586 2018 vix
1607 1980 1687 2017 stare
1705 1996 1767 2030 po-

382 2046 464 2069 terit.

415 2082 495 2130 Qo
506 2086 601 2131 igitur
611 2085 677 2118 vim
692 2081 1097 2119 habeatdemonstrationis
1111 2084 1165 2118 ssla
1177 2084 1196 2121 'a
1210 2082 1353 2119 Cartesio
1369 2111 1379 2126 ‚
1403 2093 1457 2117 aut
1473 2083 1579 2129 potius
1591 2080 1610 2116 ὲι
1627 2082 1659 2118 5.
1681 2082 1762 2130 Aug.

381 2132 525 2181 usurpata
545 2133 628 2166 ratio
639 2161 649 2174 ,
664 2133 694 2165 id
708 2131 792 2179 prius
804 2132 846 2165 est
855 2131 1060 2179 probandum
1075 2146 1082 2168 :
1108 2132 1195 2167 illam
1211 2135 1277 2168 Dei
1298 2134 1468 2167 notionem
1484 2128 1543 2165 effe
1556 2129 1685 2172 realem:
1699 2143 1767 2166 non

382 2181 530 2218 fiffitiam
547 2211 556 2224 ‚
576 2183 619 2214 rei
635 2179 753 2215 scilicet
764 2179 920 2227 poffibilis
933 2209 942 2223 ,
960 2193 1025 2217 non
1037 2180 1250 2230 impossibilis.
1265 2181 1299 2215 ld
1318 2183 1427 2226 utique
1446 2179 1518 2213 hinc
1536 2179 1740 2226 pcriuadetur
1755 2207 1767 2222 ‚

383 2230 469 2277 qnod
486 2229 520 2265 fit
536 2230 618 2264 clara
638 2258 647 2272 ‚
679 2235 711 2266 ὃ(
727 2229 871 2265 ἀιίὶίῃξὶα
887 2232 1032 2278 cognitio
1049 2245 1055 2266 :
1078 2231 1167 2277 quod
1187 2244 1294 2266 autem
1318 2229 1363 2264 est
1382 2227 1577 2274 impossibile
1589 2257 1598 2270 ,
1621 2239 1674 2262 aut
1685 2240 1765 2262 con-

385 2281 611 2315 tradiffloncm
625 2279 788 2322 involvit,
807 2290 840 2314 ut
858 2291 951 2315 mons
970 2278 1034 2315 fine
1053 2279 1137 2316 valle
1150 2310 1161 2325 ,
1174 2279 1306 2316 obscure
1320 2278 1495 2312 admodum
1513 2283 1545 2314 ἃ
1557 2275 1685 2312 confuse
1696 2288 1753 2325 per

384 2330 505 2374 cipitur.
1751 2350 1766 2359 -

435 2378 562 2414 Deinde
580 2378 662 2412 entis
677 2375 798 2413 summe
808 2377 947 2426 perfecti
961 2406 972 2423 ,
996 2376 1270 2426 autnecess'ani,&
1283 2375 1528 2424 independentis
1544 2372 1767 2412 ideaexisten.
