1857 2745
376 143 444 179 264
853 113 1319 164 pffltosop‘H-tA

376 180 500 217 lectum
518 191 614 229 3quae
637 177 678 214 ad
705 175 925 213 voluntarium
940 180 976 215 ὃ(
998 175 1255 212 involuntarium
1266 175 1453 224 pertinent,
1472 171 1607 208 tandem
1635 172 1778 209 excutie.

375 243 460 267 mus.

744 275 1090 323 QUAESTIO
1137 274 1367 310 PRIMA.

937 374 994 409 De
1015 373 1195 409 voluntate.

378 472 617 559 FAcultates
632 474 743 508 animae
754 474 916 522 principes
930 470 1129 522 &spiritales
1142 470 1182 505 ad
1195 469 1399 506 intellectum
1416 474 1449 506 δε
1462 468 1664 504 voluntatem
1682 473 1782 504 revo-'

448 524 511 558 cari
524 519 659 572 poffunt.
673 523 722 556 Ac
737 521 880 571 primum
890 523 923 558 id
932 525 1106 571 quaeritur,
1125 520 1292 568 quomodo
1306 518 1348 554 ab
1365 518 1428 568 ipsa
1450 520 1559 554 anima
1571 531 1615 553 eae
1630 521 1713 554 vires
1727 518 1781 552 di·-

375 572 583 621 stinguantur.
595 571 630 606 Id
640 574 729 608 enim
747 585 901 622 magnam
913 575 945 608 in
957 572 1036 608 ideis
1049 570 1164 607 nostris
1177 567 1399 617 confusionem
1419 571 1504 616 parit
1516 597 1527 612 ‚
1547 568 1637 615 quod
1651 566 1782 602 intelle-

378 623 467 657 &um
481 626 515 659 δε
532 620 738 657 voluntatem
751 621 838 670 quafi
854 623 930 657 duas
945 634 1013 667 res,
1033 633 1070 656 ac
1092 618 1184 653 velut
1198 630 1303 654 ramos
1323 618 1492 653 distinctos
1505 646 1516 660 ,
1541 622 1575 653 δε
1600 616 1642 651 ab
1662 616 1782 650 eodem

378 681 495 706 trunco
509 670 707 719 prodeuntes
718 673 936 721 concipiamus
950 701 960 716 ‚
985 685 1060 707 cum
1075 669 1160 704 idem
1178 665 1215 702 fit
1234 670 1357 703 animus
1377 670 1436 716 qui
1455 665 1610 715 intelligit
1624 671 1657 703 &
1670 676 1781 701 amat:

377 718 501 756 mmetfi
520 720 575 755 has
585 721 670 756 vires
677 720 854 759 dividimus
864 751 875 767 ,
889 733 923 758 ut
934 734 1044 758 earum
1057 719 1241 755 funetiones
1261 723 1295 756 &
1310 730 1447 754 munera
1457 714 1586 752 facilius
1595 715 1781 765 percipian-

383 779 446 806 tur.
464 772 512 805 Sit
526 771 624 818 igitur

939 822 1058 858 Prima
1078 817 1252 864 Conclufio.

414 917 604 954 Intellectus
620 922 654 955 δε
674 917 825 955 voluntas
850 931 917 955 non
937 930 972 953 re
985 946 997 961 ‚
1021 916 1074 951 sed
1097 916 1298 965 cogitatione
1316 923 1443 948 tantum
1470 911 1511 947 ab
1541 912 1648 947 anima
1672 910 1783 948 distin-¹

380 979 528 1016 guuntur.

416 1015 510 1051 Proh.
524 1018 619 1053 1.Vix
631 1015 788 1052 credibile
807 1016 851 1051 est
867 1014 1014 1050 accidens
1030 1013 1198 1061 quoddam
1218 1011 1260 1048 ab
1275 1012 1386 1047 animo
1401 1011 1592 1047 distinctum
1616 1009 1783 1060 intellige..

377 1077 414 1099 re
426 1093 436 1107 ‚
451 1076 506 1099 aut
520 1068 699 1113 percipere,
714 1076 770 1100 aut
780 1064 886 1100 velle:
902 1074 1010 1110 neque
1022 1065 1108 1097 enim
1125 1062 1219 1096 ullius
1235 1061 1411 1095 accidentis
1422 1072 1512 1095 tanta
1523 1061 1572 1094 vis
1591 1057 1653 1093 ess'e
1667 1061 1782 1107 potest,

378 1126 415 1148 ut
433 1114 598 1147 actionem
613 1115 851 1147 immanentem
861 1140 870 1154 ‚
885 1123 958 1158 quae
975 1111 1140 1158 principio
1153 1109 1208 1144 suo
1224 1109 1302 1144 inest
1312 1138 1322 1152 ,
1334 1120 1462 1144 exerat:
1478 1121 1513 1143 ea
1522 1110 1644 1157 quippe
1656 1109 1699 1143 est
1708 1108 1783 1144 sub.

378 1162 498 1196 stantiae
511 1164 605 1196 notio
618 1189 627 1203 ‚
645 1163 728 1196 utin
741 1159 771 1195 se
785 1160 897 1194 existat
912 1163 946 1195 δε
957 1169 1108 1207 operetur
1123 1175 1132 1202 ·,
1146 1170 1252 1206 neque
1263 1158 1295 1192 id
1315 1157 1373 1192 ulli
1390 1158 1548 1192 accidenti
1567 1160 1734 1194 convenit.

417 1224 444 1245 2·
464 1212 496 1245 Si
506 1210 690 1245 intellectus
702 1210 746 1244 est
759 1208 894 1244 facultas
907 1206 949 1243 ab
959 1209 1067 1243 anima
1079 1205 1221 1256 sejuncta
1236 1235 1246 1247 ‚
1260 1219 1333 1255 quae
1349 1206 1432 1241 illius
1445 1209 1504 1242 erit
1515 1205 1604 1241 causa
1615 1236 1624 1251 ,
1641 1206 1696 1242 nisi
1709 1209 1782 1243 ani-

380 1261 424 1296 mi
439 1258 607 1294 substantia
624 1270 634 1296 Ξ
665 1271 735 1306 quae
747 1257 883 1306 sipotest
903 1269 943 1293 ex
956 1256 987 1291 se
1003 1256 1140 1292 fundere
1154 1256 1326 1291 facultates
1337 1285 1346 1299 ,
1361 1255 1464 1290 multo
1487 1255 1614 1291 facilius
1633 1258 1782 1292 actiones

381 1308 460 1357 ipsas
480 1320 598 1345 exeret.
616 1311 706 1345 Nam
719 1310 828 1343 anima
846 1306 889 1342 est
900 1308 1042 1342 maxime
1052 1305 1179 1341 astuosa
1194 1335 1204 1349 ,
1220 1318 1257 1340 ac
1270 1304 1353 1340 nihil
1362 1304 1472 1339 obstat
1481 1307 1655 1353 quominus
1666 1318 1723 1354 per
1732 1305 1782 1342 se.

380 1357 480 1406 ipsam
499 1355 619 1392 efficiat
630 1387 639 1401 ,
651 1370 722 1404 quae
737 1355 944 1393 facultatibus
960 1355 1162 1392 tribuuntur:
1176 1352 1296 1391 cumfit
1308 1365 1420 1390 natura
1439 1354 1589 1401 quaedam
1609 1383 1618 1398 ,
1635 1354 1698 1390 hoc
1714 1356 1759 1391 est
1770 1384 1783 1400 ,

380 1408 572 1456 principium
589 1406 702 1442 motfis
715 1412 750 1444 &
762 1407 891 1453 quietis.

417 1455 521 1504 Qod
531 1455 725 1503 respondent
740 1458 884 1491 animam
900 1454 962 1490 esse
972 1457 1113 1503 primum
1122 1481 1131 1492 ‚
1144 1461 1243 1500 atque
1256 1462 1293 1486 ut
1306 1450 1482 1498 loquuntur
1494 1480 1503 1494 ‚
1523 1452 1717 1499 principium
1728 1460 1783 1488 ιμ’

379 1505 484 1539 dicale
494 1504 617 1538 suarum
626 1507 854 1552 operationum
867 1532 877 1547 ,
891 1516 958 1538 non
975 1504 1158 1551 proximum
1171 1530 1182 1545 ‚
1205 1500 1240 1535 id
1253 1501 1444 1547 utique.vim
1456 1502 1590 1535 rationis
1602 1498 1705 1536 allatae
1713 1515 1783 1539 non

380 1553 541 1602 infringit.
557 1551 624 1587 Effe
636 1555 725 1588 enim
741 1554 937 1601 principium
947 1550 1086 1587 radicale
1099 1556 1307 1588 &remotum
1318 1579 1327 1593 ‚
1342 1562 1409 1585 non
1427 1548 1513 1584 aliud
1532 1550 1574 1584 est
1596 1548 1697 1596 quam
1718 1549 1782 1587 esse

380 1602 505 1637 causam
519 1614 574 1636 cur
591 1604 744 1650 potentiae
753 1613 810 1637 aut
819 1601 989 1638 facultates
1004 1612 1113 1650 agant.
1125 1603 1209 1649 Ergo
1219 1597 1240 1634 fi
1250 1600 1360 1634 anima
1376 1597 1412 1634 fit
1426 1598 1514 1633 causa
1531 1609 1660 1633 remota
1676 1601 1783 1636 aetio-

380 1664 457 1686 num
471 1680 480 1695 ,
494 1653 555 1685 erit
567 1650 679 1686 saltem
696 1650 784 1686 causa
795 1653 947 1699 proxima
959 1662 1013 1686 cut
1034 1649 1098 1684 illae
1116 1649 1288 1684 facultates
1300 1659 1474 1696 operentur
1494 1662 1502 1684 ε
1526 1646 1632 1695 sicque
1655 1661 1713 1696 per
1734 1649 1783 1684 se-

379 1699 478 1749 ipsam
491 1702 559 1749 agit
568 1730 577 1744 ‚
596 1701 671 1736 dum
686 1700 858 1736 facultates
868 1701 908 1734 ad
927 1699 1094 1750 agendum
1103 1697 1255 1746 applicat.
1269 1699 1392 1745 Neque
1404 1696 1468 1732 ulla
1483 1696 1560 1746 fingi
1573 1698 1676 1745 potest
1689 1697 1781 1733 causst

379 1761 525 1792 remota,
537 1762 607 1796 quae
618 1763 683 1785 non
695 1749 732 1785 fit
753 1749 842 1785 causa
861 1748 955 1798 ipsius
978 1747 1074 1784 causae
1087 1749 1242 1797 proximae
1255 1776 1264 1790 ‚
1282 1758 1339 1781 aut
1357 1759 1414 1794 per
1430 1759 1504 1781 eam
1528 1759 1595 1781 non
1616 1759 1779 1794 operetur.

381 1800 430 1833 Ac
443 1798 602 1834 demumfi
616 1799 786 1836 facultates
804 1811 904 1846 agunt
916 1801 1050 1835 nomine
1070 1796 1162 1846 ipfius
1176 1799 1310 1839 animae,
1332 1801 1366 1833 &
1385 1807 1538 1843 tanquam
1562 1794 1644 1829 illius
1666 1798 1780 1832 instru-

379 1860 489 1883 menta
501 1878 509 1891 ‚
529 1860 564 1883 ut
577 1850 776 1896 pertendunt
795 1849 990 1891 Thomistae‚
1021 1848 1054 1882 id
1071 1846 1196 1895 semper
1212 1857 1327 1882 verum
1345 1847 1408 1881 erit
1427 1847 1570 1881 animam
1587 1846 1779 1881 immediate

379 1910 475 1946 agere
489 1912 496 1934 :
512 1910 587 1934 nam
598 1899 685 1934 actio
705 1897 801 1934 causae
813 1899 950 1947 principi
966 1896 1127 1933 tribuitur.

887 1976 1021 2022 Satisfit
1043 1973 1277 2019 objec‘lionibus.
1580 2001 1582 2003 .

413 2043 717 2093 Opp.1.Th0mistae
730 2071 738 2085 ,
760 2041 809 2077 ibi
827 2040 889 2077 effe
903 2042 1061 2077 distinctas
1076 2043 1260 2088 potentias,
1281 2038 1339 2074 ubi
1361 2039 1433 2075 sunt
1445 2041 1534 2076 aetus
1556 2038 1669 2075 diversi
1691 2050 1699 2072 ε
1723 2039 1777 2077 [ed

377 2089 553 2128 substantia:
564 2094 651 2128 aetus
664 2093 707 2127 est
717 2091 886 2126 existentia
896 2121 906 2136 ,
925 2102 961 2126 ut
971 2092 1059 2126 aetus
1073 2089 1235 2126 facultatis
1253 2089 1298 2123 est
1312 2090 1410 2125 actio.
1425 2091 1473 2124 Hi
1493 2092 1778 2138 porroa&us‚cxi..

379 2141 491 2176 stentia
501 2154 619 2189 nempe
629 2147 662 2178 &
674 2142 762 2176 aeuo
780 2143 864 2176 inter
874 2140 904 2176 se
916 2140 1091 2176 differunt:
1113 2153 1192 2189 ergo
1210 2143 1245 2175 δε
1259 2137 1411 2183 facultas,
1425 2137 1476 2174 seu
1489 2141 1639 2188 potentia
1659 2151 1777 2188 opera-

380 2192 439 2224 trix
461 2191 508 2225 est
524 2192 603 2239 quid
621 2191 640 2227 ἐι
652 2190 825 2225 substantia
836 2219 846 2233 ,
861 2190 917 2226 vel
935 2189 1065 2225 essentia
1082 2192 1128 2224 rei
1137 2188 1324 2225 se'unctum.

412 2240 503 2283 Reffi,
515 2241 595 2282 Drst.
610 2245 685 2280 maj.
697 2239 838 2276 Diversae
855 2239 926 2276 sunt
938 2242 1093 2286 potentiae
1106 2241 1161 2287 qui
1188 2250 1221 2273 us
1245 2236 1440 2286 respondent
1464 2236 1578 2271 diversi
1601 2238 1689 2274 aetus
1706 2249 1776 2273 non

380 2286 593 2333 siibwrdimti,
609 2291 649 2326 C.
662 2288 779 2325 stactus
793 2288 842 2324 illi
857 2288 916 2325 (int
932 2288 1146 2330 subordinari,
1161 2289 1208 2325 N.
1227 2289 1270 2322 At
1284 2285 1364 2322 vero
1377 2288 1463 2322 aetio
1474 2286 1625 2335 ssipponit
1636 2286 1776 2322 existen-

380 2338 456 2370 tiam
475 2365 483 2376 ,
506 2350 540 2372 ut
564 2341 649 2375 aetio
665 2340 838 2375 voluntatis
849 2338 892 2373 ab
913 2339 1042 2373 actione
1052 2337 1236 2374 intellectus
1249 2337 1392 2385 pendet:
1411 2349 1487 2373 ereo
1501 2333 1716 2372 nihilneceise
1732 2335 1776 2369 est

379 2388 462 2425 ihrer
481 2389 623 2425 animum
646 2395 680 2426 δε
698 2393 763 2438 ejus
785 2391 869 2424 vires
892 2388 1138 2425 distinctionem
1162 2386 1283 2422 realem
1293 2385 1774 2467 comminisci:cumdssstinclelio

1628 2445 1733 2471 vutua
1747 2445 1772 2468 is
