1857 2745
342 140 397 166 ur-
841 121 874 155 T
890 117 924 154 R
941 118 970 155 A
987 118 1017 154 C
1030 120 1062 156 T
1076 120 1105 155 A
1121 120 1151 155 T
1170 120 1207 158 U
1225 120 1246 155 S

390 178 571 222 Paronyma
583 181 693 205 autem
703 197 711 213 ‚
727 168 778 205 seu
790 168 1033 205 denominativa
1043 198 1053 213 ,
1067 180 1111 204 ut.
1121 169 1237 205 definit
1246 168 1442 206 ‚Aristoteles
1455 200 1466 216 ,
1484 171 1637 207 dicuntur
1654 184 1738 221 quae·

354 237 475 271 cunque
495 223 563 267 cafit
575 219 614 254 ab
632 221 741 266 aliquo
758 218 947 265 differentia,
963 217 1004 252 ab
1016 230 1048 251 eo
1063 222 1198 254 nominis
1209 220 1454 268 appellationem
1468 220 1655 257 habent.Sic
1668 223 1750 258 for-v

359 277 398 310 tis
412 273 432 308 a
452 270 641 306 fortitudine
652 297 661 313 ,
683 268 782 316 justus
794 268 948 317 ajustitia
963 267 1199 305 denominatur.
1222 269 1392 317 Adjeffiva
1409 272 1525 314 etiam,
1551 282 1604 306 aut
1619 277 1753 320 conju-s

356 334 433 369 gata
445 321 506 354 dici
518 318 639 362 solent,
655 330 758 365 eaque
768 319 922 352 concretis
934 315 1069 351 vocibus
1080 316 1184 352 efferri
1202 331 1210 353 ε
1234 329 1269 352 ut
1282 319 1378 366 justus
1393 348 1403 362 ‚
1418 319 1512 354 fortis
1525 348 1534 364 ,
1551 325 1585 357 δι
1603 319 1664 355 alia
1680 321 1738 356 hu-

356 362 405 415 ius
420 370 544 419 generis
563 380 672 402 concrt
681 379 714 401 ta
729 367 947 402 accidentalia.

355 415 358 418 ’
394 419 540 466 Analoga
557 415 751 465 praetermisit
765 416 953 451 Aristoteles
968 445 978 460 ,
1009 415 1063 451 vel
1087 429 1161 452 cum
1183 417 1390 465 homonymis
1407 430 1443 451 ea
1461 417 1618 454 confudit.
1642 419 1755 455 Nihil?

359 471 446 504 enim
471 467 539 502 sunt
556 465 610 501 nisi
629 468 794 513 aequivoca
813 467 832 500 a
850 465 978 500 consilio
1003 494 1013 509 ,
1045 478 1148 514 eaque
1175 468 1256 500 inter
1284 465 1462 515 synonyma
1484 472 1518 503 δε
1537 467 1757 516 homonyma

358 517 539 567 ambigunt.
560 517 659 552 Unde
672 513 840 551 &definiri
859 514 980 559 solent,
1003 528 1132 561 qnorum
1147 528 1256 549 nomen
1280 528 1457 554 commune,
1485 520 1567 550 ratio
1590 516 1664 550 verb
1686 531 1741 551 no-

357 568 437 601 mini
449 565 632 613 respondem
644 568 763 613 partim
778 564 885 598 eadem
902 593 910 606 ,
927 566 1045 613 partim
1061 564 1196 610 diverfiff.
1211 563 1403 612 Exemplum
1417 565 1581 600 attulimus
1603 565 1643 598 de
1667 565 1741 600 fun-

359 617 523 651 damento,
537 616 664 650 Omnes
676 625 807 661 quoque
824 626 920 648 voces
931 613 1160 661 metaphorica:
1179 615 1210 648 in
1228 613 1313 647 hunc
1329 612 1457 648 censum
1475 616 1587 648 venire
1605 612 1741 660 possunt.
1756 646 1758 648 .

358 666 445 701 Cum
463 676 571 699 autem
585 663 738 711 analogiae
750 661 819 697 usus
830 661 907 697 sitin
924 662 1125 711 Philosophia
1142 661 1434 709 frequentislimus·‚
1448 675 1513 698 non
1529 664 1588 697 erit
1599 661 1742 698 alienum

358 714 440 762 quid
456 715 585 762 proprie
608 711 667 756 fit,
704 717 740 749 &
753 711 930 759 quotuplex
943 742 953 756 ‚
979 724 1114 760 quaeque
1132 710 1168 745 fit
1179 711 1262 746 illius
1280 714 1372 761 origo
1384 739 1395 755 ,
1430 711 1532 760 paulo.
1553 710 1742 759 explicatius
1758 737 1761 742 ·

362 764 515 799 tradere..

399 811 559 861 Analogia
570 811 685 846 Graecis
697 810 784 845 idem
794 810 859 853 est,
876 810 965 858 quod
979 811 1099 845 Latinis
1116 810 1285 858 proportio
1305 821 1313 844 ι
1339 807 1405 843 haec
1428 819 1539 844 autem
1562 814 1690 860 proprie
1710 812 1744 847 in
1760 834 1762 836 v

360 861 605 898 Mathematicis
616 861 797 902 invenitur,
815 871 912 907 atque
921 860 995 894 hinc
1013 861 1044 893 in
1063 858 1141 892 alias
1159 857 1339 906 disciplinas
1364 860 1576 905 permanavit.
1597 861 1762 908 Qando-

362 923 424 946 una
438 912 599 956 quantitas
615 921 689 942 cum
699 908 760 942 alia
771 908 938 942 confertur
951 936 960 950 ,
981 919 1052 942 tum
1064 907 1117 941 illa
1134 909 1225 941 unius
1238 907 1427 953 quantitatis
1442 907 1481 940 ad
1499 907 1595 943 aliam
1612 909 1744 944 habitu-

363 961 407 994 do
423 958 463 993 ab
477 958 606 994 Euclide
619 958 702 991 ratio
720 958 905 991 nominatur
925 971 934 992 ε
961 968 1030 1003 quae
1049 954 1104 990 suo
1120 958 1253 991 nomine
1272 954 1460 1004 plerumque
1473 959 1670 1004 exprimitur.
1692 961 1745 993 Sic

366 1009 585 1056 quaternarius
600 1019 671 1040 cum
683 1005 808 1040 binario
820 1005 955 1039 collatus
970 1006 1085 1039 dicitur
1096 1004 1181 1039 illius
1194 1004 1319 1052 duplus.
1345 1004 1396 1038 Est
1412 1006 1506 1052 igitur
1525 1008 1609 1041 ratio
1619 1036 1630 1051 ,
1644 1018 1744 1042 certa

364 1058 455 1092 unius
465 1056 651 1102 quantitatis
668 1054 706 1087 ad
720 1053 855 1087 alteram
867 1053 1026 1088 habitudo
1040 1081 1049 1095 ‚
1072 1052 1127 1086 vel
1143 1053 1268 1089 relatio.

403 1105 576 1152 Proportio
593 1114 671 1137 vero
687 1101 801 1135 dicitur
811 1114 883 1137 curn
897 1101 1001 1149 plures
1019 1100 1173 1149 ejusmodi
1198 1104 1338 1136 rationes
1360 1102 1444 1135 inter
1461 1098 1492 1134 se
1511 1102 1742 1148 conferuntur;

367 1165 470 1200 eaque
489 1152 535 1186 est
563 1150 678 1198 duplex
689 1179 713 1194 ,,
724 1151 932 1185 Geometri:a
960 1162 1021 1184 una
1031 1179 1039 1193 ‚
1051 1150 1261 1185 Arithmetica
1273 1149 1391 1184 altera:
1407 1151 1441 1184 in
1452 1152 1658 1187 Geometrica
1667 1166 1745 1202 pro-

366 1204 516 1250 portione
533 1200 646 1234 eadem
660 1200 703 1234 est
712 1198 835 1246 ubique
845 1202 928 1234 ratio
939 1228 948 1242 ,
963 1198 1016 1234 vel
1028 1201 1246 1246 quantitatum
1259 1199 1374 1234 relatio
1388 1212 1396 1233 z
1409 1210 1444 1232 ut
1469 1200 1677 1237 manifestum
1697 1202 1744 1236 est

346 1286 350 1288 ,
367 1254 398 1285 in
409 1251 462 1284 illa
477 1251 689 1298 proportione
703 1251 909 1283 Geometrica
920 1262 926 1282 :
939 1260 975 1283 ut
987 1250 1044 1282 tria
1057 1247 1085 1282 se
1099 1247 1223 1283 habent
1231 1249 1269 1282 ad
1280 1247 1329 1282 sex
1343 1278 1352 1292 ,
1373 1251 1418 1281 ita
1429 1249 1504 1282 οὲὶο
1522 1249 1562 1282 ad
1577 1249 1746 1287 sexdecim:

369 1300 415 1333 est
434 1302 520 1335 enim
534 1297 705 1345 utrobique
722 1298 836 1332 eadem
853 1300 1041 1345 proportio,
1060 1310 1178 1345 nempe
1188 1296 1342 1345 subdupla
1362 1310 1369 1332 ε
1385 1308 1480 1344 atque
1495 1298 1527 1331 in
1538 1298 1597 1333 hac
1607 1311 1745 1348 propor-

370 1360 460 1383 tione
478 1360 614 1395 quatuor
633 1346 744 1381 saltem
769 1348 899 1381 termini
932 1346 1154 1395 intelliguntur
1170 1362 1203 1393 3,
1222 1353 1258 1389 6,
1276 1350 1311 1389 8,
1331 1352 1378 1382 16.

410 1400 445 1431 In
463 1398 676 1445 proportione
686 1396 902 1430 A'tith‘metica
911 1409 976 1430 non
990 1395 1153 1430 relationis
1168 1397 1283 1444 paritas
1298 1423 1305 1433 ,
1329 1395 1380 1429 sed
1398 1397 1486 1431 idem
1509 1393 1646 1430 excelsus
1664 1398 1749 1432 inter

370 1459 540 1489 numeros,
561 1457 617 1480 aut
631 1447 823 1492 quantitates
837 1447 1008 1492 requiritur
1025 1458 1033 1479 ε
1057 1456 1091 1478 ut
1105 1446 1188 1479 inter
1206 1458 1228 1490 4
1244 1472 1253 1487 ‚
1279 1451 1297 1479 6
1309 1473 1319 1487 ,
1333 1448 1350 1480 8
1361 1473 1371 1487 ,
1394 1461 1436 1483 ιο.
1452 1444 1576 1493 semper
1595 1444 1683 1480 idem
1698 1445 1750 1480 est.

373 1498 526 1529 terminus
538 1523 547 1537 ,
563 1493 616 1528 vel
640 1495 727 1528 idem
740 1492 885 1528 excessus
898 1522 907 1536 ,
927 1505 1048 1541 nempe
1064 1492 1216 1527 binarius.

408 1546 496 1578 Hinc
510 1546 619 1589 itaque
630 1543 695 1577 duo
709 1542 874 1589 Analogiae
894 1553 1012 1590 genera
1027 1540 1205 1584 fluxerunt,
1232 1554 1337 1576 unum*
1347 1542 1586 1587 attributionis,
1610 1554 1748 1592 propor-

369 1595 464 1628 tionis
477 1592 623 1628 alterum.
639 1591 786 1639 Analoga
799 1589 1017 1625 attributionis
1031 1590 1168 1624 eandem
1189 1590 1312 1626 habent
1331 1593 1413 1626 inter
1430 1592 1461 1627 se
1472 1595 1633 1628 rationem
1649 1604 1747 1640 penes

368 1644 552 1683 terminum,
567 1639 619 1674 secl
632 1639 790 1674 diversam
805 1639 1025 1674 habitudinem
1034 1639 1072 1673 ad
1090 1641 1273 1675 terminum.
1288 1642 1341 1673 Sic
1351 1641 1484 1675 dicimus
1497 1642 1614 1676 animal
1626 1640 1746 1684 (anum,-

369 1692 457 1737 quod
476 1692 508 1724 in
523 1689 552 1724 se
567 1688 687 1723 habeat
699 1689 864 1724 sanitatem
885 1687 1029 1736 3pulsum
1049 1687 1176 1730 sanum,
1195 1688 1281 1734 quod
1302 1700 1374 1722 eam
1393 1688 1548 1736 significet
1567 1707 1575 1732 3
1594 1689 1746 1738 pharma-

368 1752 441 1773 cum
456 1738 672 1784 sanum,quod
683 1751 755 1772 eam
774 1736 903 1774 efficiat.
924 1735 1151 1784 Qamobrem
1167 1739 1199 1771 in
1223 1736 1272 1771 his
1297 1736 1450 1783 Analogis
1468 1738 1512 1772 est
1526 1739 1639 1773 eadem
1654 1739 1747 1774 velut

369 1790 536 1835 proportio
550 1787 761 1822 Arithmetica
776 1787 889 1831 3-idem
904 1788 1079 1821 terminus:
1103 1783 1154 1819 sed
1166 1785 1286 1819 diversa
1305 1785 1351 1819 est
1363 1785 1520 1821 habitudo
1530 1815 1539 1830 ‚
1563 1799 1617 1822 aut
1631 1785 1748 1821 relatio

368 1838 408 1870 ad
425 1836 513 1870 illum
534 1838 716 1872 terminum.
731 1839 821 1873 Nam
835 1834 960 1871 diverso
972 1834 1072 1871 modo
1087 1833 1179 1869 illurn
1197 1833 1366 1881 respiciunt
1388 1848 1395 1869 :
1423 1834 1534 1870 sanitas
1548 1838 1672 1883 quippe
1689 1836 1746 1870 uni

369 1888 527 1933 praecipue
544 1886 622 1919 inest
636 1914 645 1928 ,
662 1897 781 1933 nempe
793 1883 925 1918 animali
939 1913 950 1926 ,
974 1883 1062 1930 quod
1077 1885 1268 1929 praecipuum
1289 1881 1496 1930 analogatum
1511 1883 1614 1918 solent
1632 1883 1746 1931 appel-

368 1935 446 1969 lare.
467 1938 505 1969 Et
520 1934 652 1982 quidem
666 1936 746 1967 ratio
765 1933 830 1979 ipsi
855 1933 935 1967 hanc
952 1930 1136 1977 analogiam
1158 1931 1294 1966 induxit.
1319 1932 1407 1966 Nam
1427 1932 1459 1964 id
1480 1933 1597 1966 rationi
1616 1932 1744 1967 videtur

370 1983 637 2025 consentaneum,
659 1994 694 2017 ut
705 1981 808 2016 multa
822 2009 832 2024 ,
851 1979 974 2028 quae-ad
998 1992 1097 2013 unum
1117 1978 1296 2014 referuntur
1314 2007 1322 2021 ‚
1355 1978 1397 2013 ab
1423 1991 1464 2013 eo
1481 1992 1612 2028 quoque
1626 1993 1747 2017 nomen

371 2044 566 2068 mutuentur.
587 2034 638 2066 Sic
651 2042 849 2077 quaecunque
859 2030 900 2063 ad
914 2031 1023 2064 Deum
1037 2039 1218 2075 pertinent,
1239 2029 1348 2062 divina
1363 2028 1494 2063 dicimus
1511 2045 1518 2064 ‚·
1544 2029 1747 2078 scripturam,

370 2083 476 2127 legem
489 2111 497 2122 ,
524 2082 716 2116 charitatem
730 2094 737 2115 ;
753 2092 826 2113 cum
843 2079 993 2113 divinitas
1009 2079 1063 2111 uni
1081 2080 1156 2112 Deo
1179 2078 1361 2113 conveniat.
1391 2077 1492 2112 Simili
1516 2080 1640 2113 ratione
1657 2081 1744 2126 regia

370 2122 434 2164 dici
454 2131 574 2172 solent,
594 2142 660 2175 quae
673 2130 714 2163 ad
728 2131 853 2176 Regem
866 2129 1030 2175 pertinent
1048 2139 1056 2161 ε
1082 2138 1117 2160 ut
1129 2126 1244 2160 domus
1258 2155 1266 2168 ,
1280 2124 1419 2173 supellex
1430 2156 1439 2170 ,
1452 2132 1486 2163 &
1498 2126 1557 2161 alia
1570 2130 1745 2163 innumera.

408 2179 566 2223 Analogia
579 2180 796 2227 proportionis
806 2188 873 2211 tum
884 2177 999 2209 dicitur
1014 2203 1023 2218 ‚
1043 2187 1114 2209 cum
1129 2176 1175 2210 est
1194 2177 1310 2224 paritas
1327 2174 1521 2209 relationum
1531 2204 1540 2218 ‚
1567 2175 1620 2210 sed
1634 2178 1746 2210 termi-

373 2241 485 2261 norum
500 2220 660 2262 diversitas
679 2242 686 2263 :
709 2239 813 2273 eaque
825 2255 833 2268 ‚
858 2237 895 2260 ut
908 2225 1043 2259 diximus
1059 2252 1068 2266 ,
1085 2237 1121 2259 ex
1141 2226 1350 2272 proportione
1368 2226 1573 2258 Geometrica
1588 2226 1745 2267 manavit,

371 2275 427 2308 ubi
439 2277 551 2310 eadem
561 2277 606 2311 est
620 2279 700 2311 ratio
715 2306 723 2320 ,
734 2275 788 2310 vel
803 2274 918 2309 relatio
931 2303 940 2316 ,
952 2273 1003 2307 sed
1016 2272 1128 2307 diversi
1143 2275 1272 2308 termini
1287 2286 1294 2307 ε
1314 2272 1352 2306 sic
1366 2272 1492 2307 luminis
1507 2285 1587 2308 voce
1603 2275 1723 2307 utimur
1736 2301 1747 2316 ,

374 2336 407 2357 ut
420 2324 449 2356 id
463 2338 561 2358 omne
574 2355 582 2367 ‚
599 2326 687 2372 quod
706 2337 774 2359 rem
785 2323 984 2365 manifestat,
999 2321 1061 2356 sive
1085 2324 1116 2357 id
1137 2321 1172 2357 iit
1191 2334 1380 2370 corporeum
1392 2351 1400 2364 ,
1423 2321 1484 2356 {ive
1504 2321 1641 2369 spiritale
1653 2350 1662 2365 ,
1686 2321 1746 2356 de-

372 2370 538 2419 signemus.
558 2377 636 2410 Non
650 2374 792 2411 diffimili
805 2375 930 2409 ratione
945 2373 1075 2421 Regem
1095 2371 1311 2422 appellamuS,
1333 2372 1391 2419 qui
1417 2370 1599 2410 hominibus
1620 2370 1744 2418 praeest.

1636 2421 1743 2466 Atque
