1857 2745
312 145 346 188 36
713 140 1291 179 INSTITUTIONES

310 193 382 240 quis
393 220 402 234 ‚
429 203 494 237 quo
521 190 584 223 duo
606 201 749 225 extrema
768 192 850 224 inter
865 189 896 224 se
907 191 1137 227 devinciamur
1153 198 1207 236 3&
1220 196 1263 227 ita
1273 190 1395 227 necesse
1409 192 1451 227 est
1461 202 1497 227 ut
1510 196 1601 229 unius
1614 203 1692 243 proa'

310 239 474 288 positionis
489 238 681 273 attributum
693 238 750 273 fiat
767 238 960 287 insequentis
975 239 1152 285 subjeetum
1165 270 1174 285 ‚
1188 254 1224 276 ac
1240 245 1348 290 primae
1367 242 1593 291 propositionis
1615 243 1692 280 sub-

306 293 426 337 jeetum
445 300 517 321 cum
534 287 655 322 ultimae
669 286 831 323 attributo
842 287 1055 325 consocietur.

344 341 393 372 Ex
406 349 472 383 quo
486 336 518 370 id
534 336 639 384 liquet
649 348 764 371 notatu
782 337 936 386 dignum,
956 339 1044 385 quod
1058 342 1090 375 in
1100 341 1158 375 hac
1168 344 1467 387 argumentatione,
1481 353 1517 377 ut
1539 344 1572 377 in
1596 344 1689 378 omni

309 387 371 422 alia
385 416 394 429 ,
409 398 500 420 mens
511 385 600 421 velut
615 387 756 434 quodam
775 386 925 421 circulari
937 399 1031 422 motu
1047 401 1168 438 agatur.
1190 383 1345 438 Qandiu
1357 393 1557 426 enimvarias
1569 405 1691 440 propo..

308 435 436 471 sitiones
455 434 576 470 format
592 441 626 472 &
642 437 822 478 conneetit,
837 434 923 483 quasi
934 438 1022 471 reem
1031 440 1235 487 progreditur
1246 469 1256 483 ,
1284 453 1343 476 nec
1357 443 1493 476 omnino
1519 439 1664 475 discurrit
1680 470 1693 485 ,

308 487 414 520 donec
431 484 522 518 velut
537 486 570 519 in
584 484 700 519 orbem
715 486 786 520 asta
801 488 920 533 primas
933 488 1089 521 notiones
1103 500 1176 522 curn
1189 489 1418 537 posterioribus
1432 495 1556 538 J'ungat.
1577 493 1613 524 In
1627 490 1692 524 hoc

307 538 396 570 enim
411 545 603 582 argumento
614 532 698 581 quasi
711 533 903 582 quibusdam
916 534 1068 584 gradibus
1087 537 1330 573 conscendimus
1345 555 1355 580 3
1369 551 1477 586 neque
1497 539 1584 573 aliud
1594 538 1693 585 quarn

306 581 564 633 propositionum
581 595 712 617 acervus
732 581 871 618 efficitur
882 613 891 628 ,
906 583 962 619 nisi
976 587 1078 632 prima
1091 589 1184 621 notio
1199 599 1273 622 cum
1286 587 1401 621 ultima
1410 586 1590 634 copuletur.
1604 589 1694 622 Hinc

308 633 363 668 illa
380 633 527 683 gradatio
539 631 660 668 nullam
672 631 774 667 habet
788 637 1077 681 argumentationis
1091 636 1240 679 sormam;
1257 636 1413 671 Africano
1425 638 1579 670 virtutem
1596 636 1695 670 indu-

306 684 379 718 stria
392 711 398 721 ,
417 683 518 717 virtus
536 681 685 731 gloriani,
698 682 802 731 gloria
812 682 941 717 aemulos
954 688 1176 731 comparavit5
1195 684 1252 720 nisi
1261 684 1399 734 regressu
1410 685 1552 731 quodam
1566 686 1691 719 animus

306 735 446 781 primam
463 734 633 766 notionem
645 744 717 766 cum
741 731 900 780 postrema
920 731 1101 776 consociet,
1116 739 1149 768 ὃ(
1163 735 1292 768 tandem
1307 733 1498 768 concludat:
1517 745 1595 781 ergo
1606 733 1694 768 Afri-

307 783 380 817 cani
393 781 543 816 industria
558 781 687 816 aemulos
703 783 732 814 ei
751 783 964 830 comparavit.
988 784 1103 828 ltaque
1114 794 1151 816 ut
1168 784 1200 816 in
1212 783 1375 832 disjunffis
1385 780 1573 830 syllogismis
1586 794 1693 831 pugna

307 831 452 879 quaedarn
463 830 528 869 est',
544 836 578 866 &
589 829 679 865 velut
689 833 900 865 contrarietas
915 848 923 871 3
938 830 976 864 sic
996 833 1027 865 in
1042 833 1149 869 Sorite
1171 835 1359 867 continuata
1379 831 1525 879 quaedarn
1547 831 1590 866 est
1613 844 1693 866 con-

306 883 404 916 nexio
416 909 426 923 ,
442 880 518 914 dum
528 879 591 914 alia
607 877 783 926 propositio
799 892 841 914 ex
854 879 916 913 alia
931 881 1080 914 neotitur.

345 928 515 964 Dilemma
530 926 748 976 propositione
758 928 1103 974 quadamdisjunffiva
1126 929 1290 964 innititur,
1306 929 1403 973 idque
1425 927 1629 963 Rlietoribus
1651 929 1694 962 est

307 975 552 1014 usitatissimum.
563 979 607 1011 Ex
629 988 701 1010 toto
715 976 801 1010 idem
813 975 939 1021 colligit
958 1004 961 1011 ,
977 977 1064 1022 quod
1085 975 1189 1010 fuerat
1204 988 1240 1010 ex
1256 975 1402 1023 partibus
1416 975 1550 1012 seorsum
1559 975 1695 1012 conclu-

308 1028 377 1062 sum
392 1041 399 1061 :
413 1037 447 1059 ut
463 1027 494 1059 in
511 1025 572 1058 hoc
589 1024 734 1058 adversus
755 1027 872 1071 impios
891 1024 1101 1058 Dilsmmate.
1129 1024 1190 1059 Vel
1205 1027 1238 1058 in
1256 1037 1360 1058 morte
1381 1029 1442 1059 toti
1460 1038 1597 1073 pereunt
1612 1054 1621 1068 ‚
1639 1024 1694 1060 vel

309 1077 412 1110 animi
428 1086 538 1108 eorum
550 1072 892 1107 manentimmortales
906 1087 913 1107 ε
927 1075 959 1106 Si
978 1076 1040 1106 toti
1055 1086 1190 1119 percunt
1203 1103 1212 1116 ‚
1228 1073 1318 1107 nulla
1336 1072 1402 1121 spes
1419 1076 1462 1107 eis
1478 1075 1691 1122 relinquitur:

313 1122 539 1160 siimmortales
555 1120 625 1156 sunt
643 1123 760 1165 animi,
773 1123 897 1156 internis
917 1121 968 1159 *ob
994 1124 1198 1169 impietitcm
1215 1125 1318 1170 poenis
1339 1122 1595 1170 torquebuntur:
1610 1126 1695 1171 Ergo

314 1173 401 1210 nulla
420 1173 524 1220 impiis
539 1169 603 1219 spes
618 1170 741 1217 reliqua
751 1171 802 1206 est.

349 1222 544 1256 Cavendum
560 1232 670 1254 autem
684 1220 726 1253 est
746 1233 786 1255 ite
804 1219 980 1268 propositio
992 1221 1184 1271 disjunCtiva
1195 1251 1204 1265 ‚
1224 1225 1275 1256 cui
1291 1222 1445 1257 dilemma
1467 1224 1616 1258 innititur
1627 1249 1636 1264 ‚
1648 1223 1695 1255 vi-

315 1270 395 1308 tiosa
409 1269 453 1314 sit,
469 1276 503 1307 δε
517 1269 670 1304 membris
681 1268 737 1303 suis
749 1283 814 1305 non
829 1270 1010 1318 adaequata,
1025 1284 1064 1305 ne
1075 1272 1153 1317 quid
1166 1272 1309 1305 medium
1327 1272 1498 1308 admittat:
1517 1271 1602 1307 secus
1622 1281 1696 1304 ruet

316 1323 450 1357 omnino
461 1319 536 1354 illud
554 1331 781 1367 argumentum
792 1349 801 1362 ,
820 1320 907 1366 quod
920 1332 960 1354 ex
976 1322 1067 1354 omni
1079 1332 1172 1368 parte
1187 1320 1283 1355 ferire
1298 1319 1409 1356 debet.

355 1369 564 1418 Epicherem]
581 1369 623 1402 est
635 1370 744 1402 animo
761 1367 969 1415 gratissimum
986 1375 1019 1404 ὃ(
1031 1371 1173 1404 nnxime
1192 1367 1355 1404 usitarum:
1375 1370 1405 1402 id
1424 1382 1533 1404 autem
1555 1367 1696 1402 adhibe-

316 1431 386 1457 mus
397 1448 406 1462 ,
418 1431 494 1453 cum
503 1419 631 1464 utrique
644 1416 800 1461 praemissae
811 1447 820 1460 ‚
831 1430 886 1452 aut
900 1417 1011 1452 saltem
1021 1418 1114 1452 alteri
1129 1417 1359 1466 probationem
1382 1417 1561 1466 subjicimus
1576 1445 1584 1458 ,
1596 1429 1638 1452 ne
1653 1420 1697 1452 vi-

319 1468 439 1503 delicet
456 1479 601 1502 mei-,tem
617 1466 762 1501 offendat
783 1469 910 1502 incertae
924 1466 1169 1514 propositionis,
1193 1479 1248 1501 aut
1261 1465 1402 1501 obscurae
1419 1467 1519 1501 dilata
1529 1465 1695 1515 probatio.

317 1520 380 1554 Vix
394 1519 480 1552 enim
496 1528 567 1550 mos
585 1515 638 1548 ille
648 1517 680 1548 in
694 1514 807 1549 scholis
825 1515 948 1549 utiliter
961 1515 1124 1562 usurpatus
1141 1545 1149 1558 ,
1167 1528 1233 1562 quo
1248 1514 1339 1550 series
1349 1515 1605 1564 syllogismorum
1617 1527 1698 1549 con-

318 1568 458 1608 texitur,
486 1576 541 1598 aut
555 1575 670 1612 negata
682 1562 857 1611 propositio
873 1577 930 1609 per
942 1564 1053 1611 longas
1065 1562 1218 1612 ambages
1243 1565 1494 1608 demonstratur,
1513 1567 1545 1599 in
1563 1565 1698 1611 privatis

318 1617 489 1652 hominum
507 1613 697 1660 colloquiis,
710 1624 764 1646 aut
781 1614 812 1646 in
833 1612 972 1661 publicis
994 1610 1178 1647 tustionibus
1197 1613 1274 1647 ferri
1295 1613 1399 1660 potest
1423 1628 1431 1648 :
1447 1614 1480 1646 id
1494 1617 1582 1647 enim
1597 1611 1699 1659 pluri-

319 1677 407 1700 mum
440 1661 579 1696 delectu
601 1663 745 1695 animum
762 1691 772 1704 ‚
803 1674 838 1696 ut
852 1675 921 1708 quae
938 1662 979 1695 ad
998 1664 1045 1695 rei
1061 1663 1284 1707 cognitionem
1308 1663 1491 1706 pertinent,
1508 1661 1613 1693 statim
1633 1662 1698 1693 cir-

320 1711 514 1753 cumspiciat,
526 1723 623 1758 atque
634 1722 671 1744 ex
683 1712 719 1743 iis
733 1724 800 1757 quae
812 1710 908 1745 dubia
918 1709 987 1745 sunt
1001 1740 1008 1752 ,
1017 1721 1071 1744 aut
1088 1709 1219 1744 obscura
1229 1738 1237 1752 ‚
1247 1706 1398 1743 citiffime
1411 1720 1567 1757 emergat.
1581 1711 1698 1742 Exem-

317 1762 374 1811 plo
394 1755 454 1796 ell‘e
478 1757 600 1807 possunt
621 1761 730 1794 omnia
751 1771 940 1810 argumenta
957 1771 1097 1809 quorum
1119 1756 1386 1809 propositionibus
1407 1758 1512 1793 statim
1528 1756 1696 1805 subjicitur

317 1810 480 1859 probatiO.

350 1860 421 1896 Ubi
435 1859 603 1908 complexa
621 1861 664 1894 est
678 1860 835 1896 conclusio
848 1890 857 1903 ,
881 1866 916 1897 &
936 1859 1100 1900 involuta,
1116 1870 1152 1891 ea
1167 1858 1210 1891 est
1234 1859 1268 1891 in
1285 1856 1441 1905 simplices
1461 1856 1695 1906 propositiones

318 1909 507 1944 resolvenda
520 1938 530 1952 ,
549 1914 582 1945 &
595 1907 761 1956 'sigillatim
776 1909 949 1950 probandae
961 1905 1193 1955 propositiones
1206 1918 1243 1939 ex
1254 1906 1369 1952 quibus
1381 1908 1509 1942 constat.
1527 1906 1633 1941 Simili
1644 1918 1696 1940 ra-

321 1962 409 1993 tione
422 1971 493 1993 cum
505 1959 624 1992 veritas
636 1956 809 2005 syllogifini
819 1955 993 2005 *complexi
1004 1956 1046 1991 est
1055 1955 1259 2005 exploranda,
1271 1957 1296 1990 is
1307 1958 1419 2004 utique
1430 1958 1462 1990 in
1477 1954 1696 2005 syllogismum

322 2007 497 2056 simplicem
505 2008 549 2041 est
562 2005 783 2042 resolvendus.

353 2057 502 2091 Iiidudtio
518 2056 560 2090 est
578 2054 713 2090 scientia:
732 2054 869 2090 naturali
888 2057 1027 2089 maxime
1039 2058 1167 2103 propria
1183 2059 1215 2091 δε
1237 2052 1407 2090 necessaria
1420 2083 1429 2096 ‚
1447 2066 1518 2088 cum
1537 2066 1585 2087 res
1602 2053 1696 2088 sensi-

321 2106 404 2141 biles
418 2117 475 2154 per
487 2106 707 2152 experimenta
719 2117 757 2139 ex
774 2105 962 2139 inductione
972 2104 1066 2139 nobis
1084 2106 1223 2138 maxima
1237 2116 1276 2137 ex
1286 2115 1375 2151 psrte
1386 2105 1587 2137 innotuerint
1603 2118 1610 2138 :
1628 2115 1695 2147 non

323 2158 410 2189 enim
423 2154 483 2188 alia
498 2156 624 2188 ratione
633 2154 810 2201 judicamus
824 2166 936 2188 aurum
949 2168 978 2186 v.
993 2167 1022 2191 cg.
1041 2158 1187 2188 omnium
1206 2165 1376 2200 corporum
1393 2152 1488 2199 longe
1508 2152 1568 2185 csse
1577 2150 1696 2199 gravis-

325 2202 435 2237 simum
446 2232 455 2245 ,
465 2201 522 2237 nisi
533 2203 620 2249 quod
633 2204 822 2238 inductione
832 2204 916 2237 fac'h
932 2203 1055 2237 nullum
1070 2204 1171 2237 adbuc
1184 2202 1455 2247 occui‘rerir,quod
1469 2212 1579 2234 aurum
1591 2212 1697 2247 aequet

324 2252 597 2298 pondere.Eadeiii
609 2265 692 2299 pene
702 2253 744 2287 est
757 2255 838 2286 ratio
849 2264 958 2286 eorum
971 2255 1117 2286 omnium
1128 2265 1198 2298 qua:
1210 2248 1292 2285 sensu
1306 2255 1337 2285 ἃ
1349 2251 1545 2297 experientia
1562 2248 1696 2297 cogitos-

327 2304 424 2334 cimus
442 2317 450 2341 ·‚
471 2312 604 2347 tumque
615 2302 803 2337 induitione
817 2303 905 2335 reete
924 2303 1044 2335 utimur
1060 2330 1065 2336 ,
1084 2315 1155 2335 cum
1174 2314 1212 2335 ex
1231 2302 1355 2345 integra
1372 2301 1511 2346 partium
1530 2310 1698 2333 enumera-

329 2352 417 2383 tione
429 2348 517 2382 velut
532 2348 683 2384 summam
697 2381 705 2393 ,
715 2362 750 2385 ut
764 2353 796 2385 iii
815 2350 980 2386 additione
994 2351 1198 2387 arithmetica
1211 2349 1344 2384 sicin-,iis
1358 2377 1367 2391 ‚
1384 2354 1416 2385 ὃς
1434 2360 1539 2383 totum
1565 2360 1602 2383 cx
1629 2360 1699 2387 orn-

321 2397 423 2435 nibus
442 2396 585 2446 partibus
604 2398 793 2450 colligimus.
