1857 2745
344 136 414 208 {ign
428 170 548 204 idcirco
564 168 702 203 aliorum
719 167 1005 215 quantulacunque
1021 164 1245 215 perspicacitas
1259 169 1440 203 minuetur.
1455 167 1507 202 Sic
1517 167 1595 202 licet
1605 170 1696 204 Deus
1717 169 1759 204 fit

347 220 494 257 infinitus
507 246 516 258 ‚
537 231 604 252 non
627 217 701 251 ideo
712 228 824 251 caetera
841 215 984 251 excludit
1000 233 1008 259 3
1030 215 1118 251 secus
1132 215 1222 251 nulla
1239 214 1316 251 effet
1329 215 1412 251 illius
1436 217 1582 264 potentia
1597 245 1606 259 ,
1627 215 1648 251 s1
1673 217 1758 253 nihil

347 268 451 318 poffet
463 264 594 300 afficere
611 280 618 302 :
637 268 704 301 imo
715 279 755 300 ex
771 264 1029 315 perfeffionibus
1044 278 1116 314 quae
1130 267 1161 300 in
1180 267 1330 300 creaturis
1349 264 1421 302 sunt
1436 264 1544 314 sparsae
1563 294 1572 308 ,
1585 266 1673 300 recte
1687 267 1756 302 col-

348 319 480 366 ligimus
496 319 606 351 Deum
627 316 768 350 existere.
791 318 881 352 Nam
899 313 921 350 fi
941 327 1041 351 unum
1059 315 1110 353 est
1130 314 1236 349 altero
1250 314 1367 350 melius
1396 327 1453 351 aut
1473 314 1649 364 perfectius
1664 345 1674 359 ,
1695 315 1758 351 hoc

350 368 464 413 utique
483 378 550 400 non
566 365 610 399 est
622 363 677 401 nifi
689 377 745 413 per
754 363 911 400 accessum
923 365 964 399 ad
974 378 1074 400 unum
1087 364 1250 412 quoddam
1265 367 1427 412 optimum
1443 377 1480 399 ac
1493 363 1764 413 pulcherrimum.

351 418 472 462 Neque
485 417 569 449 en²m
586 443 591 447 .
613 427 647 450 ur
662 414 737 450 scite
751 417 802 451 M.
812 414 938 449 Tullius
951 444 960 457 ‚
981 415 1046 449 dici
1061 413 1161 463 potest
1176 417 1209 448 in
1233 414 1304 448 ulla
1325 427 1432 450 rerum
1456 413 1673 460 constitutione
1696 429 1759 449 non

353 466 409 514 effe
429 463 563 510 aliquid
573 476 750 499 extremum
761 476 860 511 arque
869 463 1052 508 perfifium,

393 514 477 562 Opp.
496 528 523 549 2.
537 511 686 549 adversus
712 516 780 549 Dei
797 513 1003 548 existentiam
1015 542 1025 557 ,
1057 518 1090 550 ὃ(
1117 513 1362 561 providentiam
1391 512 1455 547 hoc
1471 523 1699 561 argumentum
1717 511 1760 547 ab

352 564 518 612 Epicureis
539 562 728 612 usurpatum.
752 566 841 598 Deus
851 593 860 607 ,
879 565 1040 610 inquiunt,
1055 575 1109 597 aur
1122 561 1194 597 vult
1211 562 1325 598 tollere
1337 561 1422 597 mala
1432 589 1442 604 ,
1461 566 1494 598 &
1504 574 1572 596 non
1586 560 1769 609 potest3aut·

355 611 466 663 potest
479 641 488 655 ‚
511 616 545 649 ὅ(
557 626 626 648 non
637 612 720 650 vult.
732 615 765 648 Si
778 611 848 647 vult
867 641 876 656 ‚
896 617 1004 650 &non
1022 612 1127 661 potest
1142 611 1335 656 ‚imbecillis
1348 612 1410 654 est-,
1426 610 1515 659 quod
1527 612 1561 645 in
1575 613 1685 645 Deum
1696 624 1766 645 non·

355 662 465 698 cadit:
487 660 509 696 fi
540 661 647 710 potest
668 667 703 700 &
728 675 797 700 non
815 661 913 708 vult,
934 663 1062 699 invidus
1077 679 1089 707 3
1106 661 1196 710 quod
1225 675 1315 710 aeque
1340 661 1483 697 alienum
1505 659 1526 696 ii
1548 662 1636 695 Deo.
1663 659 1764 696 Unde

356 723 436 760 ergo
451 709 523 746 sunt
541 711 650 747 mala?

401 759 586 808 Resp.nihil
597 758 724 796 absurdi
738 758 800 796 esse
814 759 836 796 fi
848 764 934 797 Deus
948 772 997 795 res
1014 758 1121 795 finitas
1140 788 1150 804 ‚
1169 771 1307 808 quaeque
1323 759 1443 808 poffint
1463 757 1623 802 deficere,
1651 759 1767 793 condi-

358 810 447 845 derit
461 838 471 852 ‚
485 821 522 843 ac
535 808 640 845 multa
658 812 692 846 in
710 809 851 845 hominis
865 809 920 845 vel
930 809 1133 858 Angelorum
1148 809 1284 844 arbitrio
1296 809 1477 857 reliquerit.
1487 809 1579 853 Quid
1590 810 1675 843 enim
1692 820 1769 843 cum

358 862 439 896 Deo
452 856 613 907 possumus
628 858 828 908 expostulare
843 889 853 904 ‚
868 858 889 894 si
904 872 963 894 nos
975 862 1020 894 ita
1034 861 1179 902 creavit,
1192 871 1229 894 ur
1247 870 1351 893 errare
1370 856 1466 893 nobis
1478 856 1614 892 liceret?
1630 859 1681 892 An
1698 870 1769 892 non

359 909 471 957 potius
486 910 569 957 grati
583 907 645 944 effe
660 908 818 944 debemus
831 938 841 952 ,
862 908 953 956 quod
967 920 1056 943 tanta
1069 919 1203 943 munera
1217 910 1433 956 acceperimus
1448 934 1458 949 ,
1486 919 1552 941 non
1571 908 1664 953 queri
1679 905 1769 953 quod

360 957 453 1006 plura
463 970 530 992 non
546 958 673 993 dederit
685 974 695 992 .·
706 970 767 994 nec
781 957 899 993 debuit
910 960 1002 993 Deus
1021 956 1184 992 abstinere
1197 956 1218 992 ὲ
1229 956 1400 992 condenda
1417 966 1562 990 creatura
1580 966 1679 1002 quarn
1691 968 1769 1003 pro-

363 1008 437 1055 prio
448 1008 545 1049 vitio,
556 1020 622 1043 non
635 1009 804 1053 ,Creatoris
815 1037 825 1051 ‚
847 1006 1038 1043 deformem
1054 1005 1199 1041 futuram
1215 1004 1408 1055 praesciebat.
1431 1007 1522 1041 Nam
1537 1033 1547 1048 ,
1573 1015 1608 1039 ut
1625 1006 1672 1039 ait
1685 1007 1774 1054 Aug.

363 1056 387 1091 l.
409 1070 437 1091 2.
451 1055 492 1090 de
505 1055 641 1092 lib.arb.
655 1059 749 1092 Sicut
760 1058 869 1091 melior
886 1055 927 1102 est
938 1056 994 1090 vel
1007 1054 1155 1090 oberrans
1171 1069 1268 1103 equus
1284 1085 1295 1100 ‚
1309 1067 1406 1103 quam
1429 1055 1513 1102 lapis
1526 1063 1696 1102 propterea
1710 1067 1775 1089 non

365 1103 516 1139 oberrans
535 1133 542 1143 ,
571 1108 649 1152 quia
663 1108 792 1155 proprio
804 1116 891 1140 motu
917 1104 957 1140 ὦ*
965 1105 1059 1151 fi’nfh
1070 1115 1159 1140 caret
1173 1119 1185 1138 :
1196 1106 1244 1139 ita
1264 1102 1521 1148 excellentiores}
1536 1114 1694 1142 creatura,
1707 1115 1773 1150 qua

370 1151 409 1187 Θ
430 1152 600 1188 voluntate
621 1165 732 1203 peccat
746 1182 754 1192 ,
777 1168 875 1201 quam
887 1166 951 1201 quae
959 1163 1128 1203 propterea
1147 1165 1209 1187 non
1215 1164 1346 1203 peccat,
1373 1155 1520 1200 quianon
1532 1149 1628 1186 habet
1637 1150 1774 1187 liberam

370 1202 587 1238 voluntatem,
598 1205 637 1238 Et
655 1202 727 1237 saue
743 1202 762 1236 fi
774 1203 925 1238 voluntas
944 1203 988 1236 est
1000 1203 1170 1237 actionum
1187 1202 1311 1238 suarum
1325 1203 1460 1237 domina
1471 1229 1481 1245 ‚
1505 1213 1561 1236 cur
1588 1213 1626 1235 ea
1641 1213 1677 1236 ut
1695 1213 1774 1250 pro-

371 1249 483 1292 ficere,
498 1248 537 1284 fic
556 1250 695 1287 deficere
714 1264 781 1286 non
793 1253 918 1299 poterit
936 1259 947 1285 ἓ
964 1252 1021 1285 Sin
1042 1262 1153 1285 autem
1171 1263 1239 1285 non
1263 1252 1309 1285 est
1326 1251 1368 1285 sui
1385 1253 1478 1300 juris,
1502 1264 1570 1285 non
1586 1253 1686 1299 magis
1707 1251 1774 1286 latt-

372 1301 449 1334 dem
463 1311 606 1334 meretur
622 1330 631 1344 ‚
657 1300 757 1348 quiim
774 1300 982 1349 horologium
997 1297 1054 1334 suis
1066 1302 1144 1334 rotis
1164 1300 1458 1336 i1istru6l:um.Hinc
1470 1298 1601 1346 pulchre
1611 1301 1697 1348 Aug.
1713 1313 1774 1334 eo-

371 1350 447 1382 dem
465 1350 497 1381 in
511 1362 612 1396 opere
623 1349 789 1384 concludit
805 1378 814 1392 ‚
834 1352 941 1382 Deum
955 1362 1014 1382 non
1025 1349 1077 1394 effi²
1099 1349 1179 1381 mali
1196 1349 1362 1382 authorem
1373 1376 1383 1390 ,
1401 1361 1469 1382 cum
1482 1357 1601 1381 nature
1612 1360 1693 1394 quas
1704 1362 1776 1384 cone

376 1395 549 1442 didit,fim
563 1397 642 1432 home
660 1427 668 1437 ,
691 1397 912 1432 &intantum
927 1395 1015 1442 fiant
1035 1396 1173 1441 vitiaſse,
1196 1398 1230 1429 in
1251 1407 1406 1442 quantum
1425 1394 1464 1430 ab
1483 1399 1551 1440 ejus
1573 1393 1593 1428 ὰ
1613 1409 1674 1441 quo
1684 1397 1774 1442 μἢιὲἶω

364 1447 458 1491 sitm,
473 1457 542 1478 arte
552 1446 713 1492 discedunt
734 1462 742 1481 ς
764 1444 803 1480 &⁶
816 1449 850 1480 in
867 1456 995 1480 tantum
1007 1444 1086 1478 refle
1095 1446 1347 1492 vituperantur,
1368 1448 1400 1479 in
1414 1455 1571 1493 quantum
1589 1457 1697 1480 earnm
1717 1449 1774 1480 vi-

376 1504 540 1542 :nperator
550 1507 652 1530 artem
669 1494 908 1543 qnafhflaefimt
921 1493 1026 1533 videt,
1040 1492 1078 1528 &⁴
1092 1493 1148 1528 hoc
1163 1496 1197 1528 in
1211 1496 1254 1528 eis
1266 1492 1539 1544 vituperat,quod
1547 1490 1592 1528 ibi
1602 1506 1660 1529 non
1670 1495 1780 1530 videt.

830 1593 1189 1640 QUAESTIO
1243 1592 1318 1628 111.

750 1693 806 1724 De
822 1689 990 1727 attributis
1003 1690 1129 1728 divinis
1146 1693 1180 1725 in
1194 1691 1389 1737 univershm.

378 1789 561 1874 Dlvina
577 1787 733 1824 attributa
744 1800 782 1822 ex
800 1792 867 1825 Dei
878 1787 1007 1825 effentia
1018 1788 1178 1839 profluere
1189 1790 1416 1838 concipiuntur
1428 1818 1438 1833 ,
1449 1801 1521 1838 quae
1535 1791 1570 1824 in
1588 1789 1652 1824 hoc
1677 1788 1780 1836 posita

472 1839 514 1873 est
532 1841 670 1873 maxime
683 1867 692 1880 ‚
705 1835 796 1884 quod
817 1837 852 1873 fit
873 1841 964 1874 omni
978 1851 1018 1874 ex
1028 1850 1121 1888 parte
1130 1838 1275 1887 perfe&a
1291 1853 1299 1876 z
1318 1839 1351 1873 id
1370 1841 1459 1875 enim
1473 1841 1538 1875 Dei
1555 1840 1689 1874 nomine
1702 1852 1777 1873 om-

381 1901 438 1925 nes
460 1888 662 1937 intelligunt.
678 1889 792 1934 Qare
805 1893 837 1925 &
849 1891 958 1924 Deum
974 1902 1076 1924 unum
1088 1918 1097 1932 ,
1116 1894 1149 1926 δε
1160 1888 1319 1925 summum
1331 1886 1456 1924 bonum
1472 1918 1481 1932 ‚
1496 1894 1528 1926 &
1540 1889 1713 1923 veritatem
1728 1888 1778 1934 ip-

381 1937 446 1973 sam
459 1967 467 1980 ‚
479 1939 616 1984 primam
632 1949 765 1986 quoque
778 1950 884 1973 rerum
895 1937 1019 1974 causam
1039 1939 1171 1974 existere
1185 1969 1195 1982 ,
1216 1938 1339 1973 cunetis
1355 1937 1484 1986 praeesse
1503 1967 1512 1980 ‚
1527 1935 1706 1979 infinitum,
1716 1937 1779 1970 im..

382 1987 544 2030 mensum,
568 1999 725 2022 :eternum
740 1987 883 2034 denique
909 2001 984 2023 eum
1003 1986 1063 2023 est}
1083 1987 1207 2023 necesse
1225 1989 1284 2024 est.
1308 1990 1381 2024 Nec
1396 1988 1436 2022 de
1450 1990 1486 2021 iis
1503 1985 1662 2035 figillatim
1682 1997 1780 2033 agere

383 2037 535 2072 hocloco
547 2035 719 2084 postumus,
732 2049 804 2072 cum
827 2037 892 2072 hoc
913 2049 1142 2087 argumentum
1164 2039 1203 2071 ad
1219 2038 1409 2085 Theologos
1432 2039 1591 2084 pertinere
1610 2035 1782 2078 videatur,

385 2084 509 2121 tametfi
528 2098 600 2132 quae
619 2088 744 2120 ratione
759 2099 801 2120 na
817 2086 896 2120 urali
909 2087 950 2121 de
961 2090 1036 2122 Deo
1054 2086 1280 2135 intelliguntur
1293 2115 1303 2129 ‚
1317 2086 1358 2120 ab
1379 2084 1443 2134 ipsa
1459 2083 1664 2132 Philosophia
1681 2085 1779 2118 mini-

385 2148 437 2170 me
451 2134 555 2170 aliena
564 2135 777 2179 crediderim,
796 2133 871 2170 cum
888 2148 926 2170 ea
944 2134 1143 2184 potiffimilm
1158 2139 1268 2173 Dei&
1282 2136 1383 2170 nostri
1404 2136 1591 2184 cognitione
1609 2134 1779 2168 continea-

389 2196 447 2220 tur.

425 2236 474 2270 Ac
485 2233 627 2283 primum
640 2234 771 2282 quidem
785 2246 858 2269 cum
873 2238 936 2271 Dei
951 2238 1041 2270 notio
1051 2248 1109 2272 ens
1126 2233 1330 2271 necessarium
1347 2238 1381 2270 &
1400 2235 1491 2268 omni
1509 2246 1548 2268 ex
1567 2242 1657 2280 parte
1670 2229 1780 2279 perfe-

388 2282 477 2318 &um
497 2284 757 2332 cornplecffatur,
784 2297 882 2320 unum
902 2299 968 2321 non
991 2285 1093 2333 plures
1114 2288 1203 2320 Deos
1223 2284 1353 2320 existere
1378 2282 1548 2318 fxtendum
1568 2282 1615 2316 est
1642 2295 1650 2317 :
1669 2293 1744 2315 nam
1758 2278 1780 2314 fi

389 2331 495 2376 plures
508 2333 578 2375 suit,
594 2339 628 2371 ὃ(
643 2335 847 2381 aliquointer
859 2334 888 2370 se
903 2334 1085 2370 discrimine
1106 2333 1255 2369 differant
1267 2363 1277 2376 ,
1293 2333 1439 2380 quaedam
1464 2335 1494 2367 in
1516 2345 1579 2367 uno
1594 2342 1686 2366 erunt
1705 2341 1780 2377 pro-

388 2382 555 2427 prietates,
569 2395 624 2419 aut
643 2384 877 2432 perfestioneS,
891 2397 961 2434 qux
975 2384 1067 2420 alteri
1077 2386 1214 2421 omnino
1227 2383 1360 2419 deerunt
1376 2396 1384 2418 :
1398 2381 1504 2431 sicque
1523 2385 1612 2422 Deus
1628 2392 1696 2416 non
1705 2380 1780 2423 etit,
