<?xml version="1.0" encoding="UTF-8"?>
<!DOCTYPE html PUBLIC "-//W3C//DTD XHTML 1.0 Transitional//EN"
    "http://www.w3.org/TR/xhtml1/DTD/xhtml1-transitional.dtd">
<html xmlns="http://www.w3.org/1999/xhtml" xml:lang="en" lang="en">
 <head>
  <title>
</title>
<meta http-equiv="Content-Type" content="text/html;charset=utf-8" />
  <meta name='ocr-system' content='tesseract 3.04.00' />
  <meta name='ocr-capabilities' content='ocr_page ocr_carea ocr_par ocr_line ocrx_word'/>
</head>
<body>
  <div class='ocr_page' id='page_1' title='image "./philosophiavetus01duhauoft_0509.png"; bbox 0 0 1857 2745; ppageno 0'>
   <div class='ocr_carea' id='block_1_1' title="bbox 63 166 1462 597">
    <p class='ocr_par' dir='ltr' id='par_1_1' title="bbox 63 166 1462 299">
     <span class='ocr_line' id='line_1_1' title="bbox 63 166 1462 254; baseline -0.001 -14"><span class='ocrx_word' id='word_1_1' title='bbox 63 206 114 240; x_wconf 80' lang='lat' dir='ltr'>rei</span> <span class='ocrx_word' id='word_1_2' title='bbox 126 196 352 254; x_wconf 84' lang='lat' dir='ltr'>permanentis</span> <span class='ocrx_word' id='word_1_3' title='bbox 362 230 372 245; x_wconf 94' lang='lat'>‚</span> <span class='ocrx_word' id='word_1_4' title='bbox 385 202 436 240; x_wconf 92' lang='lat' dir='ltr'>N.</span> <span class='ocrx_word' id='word_1_5' title='bbox 449 202 518 237; x_wconf 81' lang='lat' dir='ltr'>haee</span> <span class='ocrx_word' id='word_1_6' title='bbox 531 203 619 237; x_wconf 87' lang='lat' dir='ltr'>enim</span> <span class='ocrx_word' id='word_1_7' title='bbox 631 202 676 237; x_wconf 88' lang='lat' dir='ltr'>est</span> <span class='ocrx_word' id='word_1_8' title='bbox 689 198 888 239; x_wconf 76' lang='lat' dir='ltr'>indivisibilis</span> <span class='ocrx_word' id='word_1_9' title='bbox 904 214 962 253; x_wconf 86' lang='lat' dir='ltr'>per</span> <span class='ocrx_word' id='word_1_10' title='bbox 976 200 1008 237; x_wconf 88' lang='lat' dir='ltr'>se</span> <span class='ocrx_word' id='word_1_11' title='bbox 1016 229 1027 247; x_wconf 85' lang='lat'><em>‚</em></span> <span class='ocrx_word' id='word_1_12' title='bbox 1040 207 1076 240; x_wconf 72' lang='grc' dir='ltr'>δε</span> <span class='ocrx_word' id='word_1_13' title='bbox 1092 211 1163 237; x_wconf 74' lang='lat' dir='ltr'>tota</span> <span class='ocrx_word' id='word_1_14' title='bbox 1177 198 1266 237; x_wconf 79' lang='lat' dir='ltr'>sunul</span> <span class='ocrx_word' id='word_1_15' title='bbox 1281 229 1294 246; x_wconf 86' lang='lat'>,</span> <span class='ocrx_word' id='word_1_16' title='bbox 1308 198 1384 237; x_wconf 76' lang='lat' dir='ltr'>licet</span> <span class='ocrx_word' id='word_1_17' title='bbox 1400 166 1462 252; x_wconf 55' lang='grc' dir='ltr'>ἔει-</span> 
     </span>
     <span class='ocr_line' id='line_1_2' title="bbox 66 250 865 299; baseline -0.005 -9"><span class='ocrx_word' id='word_1_18' title='bbox 66 254 216 290; x_wconf 85' lang='lat' dir='ltr'>accidens</span> <span class='ocrx_word' id='word_1_19' title='bbox 229 250 265 288; x_wconf 83' lang='lat' dir='ltr'>sit</span> <span class='ocrx_word' id='word_1_20' title='bbox 280 250 466 295; x_wconf 77' lang='lat' dir='ltr'>divisibilis,</span> <span class='ocrx_word' id='word_1_21' title='bbox 483 257 517 289; x_wconf 76' lang='grc' dir='ltr'>δε</span> <span class='ocrx_word' id='word_1_22' title='bbox 527 253 668 299; x_wconf 85' lang='lat' dir='ltr'>tempori</span> <span class='ocrx_word' id='word_1_23' title='bbox 676 251 865 289; x_wconf 81' lang='lat' dir='ltr'>coextensa.</span> 
     </span>
    </p>

    <p class='ocr_par' dir='ltr' id='par_1_2' title="bbox 66 297 1457 500">
     <span class='ocr_line' id='line_1_3' title="bbox 101 297 1456 349; baseline -0.003 -12"><span class='ocrx_word' id='word_1_24' title='bbox 101 302 225 349; x_wconf 83' lang='lat' dir='ltr'>Instant</span> <span class='ocrx_word' id='word_1_25' title='bbox 239 315 248 339; x_wconf 74' lang='lat' dir='ltr'><em>z</em></span> <span class='ocrx_word' id='word_1_26' title='bbox 266 303 364 337; x_wconf 86' lang='lat' dir='ltr'>etiam</span> <span class='ocrx_word' id='word_1_27' title='bbox 376 299 397 336; x_wconf 82' lang='lat' dir='ltr'>fi</span> <span class='ocrx_word' id='word_1_28' title='bbox 411 300 514 336; x_wconf 89' lang='lat' dir='ltr'>nullus</span> <span class='ocrx_word' id='word_1_29' title='bbox 528 299 607 335; x_wconf 79' lang='lat' dir='ltr'>elset</span> <span class='ocrx_word' id='word_1_30' title='bbox 618 312 725 337; x_wconf 89' lang='lat' dir='ltr'>motus</span> <span class='ocrx_word' id='word_1_31' title='bbox 738 331 748 345; x_wconf 91' lang='lat'>‚</span> <span class='ocrx_word' id='word_1_32' title='bbox 759 314 872 338; x_wconf 84' lang='lat' dir='ltr'>tamen</span> <span class='ocrx_word' id='word_1_33' title='bbox 889 304 936 337; x_wconf 88' lang='lat' dir='ltr'>rei</span> <span class='ocrx_word' id='word_1_34' title='bbox 950 311 1067 337; x_wconf 83' lang='lat' dir='ltr'>creatae</span> <span class='ocrx_word' id='word_1_35' title='bbox 1082 300 1212 336; x_wconf 89' lang='lat' dir='ltr'>duratio</span> <span class='ocrx_word' id='word_1_36' title='bbox 1222 297 1299 335; x_wconf 79' lang='lat' dir='ltr'>effer</span> <span class='ocrx_word' id='word_1_37' title='bbox 1313 297 1439 335; x_wconf 81' lang='lat' dir='ltr'>success</span> <span class='ocrx_word' id='word_1_38' title='bbox 1441 323 1456 332; x_wconf 83' lang='lat'><em>-</em></span> 
     </span>
     <span class='ocr_line' id='line_1_4' title="bbox 66 346 1457 398; baseline -0.003 -10"><span class='ocrx_word' id='word_1_39' title='bbox 66 364 128 388; x_wconf 67' lang='grc' dir='ltr'>ναι</span> <span class='ocrx_word' id='word_1_40' title='bbox 143 354 211 387; x_wconf 89' lang='lat' dir='ltr'>imo</span> <span class='ocrx_word' id='word_1_41' title='bbox 226 356 261 388; x_wconf 84' lang='lat'>&amp;</span> <span class='ocrx_word' id='word_1_42' title='bbox 280 362 407 398; x_wconf 74' lang='lat' dir='ltr'>tempus</span> <span class='ocrx_word' id='word_1_43' title='bbox 415 347 518 398; x_wconf 75' lang='lat' dir='ltr'>ipsum</span> <span class='ocrx_word' id='word_1_44' title='bbox 527 349 735 386; x_wconf 83' lang='lat' dir='ltr'>durationem</span> <span class='ocrx_word' id='word_1_45' title='bbox 751 354 890 388; x_wconf 83' lang='lat' dir='ltr'>metitur.</span> <span class='ocrx_word' id='word_1_46' title='bbox 907 352 954 387; x_wconf 82' lang='lat' dir='ltr'>Ac</span> <span class='ocrx_word' id='word_1_47' title='bbox 966 352 1046 386; x_wconf 88' lang='lat' dir='ltr'>licet</span> <span class='ocrx_word' id='word_1_48' title='bbox 1057 360 1164 384; x_wconf 88' lang='lat' dir='ltr'>motus</span> <span class='ocrx_word' id='word_1_49' title='bbox 1177 349 1248 384; x_wconf 77' lang='lat' dir='ltr'>solis</span> <span class='ocrx_word' id='word_1_50' title='bbox 1263 346 1340 384; x_wconf 77' lang='lat' dir='ltr'>elset</span> <span class='ocrx_word' id='word_1_51' title='bbox 1349 348 1457 384; x_wconf 87' lang='lat' dir='ltr'>multo</span> 
     </span>
     <span class='ocr_line' id='line_1_5' title="bbox 66 398 1456 449; baseline -0.003 -13"><span class='ocrx_word' id='word_1_52' title='bbox 66 400 212 436; x_wconf 76' lang='lat' dir='ltr'>velocior</span> <span class='ocrx_word' id='word_1_53' title='bbox 219 410 276 435; x_wconf 90' lang='lat' dir='ltr'>aut</span> <span class='ocrx_word' id='word_1_54' title='bbox 288 401 408 435; x_wconf 77' lang='lat' dir='ltr'>tardior</span> <span class='ocrx_word' id='word_1_55' title='bbox 421 428 431 444; x_wconf 89' lang='lat'>,</span> <span class='ocrx_word' id='word_1_56' title='bbox 446 410 556 434; x_wconf 86' lang='lat' dir='ltr'>tamen</span> <span class='ocrx_word' id='word_1_57' title='bbox 571 399 688 434; x_wconf 74' lang='lat' dir='ltr'>eadem</span> <span class='ocrx_word' id='word_1_58' title='bbox 707 411 812 437; x_wconf 86' lang='lat' dir='ltr'>terum</span> <span class='ocrx_word' id='word_1_59' title='bbox 829 402 957 436; x_wconf 79' lang='lat' dir='ltr'>duratio</span> <span class='ocrx_word' id='word_1_60' title='bbox 977 409 1207 449; x_wconf 80' lang='lat' dir='ltr'>permaneret:</span> <span class='ocrx_word' id='word_1_61' title='bbox 1224 409 1303 447; x_wconf 86' lang='lat' dir='ltr'>ergo</span> <span class='ocrx_word' id='word_1_62' title='bbox 1327 398 1456 434; x_wconf 88' lang='lat' dir='ltr'>duratio</span> 
     </span>
     <span class='ocr_line' id='line_1_6' title="bbox 66 448 723 500; baseline 0.003 -16"><span class='ocrx_word' id='word_1_63' title='bbox 66 448 218 500; x_wconf 85' lang='lat' dir='ltr'>cujusque</span> <span class='ocrx_word' id='word_1_64' title='bbox 242 450 287 483; x_wconf 90' lang='lat' dir='ltr'>rei</span> <span class='ocrx_word' id='word_1_65' title='bbox 304 449 325 484; x_wconf 75' lang='lat' dir='ltr'>a</span> <span class='ocrx_word' id='word_1_66' title='bbox 341 459 491 497; x_wconf 88' lang='lat' dir='ltr'>tempore</span> <span class='ocrx_word' id='word_1_67' title='bbox 505 448 653 484; x_wconf 70' lang='lat' dir='ltr'>distincta</span> <span class='ocrx_word' id='word_1_68' title='bbox 666 449 723 486; x_wconf 89' lang='lat' dir='ltr'>est.</span> 
     </span>
    </p>

    <p class='ocr_par' dir='ltr' id='par_1_3' title="bbox 63 494 1456 597">
     <span class='ocr_line' id='line_1_7' title="bbox 106 494 1456 546; baseline -0.001 -14"><span class='ocrx_word' id='word_1_69' title='bbox 106 501 199 546; x_wconf 86' lang='lat' dir='ltr'>Resp.</span> <span class='ocrx_word' id='word_1_70' title='bbox 220 498 323 545; x_wconf 76' lang='lat' dir='ltr'>Quod</span> <span class='ocrx_word' id='word_1_71' title='bbox 338 496 360 533; x_wconf 81' lang='lat' dir='ltr'>fi</span> <span class='ocrx_word' id='word_1_72' title='bbox 374 497 478 533; x_wconf 86' lang='lat' dir='ltr'>nullus</span> <span class='ocrx_word' id='word_1_73' title='bbox 494 494 574 533; x_wconf 74' lang='lat' dir='ltr'>effer</span> <span class='ocrx_word' id='word_1_74' title='bbox 590 509 700 534; x_wconf 87' lang='lat' dir='ltr'>motus</span> <span class='ocrx_word' id='word_1_75' title='bbox 721 525 731 542; x_wconf 89' lang='lat'>‚</span> <span class='ocrx_word' id='word_1_76' title='bbox 752 510 813 535; x_wconf 90' lang='lat' dir='ltr'>nec</span> <span class='ocrx_word' id='word_1_77' title='bbox 831 496 1012 536; x_wconf 85' lang='lat' dir='ltr'>viciffitudo</span> <span class='ocrx_word' id='word_1_78' title='bbox 1028 497 1094 533; x_wconf 87' lang='lat' dir='ltr'>ulla</span> <span class='ocrx_word' id='word_1_79' title='bbox 1118 497 1337 532; x_wconf 81' lang='lat' dir='ltr'>mutationum</span> <span class='ocrx_word' id='word_1_80' title='bbox 1348 525 1357 539; x_wconf 94' lang='lat'>,</span> <span class='ocrx_word' id='word_1_81' title='bbox 1371 494 1456 531; x_wconf 84' lang='lat' dir='ltr'>nihil</span> 
     </span>
     <span class='ocr_line' id='line_1_8' title="bbox 63 544 1455 597; baseline -0.001 -15"><span class='ocrx_word' id='word_1_82' title='bbox 63 545 142 584; x_wconf 82' lang='lat' dir='ltr'>effer</span> <span class='ocrx_word' id='word_1_83' title='bbox 153 549 188 582; x_wconf 89' lang='lat' dir='ltr'>in</span> <span class='ocrx_word' id='word_1_84' title='bbox 201 559 308 582; x_wconf 85' lang='lat' dir='ltr'>rerum</span> <span class='ocrx_word' id='word_1_85' title='bbox 320 559 432 583; x_wconf 86' lang='lat' dir='ltr'>natura</span> <span class='ocrx_word' id='word_1_86' title='bbox 441 575 452 591; x_wconf 91' lang='lat'><strong>,</strong></span> <span class='ocrx_word' id='word_1_87' title='bbox 464 558 503 582; x_wconf 83' lang='lat' dir='ltr'>ex</span> <span class='ocrx_word' id='word_1_88' title='bbox 517 558 585 594; x_wconf 89' lang='lat' dir='ltr'>quo</span> <span class='ocrx_word' id='word_1_89' title='bbox 596 547 807 585; x_wconf 82' lang='lat' dir='ltr'>durationem</span> <span class='ocrx_word' id='word_1_90' title='bbox 819 550 866 583; x_wconf 88' lang='lat' dir='ltr'>rei</span> <span class='ocrx_word' id='word_1_91' title='bbox 876 550 983 584; x_wconf 89' lang='lat' dir='ltr'>metiti</span> <span class='ocrx_word' id='word_1_92' title='bbox 997 545 1167 597; x_wconf 76' lang='lat' dir='ltr'>possemus.</span> <span class='ocrx_word' id='word_1_93' title='bbox 1178 546 1289 595; x_wconf 84' lang='lat' dir='ltr'>Qare</span> <span class='ocrx_word' id='word_1_94' title='bbox 1298 557 1336 581; x_wconf 88' lang='lat' dir='ltr'>ut</span> <span class='ocrx_word' id='word_1_95' title='bbox 1346 544 1455 580; x_wconf 83' lang='lat' dir='ltr'>locum</span> 
     </span>
    </p>
   </div>
   <div class='ocr_carea' id='block_1_2' title="bbox 2 594 1459 647">
    <p class='ocr_par' dir='ltr' id='par_1_4' title="bbox 2 594 1459 647">
     <span class='ocr_line' id='line_1_9' title="bbox 2 594 1459 647; baseline -0.003 -15"><span class='ocrx_word' id='word_1_96' title='bbox 2 609 19 623; x_wconf 50' lang='grc' dir='ltr'>ἢ</span> <span class='ocrx_word' id='word_1_97' title='bbox 65 594 167 644; x_wconf 85' lang='lat' dir='ltr'>spatio</span> <span class='ocrx_word' id='word_1_98' title='bbox 179 597 371 645; x_wconf 87' lang='lat' dir='ltr'>imaginario</span> <span class='ocrx_word' id='word_1_99' title='bbox 384 594 443 641; x_wconf 86' lang='lat' dir='ltr'>‚fic</span> <span class='ocrx_word' id='word_1_100' title='bbox 453 595 662 632; x_wconf 82' lang='lat' dir='ltr'>durationem</span> <span class='ocrx_word' id='word_1_101' title='bbox 680 608 828 647; x_wconf 87' lang='lat' dir='ltr'>tempore</span> <span class='ocrx_word' id='word_1_102' title='bbox 843 600 945 633; x_wconf 89' lang='lat' dir='ltr'>etiam</span> <span class='ocrx_word' id='word_1_103' title='bbox 959 598 1152 645; x_wconf 83' lang='lat' dir='ltr'>imaginatio</span> <span class='ocrx_word' id='word_1_104' title='bbox 1171 606 1374 631; x_wconf 81' lang='lat' dir='ltr'>metiremur.</span> <span class='ocrx_word' id='word_1_105' title='bbox 1390 594 1459 629; x_wconf 51' lang='lat' dir='ltr'>Sed&gt;</span> 
     </span>
    </p>
   </div>
   <div class='ocr_carea' id='block_1_3' title="bbox 61 642 1458 1672">
    <p class='ocr_par' dir='ltr' id='par_1_5' title="bbox 61 642 1458 738">
     <span class='ocr_line' id='line_1_10' title="bbox 66 642 1458 694; baseline -0.001 -13"><span class='ocrx_word' id='word_1_106' title='bbox 66 645 133 681; x_wconf 81' lang='lat' dir='ltr'>haec</span> <span class='ocrx_word' id='word_1_107' title='bbox 147 658 218 681; x_wconf 82' lang='lat' dir='ltr'>non</span> <span class='ocrx_word' id='word_1_108' title='bbox 227 645 370 694; x_wconf 84' lang='lat' dir='ltr'>probant</span> <span class='ocrx_word' id='word_1_109' title='bbox 380 674 390 690; x_wconf 88' lang='lat'>,</span> <span class='ocrx_word' id='word_1_110' title='bbox 403 656 458 680; x_wconf 85' lang='lat' dir='ltr'>aut</span> <span class='ocrx_word' id='word_1_111' title='bbox 471 645 673 682; x_wconf 82' lang='lat' dir='ltr'>durationem</span> <span class='ocrx_word' id='word_1_112' title='bbox 684 649 732 681; x_wconf 90' lang='lat' dir='ltr'>rei</span> <span class='ocrx_word' id='word_1_113' title='bbox 743 646 947 683; x_wconf 80' lang='lat' dir='ltr'>intrinsecam</span> <span class='ocrx_word' id='word_1_114' title='bbox 955 645 1017 682; x_wconf 82' lang='lat' dir='ltr'>effe</span> <span class='ocrx_word' id='word_1_115' title='bbox 1028 642 1231 682; x_wconf 81' lang='lat' dir='ltr'>succeffivam</span> <span class='ocrx_word' id='word_1_116' title='bbox 1243 671 1255 687; x_wconf 90' lang='lat'>‚</span> <span class='ocrx_word' id='word_1_117' title='bbox 1264 652 1458 693; x_wconf 79' lang='lat' dir='ltr'>aut-tempus</span> 
     </span>
     <span class='ocr_line' id='line_1_11' title="bbox 61 691 1386 738; baseline 0.002 -8"><span class='ocrx_word' id='word_1_118' title='bbox 61 707 133 730; x_wconf 77' lang='lat' dir='ltr'>non</span> <span class='ocrx_word' id='word_1_119' title='bbox 146 691 221 730; x_wconf 78' lang='lat' dir='ltr'>eise.</span> <span class='ocrx_word' id='word_1_120' title='bbox 231 694 316 729; x_wconf 82' lang='lat' dir='ltr'>illius</span> <span class='ocrx_word' id='word_1_121' title='bbox 329 693 506 731; x_wconf 86' lang='lat' dir='ltr'>mensuram</span> <span class='ocrx_word' id='word_1_122' title='bbox 521 695 742 732; x_wconf 65' lang='lat' dir='ltr'>extrinsecam.</span> <span class='ocrx_word' id='word_1_123' title='bbox 1383 735 1386 738; x_wconf 64' lang='grc'>,</span> 
     </span>
    </p>

    <p class='ocr_par' dir='ltr' id='par_1_6' title="bbox 64 739 1456 938">
     <span class='ocr_line' id='line_1_12' title="bbox 92 739 1456 793; baseline -0.004 -12"><span class='ocrx_word' id='word_1_124' title='bbox 92 744 185 792; x_wconf 71' lang='lat' dir='ltr'>opp.</span> <span class='ocrx_word' id='word_1_125' title='bbox 206 758 229 780; x_wconf 63' lang='lat' dir='ltr'><em>v</em></span> <span class='ocrx_word' id='word_1_126' title='bbox 247 744 314 778; x_wconf 76' lang='lat' dir='ltr'>Res</span> <span class='ocrx_word' id='word_1_127' title='bbox 331 756 388 793; x_wconf 87' lang='lat' dir='ltr'>per</span> <span class='ocrx_word' id='word_1_128' title='bbox 402 742 488 778; x_wconf 79' lang='lat' dir='ltr'>suam</span> <span class='ocrx_word' id='word_1_129' title='bbox 497 745 670 779; x_wconf 85' lang='lat' dir='ltr'>entitatem</span> <span class='ocrx_word' id='word_1_130' title='bbox 685 745 800 780; x_wconf 80' lang='lat' dir='ltr'>durare</span> <span class='ocrx_word' id='word_1_131' title='bbox 811 757 878 780; x_wconf 86' lang='lat' dir='ltr'>non</span> <span class='ocrx_word' id='word_1_132' title='bbox 889 745 999 792; x_wconf 88' lang='lat' dir='ltr'>potest</span> <span class='ocrx_word' id='word_1_133' title='bbox 1010 756 1101 788; x_wconf 89' lang='lat' dir='ltr'>,cum</span> <span class='ocrx_word' id='word_1_134' title='bbox 1116 750 1154 778; x_wconf 81' lang='lat' dir='ltr'>ex</span> <span class='ocrx_word' id='word_1_135' title='bbox 1167 741 1197 777; x_wconf 87' lang='lat' dir='ltr'>se</span> <span class='ocrx_word' id='word_1_136' title='bbox 1213 739 1250 776; x_wconf 83' lang='lat' dir='ltr'>fit</span> <span class='ocrx_word' id='word_1_137' title='bbox 1265 739 1456 776; x_wconf 76' lang='lat' dir='ltr'>indifferens</span> 
     </span>
     <span class='ocr_line' id='line_1_13' title="bbox 64 790 1455 842; baseline -0.001 -15"><span class='ocrx_word' id='word_1_138' title='bbox 64 803 101 827; x_wconf 87' lang='lat' dir='ltr'>ut</span> <span class='ocrx_word' id='word_1_139' title='bbox 113 791 213 828; x_wconf 86' lang='lat' dir='ltr'>hodie</span> <span class='ocrx_word' id='word_1_140' title='bbox 229 794 338 841; x_wconf 88' lang='lat' dir='ltr'>potius</span> <span class='ocrx_word' id='word_1_141' title='bbox 357 792 468 827; x_wconf 81' lang='lat' dir='ltr'>existat</span> <span class='ocrx_word' id='word_1_142' title='bbox 480 820 490 835; x_wconf 88' lang='lat'><em>,</em></span> <span class='ocrx_word' id='word_1_143' title='bbox 507 804 607 839; x_wconf 81' lang='lat' dir='ltr'>quam</span> <span class='ocrx_word' id='word_1_144' title='bbox 627 793 761 828; x_wconf 86' lang='lat' dir='ltr'>crastino</span> <span class='ocrx_word' id='word_1_145' title='bbox 774 795 839 837; x_wconf 88' lang='lat' dir='ltr'>die,</span> <span class='ocrx_word' id='word_1_146' title='bbox 853 806 992 841; x_wconf 88' lang='lat' dir='ltr'>cumque</span> <span class='ocrx_word' id='word_1_147' title='bbox 1005 791 1101 842; x_wconf 82' lang='lat' dir='ltr'>poffit</span> <span class='ocrx_word' id='word_1_148' title='bbox 1118 790 1224 829; x_wconf 86' lang='lat' dir='ltr'>esse&amp;</span> <span class='ocrx_word' id='word_1_149' title='bbox 1242 803 1310 826; x_wconf 88' lang='lat' dir='ltr'>non</span> <span class='ocrx_word' id='word_1_150' title='bbox 1328 790 1455 826; x_wconf 85' lang='lat' dir='ltr'>durare:</span> 
     </span>
     <span class='ocr_line' id='line_1_14' title="bbox 65 837 1454 891; baseline -0.001 -15"><span class='ocrx_word' id='word_1_151' title='bbox 65 848 102 876; x_wconf 84' lang='lat' dir='ltr'>ut</span> <span class='ocrx_word' id='word_1_152' title='bbox 122 839 144 876; x_wconf 81' lang='lat' dir='ltr'>si</span> <span class='ocrx_word' id='word_1_153' title='bbox 161 841 279 876; x_wconf 89' lang='lat' dir='ltr'>eodem</span> <span class='ocrx_word' id='word_1_154' title='bbox 288 841 420 877; x_wconf 85' lang='lat' dir='ltr'>instanti</span> <span class='ocrx_word' id='word_1_155' title='bbox 434 852 501 888; x_wconf 90' lang='lat' dir='ltr'>quo</span> <span class='ocrx_word' id='word_1_156' title='bbox 515 841 672 889; x_wconf 66' lang='lat' dir='ltr'>producta</span> <span class='ocrx_word' id='word_1_157' title='bbox 687 842 755 887; x_wconf 88' lang='lat' dir='ltr'>est,</span> <span class='ocrx_word' id='word_1_158' title='bbox 772 842 1008 879; x_wconf 84' lang='lat' dir='ltr'>destrueretur:</span> <span class='ocrx_word' id='word_1_159' title='bbox 1027 854 1104 891; x_wconf 87' lang='lat' dir='ltr'>ergo</span> <span class='ocrx_word' id='word_1_160' title='bbox 1118 853 1168 875; x_wconf 89' lang='lat' dir='ltr'>res</span> <span class='ocrx_word' id='word_1_161' title='bbox 1182 852 1250 877; x_wconf 88' lang='lat' dir='ltr'>non</span> <span class='ocrx_word' id='word_1_162' title='bbox 1270 839 1365 875; x_wconf 86' lang='lat' dir='ltr'>durat</span> <span class='ocrx_word' id='word_1_163' title='bbox 1383 837 1454 875; x_wconf 85' lang='lat' dir='ltr'>for-</span> 
     </span>
     <span class='ocr_line' id='line_1_15' title="bbox 67 889 564 938; baseline -0.002 -12"><span class='ocrx_word' id='word_1_164' title='bbox 67 889 196 926; x_wconf 84' lang='lat' dir='ltr'>maliter</span> <span class='ocrx_word' id='word_1_165' title='bbox 204 902 263 938; x_wconf 88' lang='lat' dir='ltr'>per</span> <span class='ocrx_word' id='word_1_166' title='bbox 277 889 364 927; x_wconf 81' lang='lat' dir='ltr'>suam</span> <span class='ocrx_word' id='word_1_167' title='bbox 378 892 564 925; x_wconf 81' lang='lat' dir='ltr'>entitatem.</span> 
     </span>
    </p>

    <p class='ocr_par' dir='ltr' id='par_1_7' title="bbox 66 937 1458 1122">
     <span class='ocr_line' id='line_1_16' title="bbox 100 937 1451 987; baseline 0.002 -15"><span class='ocrx_word' id='word_1_168' title='bbox 100 939 192 987; x_wconf 52' lang='grc' dir='ltr'>Κεφ.</span> <span class='ocrx_word' id='word_1_169' title='bbox 209 938 279 984; x_wconf 68' lang='lat' dir='ltr'>dist,</span> <span class='ocrx_word' id='word_1_170' title='bbox 293 946 396 975; x_wconf 79' lang='lat' dir='ltr'>antec.</span> <span class='ocrx_word' id='word_1_171' title='bbox 411 940 478 973; x_wconf 74' lang='lat' dir='ltr'>Res</span> <span class='ocrx_word' id='word_1_172' title='bbox 490 951 559 973; x_wconf 89' lang='lat' dir='ltr'>non</span> <span class='ocrx_word' id='word_1_173' title='bbox 568 937 726 987; x_wconf 77' lang='lat' dir='ltr'>duratper</span> <span class='ocrx_word' id='word_1_174' title='bbox 740 937 832 974; x_wconf 86' lang='lat' dir='ltr'>suam</span> <span class='ocrx_word' id='word_1_175' title='bbox 847 943 1018 976; x_wconf 83' lang='lat' dir='ltr'>entitatem</span> <span class='ocrx_word' id='word_1_176' title='bbox 1041 938 1187 974; x_wconf 91' lang='lat' dir='ltr'>absolute</span> <span class='ocrx_word' id='word_1_177' title='bbox 1211 939 1371 987; x_wconf 83' lang='lat' dir='ltr'>sumptam</span> <span class='ocrx_word' id='word_1_178' title='bbox 1382 967 1392 982; x_wconf 92' lang='lat'>‚</span> <span class='ocrx_word' id='word_1_179' title='bbox 1412 939 1451 975; x_wconf 87' lang='lat' dir='ltr'>C.</span> 
     </span>
     <span class='ocr_line' id='line_1_17' title="bbox 66 985 1458 1035; baseline 0.001 -14"><span class='ocrx_word' id='word_1_180' title='bbox 66 997 103 1022; x_wconf 83' lang='lat' dir='ltr'>ut</span> <span class='ocrx_word' id='word_1_181' title='bbox 119 994 245 1035; x_wconf 79' lang='lat' dir='ltr'>tempus</span> <span class='ocrx_word' id='word_1_182' title='bbox 261 998 439 1030; x_wconf 72' lang='lat' dir='ltr'>connotat5</span> <span class='ocrx_word' id='word_1_183' title='bbox 458 987 507 1023; x_wconf 55' lang='lat' dir='ltr'>Nc</span> <span class='ocrx_word' id='word_1_184' title='bbox 516 989 557 1022; x_wconf 90' lang='lat' dir='ltr'>Et</span> <span class='ocrx_word' id='word_1_185' title='bbox 565 985 638 1021; x_wconf 85' lang='lat' dir='ltr'>sane</span> <span class='ocrx_word' id='word_1_186' title='bbox 649 996 723 1022; x_wconf 79' lang='lat' dir='ltr'>cum</span> <span class='ocrx_word' id='word_1_187' title='bbox 738 996 807 1032; x_wconf 81' lang='lat' dir='ltr'>rem</span> <span class='ocrx_word' id='word_1_188' title='bbox 823 990 965 1034; x_wconf 84' lang='lat' dir='ltr'>existere,</span> <span class='ocrx_word' id='word_1_189' title='bbox 978 988 1196 1035; x_wconf 86' lang='lat' dir='ltr'>&amp;aliquando</span> <span class='ocrx_word' id='word_1_190' title='bbox 1205 988 1341 1023; x_wconf 87' lang='lat' dir='ltr'>existere</span> <span class='ocrx_word' id='word_1_191' title='bbox 1350 998 1458 1023; x_wconf 75' lang='lat' dir='ltr'>unum</span> 
     </span>
     <span class='ocr_line' id='line_1_18' title="bbox 66 1034 1455 1086; baseline 0 -16"><span class='ocrx_word' id='word_1_192' title='bbox 66 1034 127 1071; x_wconf 84' lang='lat' dir='ltr'>fint</span> <span class='ocrx_word' id='word_1_193' title='bbox 143 1041 176 1072; x_wconf 76' lang='grc' dir='ltr'>δε</span> <span class='ocrx_word' id='word_1_194' title='bbox 194 1036 281 1071; x_wconf 90' lang='lat' dir='ltr'>idem</span> <span class='ocrx_word' id='word_1_195' title='bbox 291 1065 301 1079; x_wconf 90' lang='lat'><strong>,</strong></span> <span class='ocrx_word' id='word_1_196' title='bbox 311 1036 420 1084; x_wconf 85' lang='lat' dir='ltr'>palam</span> <span class='ocrx_word' id='word_1_197' title='bbox 429 1035 477 1070; x_wconf 89' lang='lat' dir='ltr'>est</span> <span class='ocrx_word' id='word_1_198' title='bbox 492 1037 698 1072; x_wconf 83' lang='lat' dir='ltr'>durationem</span> <span class='ocrx_word' id='word_1_199' title='bbox 709 1036 913 1073; x_wconf 80' lang='lat' dir='ltr'>intrinsecam</span> <span class='ocrx_word' id='word_1_200' title='bbox 925 1051 993 1074; x_wconf 88' lang='lat' dir='ltr'>non</span> <span class='ocrx_word' id='word_1_201' title='bbox 1003 1037 1066 1074; x_wconf 80' lang='lat' dir='ltr'>effe</span> <span class='ocrx_word' id='word_1_202' title='bbox 1075 1037 1154 1085; x_wconf 88' lang='lat' dir='ltr'>quid</span> <span class='ocrx_word' id='word_1_203' title='bbox 1165 1037 1188 1072; x_wconf 67' lang='grc' dir='ltr'>’ἐι</span> <span class='ocrx_word' id='word_1_204' title='bbox 1201 1049 1236 1072; x_wconf 90' lang='lat' dir='ltr'>re</span> <span class='ocrx_word' id='word_1_205' title='bbox 1251 1036 1316 1086; x_wconf 84' lang='lat' dir='ltr'>ipsa</span> <span class='ocrx_word' id='word_1_206' title='bbox 1328 1047 1366 1071; x_wconf 92' lang='lat' dir='ltr'>ut</span> <span class='ocrx_word' id='word_1_207' title='bbox 1378 1036 1455 1071; x_wconf 53' lang='lat' dir='ltr'>actu</span> 
     </span>
     <span class='ocr_line' id='line_1_19' title="bbox 67 1084 433 1122; baseline 0.005 -3"><span class='ocrx_word' id='word_1_208' title='bbox 67 1084 225 1119; x_wconf 78' lang='lat' dir='ltr'>existente</span> <span class='ocrx_word' id='word_1_209' title='bbox 236 1085 433 1122; x_wconf 64' lang='lat' dir='ltr'>distinstum.</span> 
     </span>
    </p>

    <p class='ocr_par' dir='ltr' id='par_1_8' title="bbox 62 1131 1456 1672">
     <span class='ocr_line' id='line_1_20' title="bbox 100 1131 1456 1181; baseline -0.001 -12"><span class='ocrx_word' id='word_1_210' title='bbox 100 1136 145 1169; x_wconf 74' lang='lat' dir='ltr'>Ex</span> <span class='ocrx_word' id='word_1_211' title='bbox 161 1135 197 1167; x_wconf 88' lang='lat' dir='ltr'>iis</span> <span class='ocrx_word' id='word_1_212' title='bbox 211 1131 353 1181; x_wconf 87' lang='lat' dir='ltr'>sequitur</span> <span class='ocrx_word' id='word_1_213' title='bbox 371 1135 584 1170; x_wconf 87' lang='lat' dir='ltr'>velocitatem</span> <span class='ocrx_word' id='word_1_214' title='bbox 593 1143 702 1168; x_wconf 88' lang='lat' dir='ltr'>motus</span> <span class='ocrx_word' id='word_1_215' title='bbox 716 1144 773 1168; x_wconf 88' lang='lat' dir='ltr'>aut</span> <span class='ocrx_word' id='word_1_216' title='bbox 781 1133 968 1169; x_wconf 81' lang='lat' dir='ltr'>tarditatem</span> <span class='ocrx_word' id='word_1_217' title='bbox 979 1162 991 1179; x_wconf 90' lang='lat'><em>,</em></span> <span class='ocrx_word' id='word_1_218' title='bbox 1014 1134 1100 1168; x_wconf 86' lang='lat' dir='ltr'>illius</span> <span class='ocrx_word' id='word_1_219' title='bbox 1116 1134 1250 1181; x_wconf 92' lang='lat' dir='ltr'>quidem</span> <span class='ocrx_word' id='word_1_220' title='bbox 1264 1131 1327 1168; x_wconf 78' lang='lat' dir='ltr'>effe</span> <span class='ocrx_word' id='word_1_221' title='bbox 1349 1145 1456 1180; x_wconf 81' lang='lat' dir='ltr'>quan-</span> 
     </span>
     <span class='ocr_line' id='line_1_21' title="bbox 62 1180 1454 1233; baseline -0.001 -15"><span class='ocrx_word' id='word_1_222' title='bbox 62 1185 176 1218; x_wconf 76' lang='lat' dir='ltr'>titates</span> <span class='ocrx_word' id='word_1_223' title='bbox 190 1211 196 1220; x_wconf 91' lang='lat'><strong>.</strong></span> <span class='ocrx_word' id='word_1_224' title='bbox 213 1194 268 1218; x_wconf 87' lang='lat' dir='ltr'>aut</span> <span class='ocrx_word' id='word_1_225' title='bbox 285 1182 403 1218; x_wconf 86' lang='lat' dir='ltr'>modos</span> <span class='ocrx_word' id='word_1_226' title='bbox 413 1187 525 1233; x_wconf 81' lang='lat' dir='ltr'>potius</span> <span class='ocrx_word' id='word_1_227' title='bbox 539 1212 549 1227; x_wconf 91' lang='lat'>,</span> <span class='ocrx_word' id='word_1_228' title='bbox 571 1195 638 1218; x_wconf 90' lang='lat' dir='ltr'>non</span> <span class='ocrx_word' id='word_1_229' title='bbox 652 1181 816 1217; x_wconf 85' lang='lat' dir='ltr'>absolutos</span> <span class='ocrx_word' id='word_1_230' title='bbox 830 1211 842 1227; x_wconf 92' lang='lat'>‚</span> <span class='ocrx_word' id='word_1_231' title='bbox 869 1180 922 1217; x_wconf 91' lang='lat' dir='ltr'>sed</span> <span class='ocrx_word' id='word_1_232' title='bbox 935 1182 1089 1218; x_wconf 88' lang='lat' dir='ltr'>relativos</span> <span class='ocrx_word' id='word_1_233' title='bbox 1104 1200 1113 1227; x_wconf 64' lang='grc' dir='ltr'>ς</span> <span class='ocrx_word' id='word_1_234' title='bbox 1129 1196 1197 1218; x_wconf 91' lang='lat' dir='ltr'>non</span> <span class='ocrx_word' id='word_1_235' title='bbox 1215 1181 1362 1231; x_wconf 82' lang='lat' dir='ltr'>physicos</span> <span class='ocrx_word' id='word_1_236' title='bbox 1374 1211 1384 1225; x_wconf 94' lang='lat'>,</span> <span class='ocrx_word' id='word_1_237' title='bbox 1401 1181 1454 1216; x_wconf 89' lang='lat' dir='ltr'>sed</span> 
     </span>
     <span class='ocr_line' id='line_1_22' title="bbox 66 1229 1455 1280; baseline -0.002 -13"><span class='ocrx_word' id='word_1_238' title='bbox 66 1229 312 1280; x_wconf 78' lang='lat' dir='ltr'>metaphyficos.</span> <span class='ocrx_word' id='word_1_239' title='bbox 337 1234 448 1268; x_wconf 83' lang='lat' dir='ltr'>Motus</span> <span class='ocrx_word' id='word_1_240' title='bbox 459 1235 548 1268; x_wconf 88' lang='lat' dir='ltr'>enim</span> <span class='ocrx_word' id='word_1_241' title='bbox 558 1233 672 1267; x_wconf 76' lang='lat' dir='ltr'>dicitur</span> <span class='ocrx_word' id='word_1_242' title='bbox 690 1230 787 1266; x_wconf 80' lang='lat' dir='ltr'>velox</span> <span class='ocrx_word' id='word_1_243' title='bbox 796 1243 870 1266; x_wconf 84' lang='lat' dir='ltr'>cum</span> <span class='ocrx_word' id='word_1_244' title='bbox 881 1232 1021 1267; x_wconf 85' lang='lat' dir='ltr'>tardiore</span> <span class='ocrx_word' id='word_1_245' title='bbox 1034 1243 1239 1280; x_wconf 86' lang='lat' dir='ltr'>comparatus</span> <span class='ocrx_word' id='word_1_246' title='bbox 1252 1245 1260 1267; x_wconf 75' lang='grc' dir='ltr'>ε</span> <span class='ocrx_word' id='word_1_247' title='bbox 1278 1243 1350 1267; x_wconf 87' lang='lat' dir='ltr'>cum</span> <span class='ocrx_word' id='word_1_248' title='bbox 1372 1230 1455 1266; x_wconf 91' lang='lat' dir='ltr'>scili-</span> 
     </span>
     <span class='ocr_line' id='line_1_23' title="bbox 66 1279 1455 1331; baseline -0.001 -15"><span class='ocrx_word' id='word_1_249' title='bbox 66 1293 119 1316; x_wconf 90' lang='lat' dir='ltr'>cet</span> <span class='ocrx_word' id='word_1_250' title='bbox 135 1279 253 1328; x_wconf 76' lang='lat' dir='ltr'>aequali</span> <span class='ocrx_word' id='word_1_251' title='bbox 268 1292 417 1329; x_wconf 82' lang='lat' dir='ltr'>tempore</span> <span class='ocrx_word' id='word_1_252' title='bbox 426 1286 528 1331; x_wconf 78' lang='lat' dir='ltr'>maJus</span> <span class='ocrx_word' id='word_1_253' title='bbox 538 1280 675 1330; x_wconf 86' lang='lat' dir='ltr'>spatium</span> <span class='ocrx_word' id='word_1_254' title='bbox 683 1280 868 1317; x_wconf 82' lang='lat' dir='ltr'>decurritur.</span> <span class='ocrx_word' id='word_1_255' title='bbox 891 1283 968 1318; x_wconf 89' lang='lat' dir='ltr'>Nec</span> <span class='ocrx_word' id='word_1_256' title='bbox 983 1284 1160 1328; x_wconf 86' lang='lat' dir='ltr'>quicquam</span> <span class='ocrx_word' id='word_1_257' title='bbox 1174 1280 1331 1315; x_wconf 85' lang='lat' dir='ltr'>velocitas</span> <span class='ocrx_word' id='word_1_258' title='bbox 1348 1282 1455 1315; x_wconf 87' lang='lat' dir='ltr'>motui</span> 
     </span>
     <span class='ocr_line' id='line_1_24' title="bbox 63 1328 1452 1379; baseline -0.001 -15"><span class='ocrx_word' id='word_1_259' title='bbox 63 1330 154 1364; x_wconf 68' lang='lat' dir='ltr'>addit</span> <span class='ocrx_word' id='word_1_260' title='bbox 169 1358 180 1373; x_wconf 91' lang='lat'>,</span> <span class='ocrx_word' id='word_1_261' title='bbox 195 1328 251 1364; x_wconf 86' lang='lat' dir='ltr'>nisi</span> <span class='ocrx_word' id='word_1_262' title='bbox 263 1329 542 1378; x_wconf 83' lang='lat' dir='ltr'>comparationem</span> <span class='ocrx_word' id='word_1_263' title='bbox 554 1341 609 1365; x_wconf 87' lang='lat' dir='ltr'>aut</span> <span class='ocrx_word' id='word_1_264' title='bbox 620 1329 814 1365; x_wconf 77' lang='lat' dir='ltr'>relationem</span> <span class='ocrx_word' id='word_1_265' title='bbox 824 1342 897 1364; x_wconf 90' lang='lat' dir='ltr'>cum</span> <span class='ocrx_word' id='word_1_266' title='bbox 910 1341 1065 1379; x_wconf 87' lang='lat' dir='ltr'>tempore·</span> <span class='ocrx_word' id='word_1_267' title='bbox 1077 1346 1086 1373; x_wconf 91' lang='lat'>;</span> <span class='ocrx_word' id='word_1_268' title='bbox 1100 1342 1161 1365; x_wconf 91' lang='lat' dir='ltr'>nec</span> <span class='ocrx_word' id='word_1_269' title='bbox 1182 1330 1318 1364; x_wconf 89' lang='lat' dir='ltr'>demum</span> <span class='ocrx_word' id='word_1_270' title='bbox 1337 1329 1382 1363; x_wconf 87' lang='lat' dir='ltr'>est</span> <span class='ocrx_word' id='word_1_271' title='bbox 1393 1341 1452 1363; x_wconf 89' lang='lat' dir='ltr'>en-</span> 
     </span>
     <span class='ocr_line' id='line_1_25' title="bbox 65 1377 1452 1427; baseline -0.001 -14"><span class='ocrx_word' id='word_1_272' title='bbox 65 1380 141 1414; x_wconf 81' lang='lat' dir='ltr'>titas</span> <span class='ocrx_word' id='word_1_273' title='bbox 152 1379 301 1425; x_wconf 82' lang='lat' dir='ltr'>quaedam</span> <span class='ocrx_word' id='word_1_274' title='bbox 312 1379 356 1427; x_wconf 86' lang='lat' dir='ltr'>ph</span> <span class='ocrx_word' id='word_1_275' title='bbox 382 1378 441 1414; x_wconf 82' lang='lat' dir='ltr'>sica</span> <span class='ocrx_word' id='word_1_276' title='bbox 451 1392 522 1426; x_wconf 84' lang='lat' dir='ltr'>quae</span> <span class='ocrx_word' id='word_1_277' title='bbox 535 1379 640 1413; x_wconf 87' lang='lat' dir='ltr'>motui</span> <span class='ocrx_word' id='word_1_278' title='bbox 658 1377 875 1425; x_wconf 84' lang='lat' dir='ltr'>superveniat.</span> <span class='ocrx_word' id='word_1_279' title='bbox 894 1380 1024 1414; x_wconf 89' lang='lat' dir='ltr'>Deinde</span> <span class='ocrx_word' id='word_1_280' title='bbox 1034 1377 1214 1426; x_wconf 85' lang='lat' dir='ltr'>motusipse</span> <span class='ocrx_word' id='word_1_281' title='bbox 1227 1391 1295 1413; x_wconf 89' lang='lat' dir='ltr'>non</span> <span class='ocrx_word' id='word_1_282' title='bbox 1313 1378 1357 1413; x_wconf 89' lang='lat' dir='ltr'>est</span> <span class='ocrx_word' id='word_1_283' title='bbox 1367 1380 1452 1413; x_wconf 86' lang='lat' dir='ltr'>enti·</span> 
     </span>
     <span class='ocr_line' id='line_1_26' title="bbox 68 1392 1450 1476; baseline -0.001 -14"><span class='ocrx_word' id='word_1_284' title='bbox 68 1438 115 1462; x_wconf 85' lang='lat' dir='ltr'>tas</span> <span class='ocrx_word' id='word_1_285' title='bbox 127 1425 254 1474; x_wconf 83' lang='lat' dir='ltr'>phyfica</span> <span class='ocrx_word' id='word_1_286' title='bbox 270 1427 290 1462; x_wconf 68' lang='lat' dir='ltr'>a</span> <span class='ocrx_word' id='word_1_287' title='bbox 303 1392 419 1462; x_wconf 47' lang='lat' dir='ltr'>mossili</span> <span class='ocrx_word' id='word_1_288' title='bbox 434 1426 572 1476; x_wconf 65' lang='lat' dir='ltr'>sejuncta</span> <span class='ocrx_word' id='word_1_289' title='bbox 587 1440 596 1462; x_wconf 74' lang='lat' dir='ltr'>t</span> <span class='ocrx_word' id='word_1_290' title='bbox 611 1426 713 1461; x_wconf 92' lang='lat' dir='ltr'>multo</span> <span class='ocrx_word' id='word_1_291' title='bbox 728 1428 825 1474; x_wconf 87' lang='lat' dir='ltr'>igitur</span> <span class='ocrx_word' id='word_1_292' title='bbox 835 1429 939 1461; x_wconf 88' lang='lat' dir='ltr'>minus</span> <span class='ocrx_word' id='word_1_293' title='bbox 953 1426 1036 1462; x_wconf 90' lang='lat' dir='ltr'>illius</span> <span class='ocrx_word' id='word_1_294' title='bbox 1049 1426 1203 1462; x_wconf 88' lang='lat' dir='ltr'>velocitas</span> <span class='ocrx_word' id='word_1_295' title='bbox 1215 1427 1370 1474; x_wconf 84' lang='lat' dir='ltr'>quiddam</span> <span class='ocrx_word' id='word_1_296' title='bbox 1388 1429 1450 1461; x_wconf 91' lang='lat' dir='ltr'>erit</span> 
     </span>
     <span class='ocr_line' id='line_1_27' title="bbox 66 1474 1454 1525; baseline -0.004 -13"><span class='ocrx_word' id='word_1_297' title='bbox 66 1475 88 1512; x_wconf 69' lang='grc' dir='ltr'>ὲ</span> <span class='ocrx_word' id='word_1_298' title='bbox 105 1487 200 1510; x_wconf 86' lang='lat' dir='ltr'>motu</span> <span class='ocrx_word' id='word_1_299' title='bbox 212 1504 222 1519; x_wconf 94' lang='lat'><strong>,</strong></span> <span class='ocrx_word' id='word_1_300' title='bbox 238 1487 292 1511; x_wconf 90' lang='lat' dir='ltr'>aut</span> <span class='ocrx_word' id='word_1_301' title='bbox 305 1474 423 1511; x_wconf 90' lang='lat' dir='ltr'>mobili</span> <span class='ocrx_word' id='word_1_302' title='bbox 432 1476 621 1525; x_wconf 65' lang='lat' dir='ltr'>sejunctum.</span> <span class='ocrx_word' id='word_1_303' title='bbox 636 1475 798 1510; x_wconf 87' lang='lat' dir='ltr'>Postremo</span> <span class='ocrx_word' id='word_1_304' title='bbox 809 1478 861 1510; x_wconf 89' lang='lat' dir='ltr'>cui</span> <span class='ocrx_word' id='word_1_305' title='bbox 872 1478 955 1523; x_wconf 89' lang='lat' dir='ltr'>parti</span> <span class='ocrx_word' id='word_1_306' title='bbox 969 1488 1079 1511; x_wconf 86' lang='lat' dir='ltr'>motus</span> <span class='ocrx_word' id='word_1_307' title='bbox 1090 1477 1293 1523; x_wconf 87' lang='lat' dir='ltr'>imprimetur</span> <span class='ocrx_word' id='word_1_308' title='bbox 1311 1474 1364 1510; x_wconf 91' lang='lat' dir='ltr'>hic</span> <span class='ocrx_word' id='word_1_309' title='bbox 1379 1488 1454 1510; x_wconf 82' lang='lat' dir='ltr'>mo-</span> 
     </span>
     <span class='ocr_line' id='line_1_28' title="bbox 67 1523 1453 1572; baseline 0 -14"><span class='ocrx_word' id='word_1_310' title='bbox 67 1524 123 1558; x_wconf 79' lang='lat' dir='ltr'>dus</span> <span class='ocrx_word' id='word_1_311' title='bbox 138 1553 148 1566; x_wconf 96' lang='lat'>‚</span> <span class='ocrx_word' id='word_1_312' title='bbox 166 1536 208 1566; x_wconf 32' lang='lat' dir='ltr'>an,</span> <span class='ocrx_word' id='word_1_313' title='bbox 223 1527 407 1572; x_wconf 82' lang='lat' dir='ltr'>praeteritae,</span> <span class='ocrx_word' id='word_1_314' title='bbox 437 1537 493 1560; x_wconf 87' lang='lat' dir='ltr'>aut</span> <span class='ocrx_word' id='word_1_315' title='bbox 510 1525 643 1568; x_wconf 76' lang='lat' dir='ltr'>fumrae,</span> <span class='ocrx_word' id='word_1_316' title='bbox 659 1536 734 1571; x_wconf 83' lang='lat' dir='ltr'>quae</span> <span class='ocrx_word' id='word_1_317' title='bbox 757 1537 825 1559; x_wconf 86' lang='lat' dir='ltr'>non</span> <span class='ocrx_word' id='word_1_318' title='bbox 845 1525 981 1560; x_wconf 71' lang='lat' dir='ltr'>existunt</span> <span class='ocrx_word' id='word_1_319' title='bbox 996 1534 1007 1560; x_wconf 63' lang='grc' dir='ltr'>Ξ</span> <span class='ocrx_word' id='word_1_320' title='bbox 1023 1537 1064 1560; x_wconf 86' lang='lat' dir='ltr'>an</span> <span class='ocrx_word' id='word_1_321' title='bbox 1082 1524 1170 1559; x_wconf 90' lang='lat' dir='ltr'>forte</span> <span class='ocrx_word' id='word_1_322' title='bbox 1191 1523 1323 1559; x_wconf 85' lang='lat' dir='ltr'>instanti</span> <span class='ocrx_word' id='word_1_323' title='bbox 1344 1536 1453 1559; x_wconf 81' lang='lat' dir='ltr'>motus</span> 
     </span>
     <span class='ocr_line' id='line_1_29' title="bbox 66 1570 1454 1623; baseline 0.001 -16"><span class='ocrx_word' id='word_1_324' title='bbox 66 1572 228 1621; x_wconf 69' lang='lat' dir='ltr'>praesenti?</span> <span class='ocrx_word' id='word_1_325' title='bbox 251 1576 335 1623; x_wconf 84' lang='lat' dir='ltr'>Ergo</span> <span class='ocrx_word' id='word_1_326' title='bbox 350 1573 430 1609; x_wconf 86' lang='lat' dir='ltr'>nihil</span> <span class='ocrx_word' id='word_1_327' title='bbox 450 1575 491 1608; x_wconf 89' lang='lat' dir='ltr'>ad</span> <span class='ocrx_word' id='word_1_328' title='bbox 516 1584 622 1622; x_wconf 88' lang='lat' dir='ltr'>partes</span> <span class='ocrx_word' id='word_1_329' title='bbox 643 1578 751 1608; x_wconf 85' lang='lat' dir='ltr'>m&#39;otus</span> <span class='ocrx_word' id='word_1_330' title='bbox 770 1570 931 1609; x_wconf 84' lang='lat' dir='ltr'>attinebit.</span> <span class='ocrx_word' id='word_1_331' title='bbox 954 1573 1063 1609; x_wconf 88' lang='lat' dir='ltr'>Multa</span> <span class='ocrx_word' id='word_1_332' title='bbox 1088 1573 1178 1622; x_wconf 79' lang='lat' dir='ltr'>hujus</span> <span class='ocrx_word' id='word_1_333' title='bbox 1196 1575 1323 1623; x_wconf 84' lang='lat' dir='ltr'>generis</span> <span class='ocrx_word' id='word_1_334' title='bbox 1346 1571 1454 1610; x_wconf 77' lang='lat' dir='ltr'>afferri</span> 
     </span>
     <span class='ocr_line' id='line_1_30' title="bbox 67 1620 977 1672; baseline 0.001 -15"><span class='ocrx_word' id='word_1_335' title='bbox 67 1620 190 1672; x_wconf 70' lang='lat' dir='ltr'>potsunt</span> <span class='ocrx_word' id='word_1_336' title='bbox 200 1651 210 1665; x_wconf 88' lang='lat'><em>,</em></span> <span class='ocrx_word' id='word_1_337' title='bbox 223 1622 340 1670; x_wconf 86' lang='lat' dir='ltr'>quibus</span> <span class='ocrx_word' id='word_1_338' title='bbox 352 1634 396 1658; x_wconf 82' lang='lat' dir='ltr'>eae</span> <span class='ocrx_word' id='word_1_339' title='bbox 411 1625 563 1659; x_wconf 72' lang='lat' dir='ltr'>entitates</span> <span class='ocrx_word' id='word_1_340' title='bbox 577 1651 587 1666; x_wconf 93' lang='lat'>,</span> <span class='ocrx_word' id='word_1_341' title='bbox 602 1634 659 1657; x_wconf 88' lang='lat' dir='ltr'>aut</span> <span class='ocrx_word' id='word_1_342' title='bbox 669 1622 760 1657; x_wconf 88' lang='lat' dir='ltr'>modi</span> <span class='ocrx_word' id='word_1_343' title='bbox 777 1621 977 1659; x_wconf 81' lang='lat' dir='ltr'>refellantur.</span> 
     </span>
    </p>
   </div>
   <div class='ocr_carea' id='block_1_4' title="bbox 520 1721 1000 1867">
    <p class='ocr_par' dir='ltr' id='par_1_9' title="bbox 520 1721 1000 1867">
     <span class='ocr_line' id='line_1_31' title="bbox 520 1721 1000 1768; baseline 0.004 -13"><span class='ocrx_word' id='word_1_344' title='bbox 520 1721 874 1768; x_wconf 70' lang='lat' dir='ltr'><strong>QUAESTIO</strong></span> <span class='ocrx_word' id='word_1_345' title='bbox 926 1722 1000 1758; x_wconf 80' lang='lat' dir='ltr'>vl.</span> 
     </span>
     <span class='ocr_line' id='line_1_32' title="bbox 692 1819 937 1867; baseline 0 -14"><span class='ocrx_word' id='word_1_346' title='bbox 692 1819 847 1867; x_wconf 21' lang='lat' dir='ltr'>Dewloco.</span> <span class='ocrx_word' id='word_1_347' title='bbox 900 1828 937 1865; x_wconf 74' lang='lat' dir='ltr'> </span> 
     </span>
    </p>
   </div>
   <div class='ocr_carea' id='block_1_5' title="bbox 71 1916 1499 2359">
    <p class='ocr_par' dir='ltr' id='par_1_10' title="bbox 71 1916 1499 2359">
     <span class='ocr_line' id='line_1_33' title="bbox 71 1916 1456 2001; baseline -0.001 -49"><span class='ocrx_word' id='word_1_348' title='bbox 71 1917 158 2001; x_wconf 83' lang='lat' dir='ltr'>A</span> <span class='ocrx_word' id='word_1_349' title='bbox 169 1918 346 1954; x_wconf 77' lang='lat' dir='ltr'>Ristoteles</span> <span class='ocrx_word' id='word_1_350' title='bbox 365 1918 385 1955; x_wconf 93' lang='lat' dir='ltr'>l.</span> <span class='ocrx_word' id='word_1_351' title='bbox 398 1933 434 1964; x_wconf 81' lang='lat'>4.</span> <span class='ocrx_word' id='word_1_352' title='bbox 449 1919 544 1969; x_wconf 85' lang='lat' dir='ltr'>Phys.</span> <span class='ocrx_word' id='word_1_353' title='bbox 561 1918 734 1968; x_wconf 86' lang='lat' dir='ltr'>postquam</span> <span class='ocrx_word' id='word_1_354' title='bbox 748 1919 789 1954; x_wconf 91' lang='lat' dir='ltr'>de</span> <span class='ocrx_word' id='word_1_355' title='bbox 813 1924 926 1954; x_wconf 83' lang='lat' dir='ltr'>natura</span> <span class='ocrx_word' id='word_1_356' title='bbox 942 1916 1008 1953; x_wconf 89' lang='lat' dir='ltr'>loci</span> <span class='ocrx_word' id='word_1_357' title='bbox 1033 1916 1172 1954; x_wconf 88' lang='lat' dir='ltr'>multum</span> <span class='ocrx_word' id='word_1_358' title='bbox 1185 1917 1306 1966; x_wconf 90' lang='lat' dir='ltr'>diuque</span> <span class='ocrx_word' id='word_1_359' title='bbox 1320 1916 1456 1965; x_wconf 80' lang='lat' dir='ltr'>disputa-</span> 
     </span>
     <span class='ocr_line' id='line_1_34' title="bbox 170 1964 1499 2015; baseline -0.002 -13"><span class='ocrx_word' id='word_1_360' title='bbox 170 1968 322 2012; x_wconf 85' lang='lat' dir='ltr'>vit‚illius</span> <span class='ocrx_word' id='word_1_361' title='bbox 341 1969 472 2004; x_wconf 86' lang='lat' dir='ltr'>tandem</span> <span class='ocrx_word' id='word_1_362' title='bbox 485 1970 567 2005; x_wconf 88' lang='lat' dir='ltr'>hanc</span> <span class='ocrx_word' id='word_1_363' title='bbox 576 1967 672 2004; x_wconf 45' lang='grc' dir='ltr'>,τᾶ-’Ἕκ</span> <span class='ocrx_word' id='word_1_364' title='bbox 687 1967 938 2004; x_wconf 85' lang='lat' dir='ltr'>definitionem:</span> <span class='ocrx_word' id='word_1_365' title='bbox 959 1969 1064 2001; x_wconf 84' lang='lat' dir='ltr'>Locus</span> <span class='ocrx_word' id='word_1_366' title='bbox 1076 1994 1086 2005; x_wconf 85' lang='grc'><em>,</em></span> <span class='ocrx_word' id='word_1_367' title='bbox 1118 1968 1236 2015; x_wconf 89' lang='lat' dir='ltr'>inquit,</span> <span class='ocrx_word' id='word_1_368' title='bbox 1263 1965 1303 2014; x_wconf 80' lang='lat' dir='ltr'>est</span> <span class='ocrx_word' id='word_1_369' title='bbox 1317 1964 1458 2014; x_wconf 77' lang='lat' dir='ltr'>fhperfi-</span> <span class='ocrx_word' id='word_1_370' title='bbox 1497 2005 1499 2008; x_wconf 17' lang='grc' dir='ltr'><em>Α</em></span> 
     </span>
     <span class='ocr_line' id='line_1_35' title="bbox 72 2013 1456 2066; baseline -0.001 -16"><span class='ocrx_word' id='word_1_371' title='bbox 72 2019 134 2051; x_wconf 86' lang='lat' dir='ltr'>cies</span> <span class='ocrx_word' id='word_1_372' title='bbox 146 2019 251 2065; x_wconf 75' lang='lat' dir='ltr'>prima</span> <span class='ocrx_word' id='word_1_373' title='bbox 267 2016 305 2052; x_wconf 66' lang='grc' dir='ltr'>ὠ·</span> <span class='ocrx_word' id='word_1_374' title='bbox 323 2017 492 2052; x_wconf 81' lang='lat' dir='ltr'>immobilis</span> <span class='ocrx_word' id='word_1_375' title='bbox 515 2020 653 2066; x_wconf 72' lang='lat' dir='ltr'>corporis</span> <span class='ocrx_word' id='word_1_376' title='bbox 667 2016 849 2053; x_wconf 79' lang='lat' dir='ltr'>ambientis.</span> <span class='ocrx_word' id='word_1_377' title='bbox 862 2016 963 2052; x_wconf 88' lang='lat' dir='ltr'>Simul</span> <span class='ocrx_word' id='word_1_378' title='bbox 975 2016 1072 2051; x_wconf 89' lang='lat' dir='ltr'>docet</span> <span class='ocrx_word' id='word_1_379' title='bbox 1082 2015 1190 2051; x_wconf 92' lang='lat' dir='ltr'>locum</span> <span class='ocrx_word' id='word_1_380' title='bbox 1202 2013 1263 2051; x_wconf 78' lang='lat' dir='ltr'>eise</span> <span class='ocrx_word' id='word_1_381' title='bbox 1287 2015 1377 2051; x_wconf 84' lang='lat' dir='ltr'>velut</span> <span class='ocrx_word' id='word_1_382' title='bbox 1399 2026 1456 2049; x_wconf 84' lang='lat' dir='ltr'>vas</span> 
     </span>
     <span class='ocr_line' id='line_1_36' title="bbox 72 2062 1457 2115; baseline -0.001 -16"><span class='ocrx_word' id='word_1_383' title='bbox 72 2064 243 2100; x_wconf 78' lang='lat' dir='ltr'>immobile</span> <span class='ocrx_word' id='word_1_384' title='bbox 256 2095 265 2109; x_wconf 90' lang='lat'>‚</span> <span class='ocrx_word' id='word_1_385' title='bbox 280 2077 317 2101; x_wconf 89' lang='lat' dir='ltr'>ut</span> <span class='ocrx_word' id='word_1_386' title='bbox 326 2078 380 2100; x_wconf 80' lang='lat' dir='ltr'>vas</span> <span class='ocrx_word' id='word_1_387' title='bbox 395 2066 496 2115; x_wconf 88' lang='lat' dir='ltr'>ipsum</span> <span class='ocrx_word' id='word_1_388' title='bbox 508 2063 647 2114; x_wconf 81' lang='lat' dir='ltr'>estquasi</span> <span class='ocrx_word' id='word_1_389' title='bbox 661 2065 748 2102; x_wconf 82' lang='lat' dir='ltr'>locus</span> <span class='ocrx_word' id='word_1_390' title='bbox 766 2065 907 2103; x_wconf 86' lang='lat' dir='ltr'>mobilis.</span> <span class='ocrx_word' id='word_1_391' title='bbox 941 2068 1018 2102; x_wconf 77' lang='lat' dir='ltr'>Duo</span> <span class='ocrx_word' id='word_1_392' title='bbox 1030 2067 1142 2112; x_wconf 78' lang='lat' dir='ltr'>itaque</span> <span class='ocrx_word' id='word_1_393' title='bbox 1161 2065 1202 2099; x_wconf 91' lang='lat' dir='ltr'>ad</span> <span class='ocrx_word' id='word_1_394' title='bbox 1218 2067 1377 2100; x_wconf 71' lang='lat' dir='ltr'>rationem</span> <span class='ocrx_word' id='word_1_395' title='bbox 1393 2062 1457 2098; x_wconf 83' lang='lat' dir='ltr'>loci</span> 
     </span>
     <span class='ocr_line' id='line_1_37' title="bbox 74 2112 1462 2164; baseline 0 -17"><span class='ocrx_word' id='word_1_396' title='bbox 74 2116 239 2164; x_wconf 78' lang='lat' dir='ltr'>&#39;pertinent</span> <span class='ocrx_word' id='word_1_397' title='bbox 250 2144 258 2158; x_wconf 86' lang='lat'>‚</span> <span class='ocrx_word' id='word_1_398' title='bbox 270 2114 432 2162; x_wconf 73' lang='lat' dir='ltr'>aequalitas</span> <span class='ocrx_word' id='word_1_399' title='bbox 443 2129 515 2150; x_wconf 84' lang='lat' dir='ltr'>cum</span> <span class='ocrx_word' id='word_1_400' title='bbox 535 2115 837 2162; x_wconf 55' lang='lat' dir='ltr'>corporelocatm&amp;</span> <span class='ocrx_word' id='word_1_401' title='bbox 848 2114 1074 2152; x_wconf 82' lang='lat' dir='ltr'>immobilitas,</span> <span class='ocrx_word' id='word_1_402' title='bbox 1094 2114 1394 2162; x_wconf 72' lang='lat' dir='ltr'>Qomodo&#39;autem</span> <span class='ocrx_word' id='word_1_403' title='bbox 1410 2112 1462 2147; x_wconf 65' lang='lat'>10⁴⁷</span> 
     </span>
     <span class='ocr_line' id='line_1_38' title="bbox 74 2162 1460 2213; baseline 0.001 -18"><span class='ocrx_word' id='word_1_404' title='bbox 74 2169 126 2195; x_wconf 84' lang='lat' dir='ltr'>cus</span> <span class='ocrx_word' id='word_1_405' title='bbox 138 2162 173 2197; x_wconf 68' lang='lat' dir='ltr'>fit</span> <span class='ocrx_word' id='word_1_406' title='bbox 184 2163 360 2198; x_wconf 81' lang='lat' dir='ltr'>immobilis</span> <span class='ocrx_word' id='word_1_407' title='bbox 371 2194 380 2207; x_wconf 85' lang='lat'><em>‚</em></span> <span class='ocrx_word' id='word_1_408' title='bbox 397 2165 558 2213; x_wconf 83' lang='lat' dir='ltr'>explicatu</span> <span class='ocrx_word' id='word_1_409' title='bbox 569 2166 615 2199; x_wconf 89' lang='lat' dir='ltr'>est</span> <span class='ocrx_word' id='word_1_410' title='bbox 628 2163 758 2200; x_wconf 86' lang='lat' dir='ltr'>difficile</span> <span class='ocrx_word' id='word_1_411' title='bbox 770 2180 778 2202; x_wconf 89' lang='lat'>:</span> <span class='ocrx_word' id='word_1_412' title='bbox 789 2164 914 2200; x_wconf 82' lang='lat' dir='ltr'>tametsi</span> <span class='ocrx_word' id='word_1_413' title='bbox 924 2165 955 2199; x_wconf 88' lang='lat' dir='ltr'>id</span> <span class='ocrx_word' id='word_1_414' title='bbox 972 2165 1112 2199; x_wconf 84' lang='lat' dir='ltr'>maxime</span> <span class='ocrx_word' id='word_1_415' title='bbox 1127 2163 1191 2197; x_wconf 89' lang='lat' dir='ltr'>loci</span> <span class='ocrx_word' id='word_1_416' title='bbox 1213 2174 1359 2198; x_wconf 82' lang='lat' dir='ltr'>naturam</span> <span class='ocrx_word' id='word_1_417' title='bbox 1377 2168 1460 2196; x_wconf 85' lang='lat' dir='ltr'>con-&#39;</span> 
     </span>
     <span class='ocr_line' id='line_1_39' title="bbox 75 2211 1458 2260; baseline 0.001 -17"><span class='ocrx_word' id='word_1_418' title='bbox 75 2211 188 2246; x_wconf 86' lang='lat' dir='ltr'>stituit.</span> <span class='ocrx_word' id='word_1_419' title='bbox 204 2213 358 2260; x_wconf 80' lang='lat' dir='ltr'>Qandiu</span> <span class='ocrx_word' id='word_1_420' title='bbox 376 2217 462 2250; x_wconf 87' lang='lat' dir='ltr'>enim</span> <span class='ocrx_word' id='word_1_421' title='bbox 477 2226 526 2248; x_wconf 85' lang='lat' dir='ltr'>res</span> <span class='ocrx_word' id='word_1_422' title='bbox 543 2227 607 2248; x_wconf 87' lang='lat' dir='ltr'>non</span> <span class='ocrx_word' id='word_1_423' title='bbox 622 2227 774 2249; x_wconf 85' lang='lat' dir='ltr'>movetur</span> <span class='ocrx_word' id='word_1_424' title='bbox 785 2244 795 2258; x_wconf 86' lang='lat'>‚</span> <span class='ocrx_word' id='word_1_425' title='bbox 806 2226 876 2250; x_wconf 86' lang='lat' dir='ltr'>turn</span> <span class='ocrx_word' id='word_1_426' title='bbox 889 2217 921 2249; x_wconf 88' lang='lat' dir='ltr'>in</span> <span class='ocrx_word' id='word_1_427' title='bbox 938 2213 1054 2247; x_wconf 83' lang='lat' dir='ltr'>eodem</span> <span class='ocrx_word' id='word_1_428' title='bbox 1073 2213 1147 2247; x_wconf 92' lang='lat' dir='ltr'>loco</span> <span class='ocrx_word' id='word_1_429' title='bbox 1161 2224 1292 2246; x_wconf 78' lang='lat' dir='ltr'>manere</span> <span class='ocrx_word' id='word_1_430' title='bbox 1311 2212 1458 2259; x_wconf 75' lang='lat' dir='ltr'>concipi-</span> 
     </span>
     <span class='ocr_line' id='line_1_40' title="bbox 76 2260 1461 2310; baseline 0 -17"><span class='ocrx_word' id='word_1_431' title='bbox 76 2270 127 2293; x_wconf 89' lang='lat' dir='ltr'>tur</span> <span class='ocrx_word' id='word_1_432' title='bbox 141 2273 148 2294; x_wconf 72' lang='grc' dir='ltr'><strong>ε</strong></span> <span class='ocrx_word' id='word_1_433' title='bbox 164 2270 199 2294; x_wconf 85' lang='lat' dir='ltr'>ut</span> <span class='ocrx_word' id='word_1_434' title='bbox 214 2273 306 2308; x_wconf 84' lang='lat' dir='ltr'>rupes</span> <span class='ocrx_word' id='word_1_435' title='bbox 332 2264 365 2297; x_wconf 89' lang='lat' dir='ltr'>in</span> <span class='ocrx_word' id='word_1_436' title='bbox 380 2265 492 2298; x_wconf 86' lang='lat' dir='ltr'>medio</span> <span class='ocrx_word' id='word_1_437' title='bbox 504 2265 604 2306; x_wconf 84' lang='lat' dir='ltr'>mari,</span> <span class='ocrx_word' id='word_1_438' title='bbox 616 2265 823 2310; x_wconf 82' lang='lat' dir='ltr'>quantumvis</span> <span class='ocrx_word' id='word_1_439' title='bbox 837 2263 899 2298; x_wconf 83' lang='lat' dir='ltr'>alia</span> <span class='ocrx_word' id='word_1_440' title='bbox 921 2261 1053 2297; x_wconf 87' lang='lat' dir='ltr'>subinde</span> <span class='ocrx_word' id='word_1_441' title='bbox 1077 2272 1160 2308; x_wconf 85' lang='lat' dir='ltr'>aqua</span> <span class='ocrx_word' id='word_1_442' title='bbox 1182 2261 1354 2308; x_wconf 77' lang='lat' dir='ltr'>proluatur.</span> <span class='ocrx_word' id='word_1_443' title='bbox 1375 2260 1461 2295; x_wconf 85' lang='lat' dir='ltr'>Cum</span> 
     </span>
     <span class='ocr_line' id='line_1_41' title="bbox 75 2309 1461 2359; baseline 0.001 -17"><span class='ocrx_word' id='word_1_444' title='bbox 75 2320 122 2342; x_wconf 83' lang='lat' dir='ltr'>res</span> <span class='ocrx_word' id='word_1_445' title='bbox 132 2320 296 2352; x_wconf 87' lang='lat' dir='ltr'>movetur,</span> <span class='ocrx_word' id='word_1_446' title='bbox 315 2314 377 2356; x_wconf 81' lang='lat' dir='ltr'>jam</span> <span class='ocrx_word' id='word_1_447' title='bbox 389 2311 497 2347; x_wconf 83' lang='lat' dir='ltr'>locum</span> <span class='ocrx_word' id='word_1_448' title='bbox 510 2324 627 2347; x_wconf 67' lang='lat' dir='ltr'>mutat.</span> <span class='ocrx_word' id='word_1_449' title='bbox 640 2315 691 2347; x_wconf 87' lang='lat' dir='ltr'>Sic</span> <span class='ocrx_word' id='word_1_450' title='bbox 704 2311 762 2347; x_wconf 92' lang='lat' dir='ltr'>ubi</span> <span class='ocrx_word' id='word_1_451' title='bbox 775 2324 829 2346; x_wconf 88' lang='lat' dir='ltr'>vas</span> <span class='ocrx_word' id='word_1_452' title='bbox 840 2324 923 2359; x_wconf 87' lang='lat' dir='ltr'>aqua</span> <span class='ocrx_word' id='word_1_453' title='bbox 933 2310 1063 2359; x_wconf 84' lang='lat' dir='ltr'>plenum</span> <span class='ocrx_word' id='word_1_454' title='bbox 1074 2309 1229 2354; x_wconf 85' lang='lat' dir='ltr'>defertur,</span> <span class='ocrx_word' id='word_1_455' title='bbox 1244 2323 1311 2345; x_wconf 88' lang='lat' dir='ltr'>non</span> <span class='ocrx_word' id='word_1_456' title='bbox 1323 2322 1379 2345; x_wconf 80' lang='lat' dir='ltr'>vas</span> <span class='ocrx_word' id='word_1_457' title='bbox 1390 2322 1461 2343; x_wconf 86' lang='lat' dir='ltr'>mo·</span> 
     </span>
    </p>
   </div>
   <div class='ocr_carea' id='block_1_6' title="bbox 74 2356 1461 2443">
    <p class='ocr_par' dir='ltr' id='par_1_11' title="bbox 74 2356 1461 2443">
     <span class='ocr_line' id='line_1_42' title="bbox 74 2356 1461 2440; baseline 0.002 -49"><span class='ocrx_word' id='word_1_458' title='bbox 74 2357 118 2440; x_wconf 54' lang='lat'>(1¹30</span> <span class='ocrx_word' id='word_1_459' title='bbox 131 2386 140 2400; x_wconf 82' lang='lat'><strong>‚</strong></span> <span class='ocrx_word' id='word_1_460' title='bbox 156 2356 208 2392; x_wconf 73' lang='lat' dir='ltr'>sed</span> <span class='ocrx_word' id='word_1_461' title='bbox 235 2359 335 2393; x_wconf 79' lang='lat' dir='ltr'>etiam</span> <span class='ocrx_word' id='word_1_462' title='bbox 358 2371 442 2407; x_wconf 87' lang='lat' dir='ltr'>aqua</span> <span class='ocrx_word' id='word_1_463' title='bbox 465 2373 567 2397; x_wconf 79' lang='lat' dir='ltr'>mutat</span> <span class='ocrx_word' id='word_1_464' title='bbox 588 2361 696 2397; x_wconf 83' lang='lat' dir='ltr'>locum</span> <span class='ocrx_word' id='word_1_465' title='bbox 720 2392 730 2407; x_wconf 92' lang='lat'>‚</span> <span class='ocrx_word' id='word_1_466' title='bbox 751 2361 828 2397; x_wconf 78' lang='lat' dir='ltr'>licet</span> <span class='ocrx_word' id='word_1_467' title='bbox 843 2362 960 2397; x_wconf 80' lang='lat' dir='ltr'>eadem</span> <span class='ocrx_word' id='word_1_468' title='bbox 978 2357 1208 2411; x_wconf 48' lang='lat' dir='ltr'>sit-simerficies</span> <span class='ocrx_word' id='word_1_469' title='bbox 1229 2360 1369 2409; x_wconf 77' lang='lat' dir='ltr'>eorporis</span> <span class='ocrx_word' id='word_1_470' title='bbox 1391 2370 1461 2394; x_wconf 71' lang='lat' dir='ltr'>arn&lt;</span> 
     </span>
     <span class='ocr_line' id='line_1_43' title="bbox 107 2418 1311 2443; baseline -0.005 -1"><span class='ocrx_word' id='word_1_471' title='bbox 107 2418 210 2443; x_wconf 80' lang='lat' dir='ltr'>ientis.</span> <span class='ocrx_word' id='word_1_472' title='bbox 1309 2426 1311 2430; x_wconf 86' lang='lat'><em>-</em></span> 
     </span>
    </p>
   </div>
  </div>
 </body>
</html>
