1857 2745
552 111 594 147 M
624 112 658 148 O
677 111 710 147 R
739 112 769 148 A
794 112 821 149 L
844 114 859 148 1
885 114 916 150 S.
1392 131 1410 159 7

38 160 230 198 rationalem
242 190 251 206 ,
266 172 365 210 quam
374 159 561 197 intelleaus
572 159 697 210 ubique
706 191 716 207 ,
728 173 763 198 ut
772 161 873 213 vulgo
887 160 1074 211 loquuntur,
1085 163 1211 215 dirigit,
1227 169 1261 203 &
1273 130 1434 214 quodeims’-

40 210 139 247 modo
162 210 332 248 illuminat.

63 260 214 296 ²Primum
229 263 340 308 itaque
352 271 401 294 res
415 271 451 295 ut
462 258 551 296 bona
563 258 605 294 ab
622 260 788 297 intellectu
805 263 989 311 percipitur,
1004 266 1039 298 &
1050 261 1212 298 voluntati
1225 266 1428 313 proponitur.

29 306 131 344 'Hanc
140 312 387 359 perceptionem
400 308 532 358 simplex
550 308 718 355 voluntas,
743 322 800 346 aut
821 310 1060 359 complacentia
1077 312 1184 347 stat-im
1199 312 1403 361 consequitur
1421 329 1429 351 ε

34 367 103 393 tum
114 357 262 394 voluntas
279 358 481 394 intellecfikum
497 360 635 403 excitat,
650 371 686 394 ut
705 358 894 409 diligentius
912 360 1077 394 examinet
1098 361 1179 396 illius
1198 364 1243 396 rei
1265 363 1428 398 conditio-

24 417 89 440 .·nes
101 433 111 449 ,
124 420 166 442 an
183 407 335 456 consequi
347 420 419 442 eam
431 406 583 455 possimus
606 425 615 450 5
638 420 747 444 utrum
762 408 856 444 nobis
872 408 1034 456 expediat.
1051 410 1217 457 Judicium
1235 411 1426 447 intelle&t‘is

26 456 177 491 intentio
191 456 367 492 voluntatis
383 456 600 504 subsequitur,
625 470 696 505 quae
715 457 884 493 definitum
906 455 1011 492 habet
1030 456 1130 493 finem
1144 488 1153 502 ,
1174 458 1229 493 sed
1247 460 1350 494 media
1372 473 1426 496 aut

28 503 237 542 instrumenta
248 536 257 550 ,
275 519 347 554 quae
360 506 401 540 ad
415 518 489 541 eum
499 506 678 555 perducunt
688 537 697 551 ‚
711 508 856 543 nondum
874 505 944 542 sunt
958 505 1102 543 evoluta.
1124 510 1207 542 Haec
1225 511 1359 556 inquirit
1375 511 1426 546 in-

24 551 202 599 ἸεεΙΙεᾶιιε,
222 554 410 605 diligentius
434 558 620 600 examinat,
639 561 673 593 &
686 556 864 599 deliberem
884 558 922 590 iis
942 554 1092 590 voluntas
1117 557 1277 592 consentit
1293 586 1303 600 ,
1326 564 1359 595 &
1386 571 1425 594 ea

30 605 277 648 quodammodo
293 604 472 653 approbat,
491 618 560 652 quae
577 605 761 641 intelleAEkus
782 605 909 640 solertia
923 606 1226 652 excogitavitttum
1241 618 1331 641 mens
1351 608 1424 642 dili-

29 652 160 698 gentins
174 655 259 701 quod
269 666 308 688 ex
318 653 468 689 omnibus
487 653 523 688 {it
532 653 731 690 utilissimum
741 684 751 698 ,
764 656 897 703 inquirit
905 652 1105 697 ‚intellectus
1114 655 1270 703 judicium
1282 655 1424 703 sequitur

29 700 205 737 voluntatis
218 703 348 738 eleffio.
368 705 480 750 Qiare
490 703 682 738 consultatio
702 704 809 738 media
820 705 955 750 inquirit
968 719 977 746 ς
993 714 1161 751 comparat
1174 733 1182 747 ,
1209 705 1362 753 quodque
1384 718 1423 741 ex

24 748 69 781 -iiS
87 750 123 786 fit
135 750 338 787 utiliffimum
353 780 362 793 ,
376 752 512 801 judicat·
531 751 614 786 lllud
627 754 786 799 Sapientis
803 765 849 801 pr.
865 765 900 798 ¹5·
913 751 1038 799 semper
1061 765 1173 788 manet
1193 752 1422 792 inconculsum.

27 798 237 849 Diffipantur
253 802 457 849 cogitationes
470 829 476 839 ,
503 799 559 834 ubi
568 815 627 835 non
637 801 678 845 est
688 802 862 846 confilium.
874 802 959 836 Cum
972 801 1012 835 ad
1024 812 1147 837 certum
1159 801 1260 838 finem
1277 804 1420 839 actiones

28 849 142 887 ‹nostrae
153 863 219 886 non
239 850 417 898 diriguntur
431 878 441 892 ,
462 861 545 897 vaga
557 849 626 884 sunt
639 855 672 886 &
700 853 822 885 incerta
835 849 974 886 consilia.
997 851 1119 885 Eodem
1143 850 1265 900 spe&at
1279 851 1354 887 illud
1373 865 1423 901 pr.

27 913 82 938 20,
105 900 321 946 Cogitationes
343 899 476 944 confiliis
492 897 692 932 roboramur.

67 945 248 994 objectum
262 944 509 982 consultationis.
516 959 581 981 non
591 947 634 980 est
646 945 730 988 finis,
746 950 845 994 quiin
857 947 1063 996 qua-stionem
1078 961 1142 983 non
1157 952 1249 984 venit
1259 979 1267 992 ,
1282 949 1334 984 sed
1349 962 1419 997 quae

29 997 70 1030 ad
86 996 184 1031 finem
194 996 369 1043 perducunt
384 1006 540 1043 :quaeque
558 1006 591 1028 ut
608 994 764 1042 poffibilia
776 999 850 1032 &in
860 995 968 1031 nostra
981 997 1142 1042 potestate
1157 997 1211 1032 sita
1224 1000 1350 1046 concipi
1360 1000 1418 1032 de-

31 1044 126 1080 bent.
141 1045 229 1078 Hinc
238 1042 357 1079 belluae
373 1057 439 1079 non
451 1042 632 1077 deliberant
642 1071 651 1085 ,
669 1042 756 1090 quod
767 1043 925 1079 libertatis
936 1043 995 1078 sint
1006 1057 1229 1092 experte5‚nec
1243 1050 1417 1094 quicquam

31 1094 161 1143 proprie
178 1092 302 1127 habent
316 1095 347 1127 in
360 1090 411 1127 sua
423 1091 602 1140 potestate:
629 1090 826 1128 electionem
845 1092 986 1139 sequitui·
998 1094 1171 1141 imperium
1185 1124 1194 1139 ‚
1222 1094 1275 1130 seu
1293 1096 1418 1132 ordina.

29 1145 81 1178 tio
103 1141 292 1178 intell-eetfis
306 1171 316 1187 ‚
343 1153 415 1178 tum
435 1139 504 1175 usus
518 1139 715 1184 voluntatis,
729 1141 861 1177 tandem
880 1142 1004 1177 fruitio.

504 1223 549 1269 Q
568 1223 604 1259 U
622 1223 659 1256 AE
682 1225 703 1258 S
724 1224 755 1257 T
783 1224 797 1257 1
824 1225 858 1260 O
915 1224 966 1260 11.

157 1294 217 1341 'De
235 1307 342 1355 prima
362 1303 516 1338 aelianum
541 1302 753 1338 humanarum
785 1306 921 1355 regula,
944 1309 998 1354 [ἐκ
1021 1308 1060 1343 de
1079 1307 1147 1356 lege
1167 1317 1291 1341 aterna.

99 1390 276 1423 Roximtim
287 1387 330 1420 est
339 1396 375 1420 ut
391 1385 431 1419 de
441 1383 590 1419 bonitate
605 1390 639 1421 ὃ(
651 1384 777 1420 malitia
800 1387 967 1422 actionum
978 1388 1194 1423 humanatum
1207 1389 1368 1423 dicamus:
1384 1388 1418 1421 id

101 1439 188 1472 enirn
205 1437 347 1470 maxime
365 1435 439 1469 huic
459 1432 594 1468 scientia:
607 1434 649 1468 est
663 1432 862 1481 propositum
875 1462 885 1477 ,
902 1447 938 1470 ut
948 1438 1027 1483 quid
1043 1439 1166 1471 reorum
1177 1436 1212 1470 fit
1227 1465 1237 1480 ‚
1252 1436 1331 1483 quid
1346 1448 1417 1483 per-

33 1486 159 1523 versum
169 1484 327 1532 dijudicet.
341 1483 407 1517 Sed
419 1495 489 1530 quae
498 1480 558 1517 sint
572 1483 733 1530 praecipuae
750 1496 878 1518 morum
899 1485 1014 1533 regulae
1028 1485 1068 1518 ad
1082 1497 1162 1533 quas
1176 1484 1235 1519 fint
1249 1484 1417 1531 exigendi,

31 1537 110 1572 ante
125 1533 171 1569 est
188 1532 406 1568 definiendum
427 1545 434 1566 :
458 1531 506 1565 lais
518 1533 605 1566 enim
621 1532 776 1579 ignoratis
789 1560 798 1574 ,
819 1532 907 1567 unde
930 1534 1075 1568 aetiones
1099 1535 1208 1568 nostrae
1232 1532 1416 1568 bonitatem

30 1584 138 1627 suam,
156 1594 211 1617 aut
221 1584 415 1626 pravitatem
436 1579 600 1616 desumant
613 1609 623 1623 ‚
645 1581 791 1615 constitui
805 1581 896 1616 nullo
911 1583 1016 1616 modo
1033 1583 1149 1630 potest.

68 1635 117 1669 Ac
131 1630 315 1680 primumid
333 1629 437 1677 liquet
448 1631 592 1665 actiones
604 1629 720 1664 nostras
735 1640 804 1664 tum
817 1630 963 1665 Morales
974 1631 1037 1665 dici
1053 1660 1062 1674 ‚
1080 1644 1151 1666 cum
1166 1631 1206 1664 ad
1224 1631 1309 1666 suam
1320 1643 1415 1680 regu-

35 1681 99 1717 lam
111 1681 312 1722 referuntur3
327 1690 463 1726 cumque
476 1679 550 1714 huic
561 1681 759 1714 conveniunt
772 1707 783 1722 ,
801 1678 897 1715 bonae
914 1696 923 1722 ς
936 1679 993 1714 ubi
1004 1679 1046 1714 ab
1060 1693 1098 1714 ea
1108 1680 1283 1715 deflectunt
1295 1709 1304 1723 ‚
1325 1680 1416 1715 malae

26 1731 212 1780 judicantur
228 1743 235 1764 :
255 1728 336 1762 adeo
349 1740 385 1761 ut
403 1727 534 1762 moralit
546 1740 568 1761 is
589 1727 666 1761 nihil
680 1726 716 1762 sit
732 1739 849 1775 praeter
866 1728 957 1763 illam
971 1731 1211 1777 coaptationem
1226 1757 1235 1770 ‚
1255 1739 1310 1762 aut
1327 1741 1418 1763 com-

33 1777 305 1815 mensurationem
320 1776 450 1810 aCtuum
463 1776 679 1810 humanorum
692 1789 763 1810 cum
781 1777 891 1825 regula
902 1807 911 1821 ,
931 1778 971 1811 ad
983 1790 1079 1824 quani
1091 1776 1317 1825 exigidebent.
1335 1779 1416 1812 Non

34 1827 307 1863 enimMoralitas
327 1825 412 1859 aliud
428 1824 583 1871 quiddam
602 1824 646 1858 est
667 1825 768 1871 quam
788 1826 870 1860 ordo
883 1855 893 1868 ,
912 1838 1011 1872 quem
1036 1829 1119 1860 ratio
1139 1829 1171 1860 in
1190 1824 1297 1859 liberis
1310 1827 1415 1860 adrio-

34 1876 129 1913 nibus
156 1873 279 1917 efficit,
305 1874 394 1923 isque
419 1872 594 1908 desumitur
629 1871 671 1907 ab
695 1872 829 1922 objecto
844 1874 914 1923 ipso
924 1903 934 1919 ,
952 1885 1107 1923 quatenus
1117 1875 1157 1909 ad
1168 1874 1312 1923 regulam
1330 1873 1416 1910 suam

35 1924 186 1962 refertur.

67 1975 157 2010 Cum
169 1985 279 2009 autem
291 2002 301 2018 ,
325 1984 364 2008 ut
375 1972 472 2007 docet
489 1974 520 2007 S.
531 1971 680 2008 Thomas
701 1983 725 2007 i.
742 1984 766 2007 2.
781 1983 840 2019 qu.
855 1985 898 2015 71.
913 1982 970 2008 att.
983 1980 1012 2009 6.
1028 1971 1138 2020 tegula
1155 1970 1335 2007 voluntatis
1355 1971 1415 2006 hu-

35 2035 135 2060 manae
152 2021 188 2058 sit
200 2023 319 2072 duplex
337 2038 346 2066 3
370 2033 432 2057 una
447 2024 628 2070 propinqua
646 2026 680 2057 &
697 2021 924 2068 homogenea,
943 2021 1064 2056 'scilicet
1076 2021 1217 2056 humana
1229 2022 1311 2054 ratio
1327 2035 1336 2063 ·,
1352 2019 1416 2054 alia

35 2071 116 2107 verb
134 2070 170 2106 sit
188 2074 290 2120 prima
302 2072 505 2108 &remotior
517 2099 526 2114 ‚
545 2069 663 2104 scilicet
684 2069 734 2104 lex
759 2080 876 2104 aeterna
892 2100 900 2114 ‚
919 2083 989 2118 quae
1007 2070 1051 2105 est
1071 2068 1159 2117 quas.
1171 2071 1253 2104 ratio
1269 2072 1355 2111 Dei3
1373 2069 1415 2103 de

35 2133 170 2168 utraque
186 2118 331 2156 nobisvfic
346 2120 504 2169 agendum
516 2148 524 2162 ‚
545 2131 581 2153 ut
604 2120 686 2167 prius
703 2119 744 2153 de
753 2130 875 2154 aeterna
891 2120 962 2169 lege
975 2149 985 2164 ,
999 2132 1071 2167 quae
1089 2120 1194 2154 omnis
1217 2118 1415 2153 reaitudinis

38 2170 298 2219 principiumuest
309 2175 343 2206 ’δε
354 2169 444 2203 radix
456 2197 465 2212 ,
486 2166 680 2203 differamus.

79 2218 383 2266 Legemuniversim
395 2217 542 2253 nonnulli
553 2215 714 2252 definiunt
725 2218 866 2266 regulam
882 2216 1007 2251 anuum
1019 2217 1200 2251 Moralium
1220 2213 1412 2263 obligantem

41 2267 86 2300 ad
97 2266 132 2299 id
141 2268 225 2312 qnod
236 2269 350 2302 nestum
361 2268 411 2312 est.
435 2266 536 2303 Unde
545 2279 612 2301 non
629 2266 668 2300 ad
677 2267 801 2314 justitiae
812 2264 910 2302 modo
920 2294 929 2308 ,
947 2265 1000 2300 sed
1011 2266 1049 2300 ad
1064 2265 1197 2300 aliarum
1207 2276 1337 2311 quoque
1347 2265 1413 2297 vir-

38 2327 142 2350 tutum
156 2317 330 2349 materiam
345 2343 353 2354 ‚
377 2322 409 2352 &
421 2317 460 2350 ad
471 2316 502 2349 id
519 2327 618 2350 omne
628 2315 717 2361 quod
728 2318 848 2351 redium
863 2314 908 2349 est
920 2344 927 2358 ‚
952 2317 1086 2349 omnino
1098 2316 1246 2361 pertinet.
1271 2310 1415 2347 Consilia

39 2364 120 2399 vero
133 2393 142 2407 ,
163 2373 296 2411 quaeque
305 2363 441 2399 honesta
450 2364 583 2411 quidem
595 2393 604 2408 ,
622 2363 674 2400 sed
685 2375 752 2401 non
765 2363 943 2413 obligantia
952 2365 1138 2412 praecip'iunt
1147 2392 1158 2408 ,
1185 2362 1262 2410 legis
1282 2362 1416 2396 nomine

40 2424 97 2450 alut
129 2415 262 2449 notione
285 2425 352 2449 non
375 2415 594 2450 continentur.
