1857 2745
274 123 331 167 586
700 112 1227 151 METAPHYSICAE-

275 167 382 216 sophis
396 166 590 214 requiritur,
608 174 718 199 utrum
730 166 912 199 animarum
926 161 1154 198 immortalitas
1176 160 1360 197 rationibus.
1372 172 1438 197 non
1458 158 1576 198 suaderi
1601 175 1676 197 mo-

278 217 322 253 do
337 246 346 260 ‚
371 215 422 251 sed
436 216 534 249 etiam
549 212 732 261 persuaderi
752 211 857 262 possit.
872 211 1023 260 Plerique
1035 213 1122 246 enim
1136 213 1237 246 etiam
1247 210 1413 245 Catholici
1426 212 1461 244 in
1478 221 1514 244 ea
1523 209 1675 260 suntopi-

278 268 378 302 nione
392 294 401 308 ,
419 276 454 298 ut
465 263 496 297 id
513 260 576 297 soli
594 261 657 298 [ide
669 274 793 298 certum
808 261 845 297 sit
857 291 867 306 ‚
880 261 968 297 nulla
984 260 1259 296 demonstratione
1271 259 1441 296 firmatum.
1457 258 1564 295 Nobis
1582 261 1676 295 aliter

277 314 412 362 quidem
422 313 549 348 videtur
559 342 568 356 ‚
584 325 644 348 nec
653 313 827 360 quicquam
851 309 911 348 effe
929 314 962 346 in
974 309 1182 360 Philosophia
1198 339 1208 354 ,
1226 309 1247 345 fi
1260 312 1323 345 Dei
1338 309 1541 345 existentiam
1553 315 1587 347 δε
1599 322 1677 357 pro-

280 363 462 400 videntiam
478 364 621 410 excipias
635 389 644 404 ,
666 363 755 410 quod
779 360 996 405 firmioribus,
1022 366 1056 398 &
1072 362 1174 410 magis
1188 358 1376 396 inconcuffis
1398 357 1580 394 rationibus
1603 372 1677 394 mu-

280 415 397 449 niatur.
416 413 544 449 Nostrae
557 423 666 446 autem
682 411 752 446 sunt
767 423 872 460 partes
885 422 928 447 ex
943 413 1121 447 innumeris
1133 423 1218 458 pene
1239 422 1318 458 quas
1329 408 1488 445 Platonici
1503 410 1683 458 imprimis,

281 467 318 500 &
336 459 711 510 ChristianiPhilosophi
726 460 925 505 attulerunt,
945 462 1085 509 optimas
1098 459 1232 508 seligere
1246 473 1254 495 z
1270 471 1306 493 ac
1320 456 1463 507 primurn
1473 470 1525 492 eas
1541 471 1614 505 quae
1629 461 1683 494 in-

282 510 420 548 tellestu
436 509 508 546 sunt
518 510 682 545 faciliores
695 540 704 554 ,
715 523 849 558 quaeque
882 523 922 545 ex
938 510 1066 546 Ethices
1087 510 1250 558 principiis
1265 509 1427 543 ducuntur
1439 536 1449 552 ‚
1465 507 1686 556 proferemus,

318 568 363 598 1⁰.
379 564 495 609 ltaque
513 559 623 596 iisdem
637 572 722 609 pene
742 558 924 595 rationibus
949 562 999 594 uti
1024 558 1186 607 possumus
1199 587 1209 602 ,
1229 570 1309 606 quas
1335 556 1424 606 supra
1447 556 1656 592 adhibuimus
1671 586 1684 600 ‚

284 623 360 647 cum
378 611 418 645 de
429 611 595 645 existentia
612 612 678 645 Dei
691 622 861 659 ageremus
872 638 882 653 ,
894 620 1034 657 quaeque
1056 621 1093 644 ex
1107 610 1273 644 communi
1286 605 1356 642 fere
1380 609 1527 642 omnium
1538 607 1687 641 testimo-

283 662 363 704 nio,
379 673 418 695 ex
433 662 499 696 Dei
514 660 747 708 providentia,
771 672 809 696 ex
828 659 946 695 ultimo
959 659 1128 694 hominum
1153 656 1218 693 fine
1233 658 1404 692 ducuntur.
1427 657 1516 692 Nam
1543 658 1686 692 incorru-

285 721 361 759 ptos
373 721 504 744 manete
523 710 650 744 animos
663 738 674 752 ,
687 722 755 744 non
772 709 870 744 sancti
882 707 983 744 modo
999 711 1108 744 Patres
1126 736 1136 750 ,
1159 719 1195 747 ut
1208 710 1238 742 S.
1251 709 1334 755 Aug.
1354 705 1414 741 lib.
1431 706 1472 740 de
1489 704 1689 740 immortali-

288 771 322 795 te
334 761 450 794 animae
462 788 472 802 ,
492 763 525 796 &
546 758 678 794 Tertul.
694 758 754 795 lib.
768 760 894 808 integro
906 759 946 792 de
961 759 1144 794 testimonio
1152 758 1269 792 animae
1280 786 1290 800 ‚
1305 755 1356 791 sed
1371 757 1469 790 etiam
1489 757 1538 790 M.
1556 753 1686 791 Tullius

286 807 462 857 colligitex
472 810 684 845 communi&
698 807 831 857 publice
847 819 980 856 recepta
996 808 1167 842 hominum
1179 803 1388 854 persuasione.
1411 806 1528 851 Atque
1544 804 1618 842 haec,
1633 805 1689 839 in·

314 859 364 893 uit
377 886 388 902 ,
407 861 456 892 ita
461 859 616 904 sentimus
626 867 744 892 natura
754 857 833 893 duce
843 887 856 902 ,
878 858 972 892 nulla
991 859 1114 892 ratione
1126 884 1134 894 ,
1147 856 1300 902 nullaque
1313 854 1463 889 doarina.
1489 855 1579 888 Hinc
1589 856 1690 888 omni-

288 870 347 943 aas
355 909 537 954 curaefimt,
560 905 600 942 (θ’
619 910 761 941 maxime
788 907 918 954 quidem
927 919 990 953 quae
999 904 1202 955 postmortem
1210 904 1331 950 fictura
1363 914 1420 936 um
1436 918 1446 945 3
1464 901 1503 937 ὦ
1524 901 1689 948 m‘fiinhae-

288 967 373 992 reret
384 959 417 990 in
432 954 589 991 mentibus
599 955 873 1004 quastsivctilorum
884 955 1048 1002 quoddam
1060 955 1231 1003 angurium
1241 953 1430 998 futurorum
1441 979 1449 990 ‚
1476 954 1548 998 quis
1563 963 1630 986 tam
1647 955 1692 998 ‘st

280 1006 333 1053 fi’t
347 1018 455 1040 amens
466 1008 524 1052 qui
524 1007 654 1055 semper
662 1007 695 1040 in
707 1003 870 1040 laboribus
881 1006 1035 1039 viveret?
1055 1004 1221 1047 roirca
1231 1014 1267 1037 nt
1280 999 1494 1037 firmiffimum
1505 1001 1569 1036 hoc
1583 999 1695 1036 afferri>

291 1066 386 1102 putat
398 1067 452 1089 cur
469 1055 638 1090 credamus
652 1057 763 1090 Deum
781 1052 862 1098 effe,
876 1052 964 1102 quod
977 1052 1064 1089 nulla
1073 1065 1152 1103 gens
1164 1064 1230 1088 tam
1243 1051 1313 1086 fera
1327 1080 1336 1093 ,
1352 1064 1450 1086 nemo
1462 1052 1608 1086 omnium
1625 1061 1696 1087 tam

291 1102 327 1138 fit
341 1106 502 1148 immanis,
512 1108 598 1154 cujus
609 1116 758 1140 mentem
773 1117 842 1139 non
852 1103 1004 1139 imbuerit
1014 1103 1153 1137 deorum
1169 1103 1302 1150 opinio:
1316 1099 1356 1135 fic
1367 1112 1558 1149 permanere
1569 1102 1693 1135 animas

293 1165 416 1202 magno
428 1151 490 1187 eise
502 1165 697 1202 argumento
709 1153 873 1188 existimat
884 1151 1072 1188 consensum
1083 1154 1229 1186 omnium
1238 1150 1308 1186 fere
1318 1152 1598 1186 nationum.Nam
1613 1150 1697 1184 omni

295 1203 424 1248 quidem
434 1202 466 1236 in
488 1202 805 1248 re‚inquit,conss²nfio
820 1203 958 1235 onmium
968 1204 1113 1249 gentium
1130 1201 1183 1234 lex
1203 1199 1343 1245 quiedam
1354 1209 1472 1233 naturae
1485 1197 1633 1248 putanda
1644 1197 1695 1243 est.

326 1251 397 1285 Sed
413 1253 565 1296 inquiunt
582 1279 592 1294 ,
607 1253 757 1298 Epicurus
773 1280 781 1294 ,
801 1255 834 1288 &
852 1248 908 1284 alii
921 1249 1054 1297 quidam
1064 1247 1251 1297 Philosophi
1276 1250 1474 1283 contrarium
1492 1247 1668 1283 senserunt.

333 1300 419 1345 Resp.
438 1299 519 1334 nihil
537 1301 656 1334 mirum
670 1297 730 1335 effe
743 1298 764 1333 fi
787 1297 974 1346 Philosophi
991 1300 1048 1345 qui
1064 1297 1093 1333 se
1107 1297 1296 1346 corporibus
1316 1308 1402 1331 totos
1427 1297 1605 1339 dederunt,
1625 1309 1694 1332 non

300 1348 441 1384 viderint
454 1347 525 1395 plus
536 1348 659 1395 aliquid
671 1360 783 1385 mente
797 1347 899 1395 quam
909 1359 1052 1394 corpore.
1069 1348 1170 1392 Quod
1182 1346 1203 1380 si
1215 1346 1328 1392 aliquis
1343 1345 1428 1381 fort&
1441 1358 1505 1380 uno
1518 1345 1629 1388 oculo,
1641 1356 1697 1381 aut

297 1397 381 1446 pede
399 1397 569 1432 mulctatus
583 1397 739 1441 nascitur,
760 1410 829 1432 non
847 1395 924 1430 ideo
938 1393 1130 1444 negabimus
1142 1424 1151 1439 ‚
1166 1395 1245 1429 duos
1266 1393 1378 1429 oculos
1392 1422 1402 1436 ‚
1426 1405 1480 1428 aut
1497 1394 1575 1428 duos
1597 1395 1697 1442 pedes

299 1447 340 1481 ad
353 1458 500 1481 naturam
512 1446 653 1482 hominis
669 1448 845 1496 pertinere,
863 1447 986 1492 Neque
1009 1444 1093 1479 adeo
1109 1441 1131 1478 si
1151 1446 1344 1480 minutiores
1366 1444 1499 1491 quidam
1509 1442 1699 1492 Philosophi

299 1497 426 1530 animos
440 1496 530 1530 velut
543 1497 648 1545 capite
663 1498 859 1532 damnarunt
873 1524 881 1539 ‚
901 1494 1027 1529 idcirco
1042 1492 1139 1530 nobis
1158 1505 1305 1530 naturam
1322 1493 1422 1541 ipsam
1437 1493 1478 1527 de
1502 1493 1703 1528 immortali-

302 1556 371 1579 tate
387 1547 572 1580 animorurn
588 1548 719 1581 tacitam
731 1546 872 1593 Judicare
884 1543 1071 1592 negandum
1089 1544 1143 1580 est.
1174 1546 1261 1580 Nam
1281 1541 1437 1578 omnibus
1454 1540 1560 1578 infitus
1574 1542 1618 1577 est
1630 1571 1641 1586 ,
1664 1554 1703 1577 ut

302 1593 510 1629 beatitudinis
525 1593 563 1629 lic
577 1598 768 1630 aeternitatis
780 1607 893 1630 amor:
911 1604 1034 1628 caeterae
1045 1593 1176 1641 quidem
1189 1596 1370 1628 animantes
1383 1594 1466 1628 mori
1481 1591 1638 1635 recusant,
1647 1589 1702 1626 sed

304 1645 520 1678 aeternitatem
539 1643 660 1693 ipsam,
678 1657 733 1680 aut
746 1644 932 1680 feliciorem
943 1645 1096 1678 vitamne
1116 1644 1263 1691 cogitant
1284 1642 1430 1689 quidem.
1453 1644 1528 1678 Nec
1548 1641 1703 1677 audiendi

301 1691 370 1727 sunt
385 1695 558 1741 Epicurei,
578 1696 635 1741 qui
652 1695 896 1743 providentiam
914 1694 977 1728 Dei
997 1691 1205 1728 sustulerunt:
1227 1692 1303 1727 hinc
1320 1693 1407 1726 enim
1423 1690 1633 1727 firmissimum
1649 1702 1702 1725 ar-

301 1754 490 1791 gumentum
505 1756 563 1791 pro
581 1743 831 1779 immortalitate
848 1745 1034 1778 animorum
1052 1743 1183 1775 eruitur.

343 1799 387 1830 2⁰.
405 1795 449 1827 Ex
461 1795 524 1828 Dei
536 1796 648 1840 itaque
660 1794 869 1841 providentia
887 1794 1092 1839 incorruptos
1107 1802 1239 1826 manere
1257 1793 1382 1826 animos
1403 1788 1441 1824 fic
1459 1789 1703 1825 demonstratur.

307 1841 445 1876 Certum
464 1842 506 1877 est
525 1841 598 1876 huic
613 1842 763 1878 universo
778 1854 936 1889 tanquam
949 1839 1153 1884 Reipublicae
1168 1840 1253 1875 bene
1282 1840 1456 1875 constitutae
1473 1836 1597 1886 praeeffe
1616 1838 1700 1873 sum-

303 1903 393 1926 mum
409 1891 639 1941 principem‘&
651 1891 913 1935 moderatorem,
936 1892 992 1939 qui
1006 1889 1042 1925 fit
1055 1895 1088 1926 δε
1106 1892 1233 1924 virtutis
1247 1900 1485 1931 remunerator,
1499 1892 1532 1924 δι
1549 1886 1702 1922 scelerum

303 1941 436 1975 vindex.
456 1942 574 1986 Neque
589 1945 683 1979 enim,
699 1953 736 1976 ut
755 1944 800 1977 ait
812 1942 1061 1984 Cicer0‚temere
1073 1937 1324 1985 &fhrtuitbfhti
1337 1937 1375 1973 ὠ
1387 1940 1489 1972 creati
1495 1938 1606 1982 fiamus
1620 1951 1628 1971 ς
1641 1947 1703 1971 nec

304 1992 396 2026 Deus
409 1989 465 2025 nifi
477 1991 573 2038 justus
589 1989 651 2026 esse
664 1991 783 2040 potest.
796 1992 857 2027 Sed
872 1989 892 2025 si
904 1990 1008 2026 homo
1023 2002 1095 2024 cum
1112 1990 1248 2023 moritur
1260 2013 1276 2032 5
1291 1988 1437 2023 funditus
1457 1988 1595 2020 intereat
1605 2013 1615 2028 ,
1634 1998 1704 2021 rna..

305 2038 337 2073 le
353 2039 533 2074 consultum
548 2042 611 2074 erit
636 2040 826 2076 hominibus
843 2069 853 2084 ‚
880 2046 914 2077 &
932 2039 1011 2074 boni
1030 2051 1124 2073 erunt
1145 2037 1346 2077 infeliciores
1376 2038 1412 2070 iis
1431 2035 1487 2081 qui
1505 2033 1535 2068 se
1559 2036 1646 2070 vitiis
1667 2040 1705 2072 δε

307 2087 482 2122 sceleribus
496 2091 793 2124 contaminaverint
806 2119 815 2132 ‚
833 2101 870 2123 ac
883 2090 984 2123 virtus
998 2088 1048 2123 sua
1065 2088 1216 2121 mercede
1233 2084 1445 2120 fraudabitur.
1466 2086 1547 2131 Ergo
1562 2095 1599 2118 ex
1619 2086 1711 2121 veris,

306 2142 341 2174 δε
356 2136 545 2172 indubitatis
559 2137 696 2173 Mora¹is
709 2137 926 2187 Philosophiae
934 2138 1098 2187 principiis
1109 2138 1197 2171 reete
1209 2135 1391 2183 colligimus
1402 2135 1528 2167 animos
1538 2133 1607 2180 post
1615 2145 1704 2167 mor-

308 2198 375 2222 tem
387 2189 589 2236 incorruptos
600 2200 740 2224 manere.
765 2190 932 2221 Nimirum
952 2189 1053 2225 enim,
1073 2198 1110 2221 ut
1124 2188 1170 2220 ait
1183 2186 1319 2220 Platoin
1334 2182 1522 2225 Phaedone,
1546 2185 1640 2231 impii
1653 2183 1705 2216 lu-

313 2247 480 2270 crarentnr
496 2265 503 2275 ,
524 2237 591 2272 cicm
606 2236 626 2271 >z
638 2248 762 2284 corpore
777 2237 815 2272 (ΥΤ
832 2235 852 2270 ἃ
880 2239 932 2270 (ita
956 2238 1124 2284 pravitate
1147 2234 1369 2268 liberarentur.

342 2286 585 2330 Sedjnquimst,
601 2289 698 2321 virtus
711 2285 810 2335 seipsa
826 2287 866 2321 ad
884 2285 971 2321 bene
983 2284 1144 2332 beateque
1157 2283 1332 2319 vivendum
1343 2280 1560 2316 contentaest:
1584 2282 1709 2328 impro-

308 2330 368 2365 bos
385 2346 494 2370 autem
506 2333 586 2371 saeva
597 2334 790 2371 conscientia
812 2346 957 2383 torquet,
976 2340 1009 2372 δε
1022 2333 1173 2368 scelerum
1185 2332 1331 2366 infamia:
1346 2332 1428 2365 adeo
1439 2342 1474 2364 ut
1484 2341 1705 2372 iiietus‚error‚

310 2383 465 2428 aegritudo
475 2387 587 2430 animi,
592 2386 693 2422 tristes
705 2384 881 2423 libidinum
890 2387 992 2422 exitus
1005 2381 1203 2421 facinorosos
1216 2381 1502 2430 discrucientzErgo
1509 2379 1590 2416 nihil
1600 2376 1710 2424 neces„
