1857 2745
331 132 391 161 615
731 124 1296 166 METAPHYSICAE,
1347 132 1349 134 '

872 206 1054 240 Solvuntur
1071 205 1266 251 objefflones.

380 269 465 318 Opp.
482 284 506 307 J.
530 273 610 307 Non
631 273 739 322 potest
759 272 944 308 intellectus
960 273 1006 306 rei
1022 272 1157 319 cognitae
1173 269 1414 308 fimilitudinem
1435 277 1615 324 exprimere
1627 305 1638 321 ,
1655 279 1714 315 nifi

333 317 473 353 formam
494 320 615 356 habeat
633 322 755 370 objecti
768 323 858 370 quod
870 323 1007 372 percipit
1022 334 1030 355 :
1054 320 1107 354 sed
1130 319 1237 354 forma
1255 320 1311 357 illa
1325 335 1395 358 non
1412 322 1497 359 aliud
1512 325 1573 362 effe
1597 330 1711 375 potest,

330 365 510 415 nifispecies
522 369 668 418 impreisa
680 400 690 415 ,
707 384 776 419 quae
796 384 870 407 cum
888 383 945 420 per
966 368 1067 406 sensus
1079 367 1211 404 subierit
1228 397 1238 412 ,
1250 371 1315 407 &a
1326 373 1359 406 vi
1376 373 1593 422 imaginatrice
1603 377 1713 424 perfe-

329 415 411 450 etius
425 416 524 452 fuerit
538 419 716 464 elaborata,
733 420 914 469 supremam
930 419 1004 454 huic
1012 430 1145 456 manum
1156 418 1339 455 intelleetus
1351 433 1450 469 agens
1462 425 1609 472 imponit,
1622 428 1711 462 Nam

330 464 431 512 ipsum
453 465 556 502 adeffe
577 468 743 517 objedtum
762 470 962 518 non-potest:
985 480 1062 517 ergo
1074 466 1287 516 perspeciem
1301 468 1347 503 fiii
1362 473 1517 507 vicariam
1540 472 1599 511 listi
1612 473 1711 511 debet

328 524 363 547 ut
383 515 589 552 intellectum
615 531 769 563 moveat,
786 524 819 556 &
837 519 877 553 ad
900 520 1122 567 cognitionem
1135 517 1339 553 determinet·
1509 523 1514 530 ’

362 564 450 612 R‘fi’·
468 567 540 601 Nos
560 579 667 603 terum
677 570 832 618 imagines
847 578 1079 616 ‚quocumque
1089 577 1246 601 vocentur
1263 569 1396 603 nomine
1408 598 1420 612 ,
1432 581 1488 605 aut
1505 570 1621 619 species
1632 600 1643 616 ,
1657 584 1713 609 aut

327 612 413 647 ideas
435 626 502 649 non
520 618 676 664 rejicere,
694 617 747 652 sed
772 629 942 666 negamus.
956 628 1009 651 eas
1027 614 1069 650 ab
1089 613 1257 650 intellectu
1278 629 1418 665 agente,
1444 631 1485 653 eo
1502 632 1567 667 quo
1584 620 1711 671 fingunt

326 662 428 696 modo
442 663 595 699 illustrati
613 677 667 700 aut
679 679 732 701 eas
746 666 788 701 ab
809 665 878 715 ipfis
897 662 1163 715 perceptionibus
1183 664 1243 698 effe
1257 666 1426 703 distinctas.
1442 670 1532 704 'Non
1541 671 1629 704 enim
1648 683 1711 719 po-

325 710 382 744 test
404 712 587 748 intellectus
603 726 701 764 agens
719 714 925 764 objectorum
943 716 1099 763 imagines
1119 713 1345 762 depingere‚³fi
1362 715 1444 751 nihil
1459 716 1523 764 ipse
1546 721 1710 767 percipiat.

324 762 445 807 Neque
463 773 572 797 earum
588 775 693 800 rerum
706 777 784 812 quas
802 768 833 800 in
849 764 946 813 seipsa
958 775 1058 800 »mens
1077 764 1221 798 intuetur
1234 790 1245 805 ,
1264 775 1300 798 ut
1319 766 1450 813 gaudii,
1468 770 1586 802 amoris
1602 797 1613 811 ,
1630 768 1711 805 defi..

324 811 361 842 rii
377 837 386 852 ‚
404 808 527 845 neceffe
547 812 590 846 est
606 824 641 848 ut
659 813 781 849 habeat
797 814 852 849 vel
878 812 1102 863 phantasmata
1114 833 1130 855 ,ι
1141 811 1194 846 vel
1212 812 1372 860 impreffas
1401 816 1556 863 imagines
1571 831 1579 853 :
1595 816 1710 854 harum

323 860 411 893 enim
428 859 475 896 est
491 859 636 897 conscia:
657 865 764 898 Deum
776 865 964 900 &rationes
981 874 1088 897 rerum
1101 860 1304 906 universales,
1325 874 1381 898 aut
1399 862 1555 911 spiritales
1577 877 1617 900 eo
1634 880 1712 903 mo-

323 907 367 942 do
377 908 561 956 cognoscit,
580 922 646 958 quo
661 910 741 946 alibi
761 912 896 948 diximus
905 925 1005 960 .;quae
1022 922 1103 945 vero
1122 907 1194 944 sunt
1215 923 1273 958 per
1295 911 1396 946 sensus
1413 925 1546 960 accepta
1564 915 1708 951 intuetur

323 958 358 991 in
368 957 609 1004 phantasmatis,
624 961 687 994 Sed
697 961 737 995 ad
749 960 972 1009 phantasmata
982 989 992 1003 ,
1002 971 1058 994 aut
1070 957 1207 993 cerebro
1219 959 1384 1008 -impreffas
1400 962 1554 1010 imagines
1579 976 1645 999 non
1659 976 1710 1000 at-

325 1007 448 1049 tendit,
465 1019 539 1042 cum
553 1020 601 1043 res
613 1008 717 1044 sensus
732 1009 820 1045 sensu
836 1021 1004 1060 perceptas
1016 1007 1298 1057 suriz-singularitate
1309 1012 1418 1046 exuit:
1432 1010 1508 1045 licet
1521 1011 1609 1047 forte
1632 1025 1707 1050 cum

321 1054 550 1103 phantasmatis
570 1070 624 1092 eas
640 1058 820 1108 perspiciat.

370 1104 502 1153 Opp.20
523 1108 590 1141 Res
626 1120 783 1156 corporea
816 1108 992 1157 spiritalem
1013 1104 1204 1142 facultatem
1231 1118 1365 1142 movere
1387 1120 1454 1142 non
1481 1109 1587 1156 potest
1607 1138 1617 1153 ‚
1651 1120 1707 1145 aut

323 1151 500 1187 informare
525 1169 532 1190 :
555 1167 633 1203 ergo
648 1155 772 1192 neceffe
787 1158 833 1192 est
851 1169 887 1192 ut
906 1157 1025 1204 species
1060 1156 1081 1190 a
1102 1156 1198 1191 rebus
1224 1167 1386 1204 acceptat,
1402 1169 1538 1204 quaeque
1555 1157 1706 1207 phantas-

322 1212 410 1235 mata
421 1201 483 1236 dici
499 1202 620 1247 solent,
633 1204 816 1240 intellefitus
834 1208 959 1254 agentis
986 1206 1059 1239 luce
1076 1216 1252 1253 purgentur
1271 1233 1282 1248 ,
1298 1211 1332 1241 &
1347 1207 1379 1240 in
1397 1205 1568 1242 meliorem
1588 1206 1706 1244 sortem

322 1251 552 1295 commiorent,
567 1265 634 1299 quo
644 1253 845 1289 intelleChim
861 1252 1043 1302 poffibilem
1052 1251 1194 1296 afficere,
1206 1252 1335 1300 &quali
1349 1254 1468 1289 foetare
1479 1255 1610 1290 valeant
1620 1269 1706 1293 :non

323 1301 411 1334 enim
443 1299 594 1335 imulacra
618 1314 794 1350 corporea,
811 1303 863 1337 sed
875 1314 924 1338 res
938 1302 1092 1351 spiritales
1107 1331 1117 1344 ‚
1136 1308 1170 1339 &
1187 1300 1382 1337 universales
1392 1307 1457 1350 jam
1472 1303 1705 1349 abstraetaes&

320 1346 405 1394 quasi
415 1348 569 1395 penicillo
580 1349 766 1386 intellestus
782 1355 908 1399 agentis
923 1351 1068 1386 formatae
1082 1353 1185 1384 menti
1198 1352 1435 1396 imprimuntur.

358 1397 440 1446 Resjz
479 1397 698 1446 phantasmata
711 1394 845 1448 quidem
859 1411 1015 1448 corporea
1027 1401 1059 1434 in
1077 1397 1150 1447 ipso
1165 1398 1335 1433 intellectu
1356 1412 1424 1434 non
1442 1402 1544 1448 excipi
1567 1415 1574 1436 ε
1596 1401 1648 1436 sed
1671 1403 1705 1438 id

319 1457 388 1480 non
408 1446 536 1481 obstare
547 1449 721 1494 quominus
738 1461 834 1484 mens
865 1462 903 1484 ea
925 1450 1080 1497 percipiat
1093 1476 1103 1490 ‚
1122 1446 1223 1494 iisque
1235 1450 1394 1483 excitetur
1405 1460 1439 1483 ut
1451 1448 1527 1484 alias
1546 1452 1703 1499 imagines

319 1493 370 1529 seu
389 1498 615 1545 perceptiones
630 1496 728 1547 longe
746 1498 956 1546 perfeffiores
968 1497 1185 1544 concipiendo
1202 1499 1371 1579 exprimat.
1437 1510 1481 1532 ηπ
1494 1500 1705 1535 autem-dici-

318 1555 389 1577 mus
417 1543 636 1592 phantasmata
657 1574 666 1588 ,
683 1547 764 1582 nihil
781 1546 852 1583 sunt
871 1558 985 1596 praeter
1001 1546 1190 1582 affectiones
1206 1574 1217 1589 ‚
1248 1558 1287 1580 eu
1307 1546 1529 1595 impreffiones
1549 1547 1704 1595 quasdam

318 1590 361 1625 ab
385 1591 520 1642 objestis
542 1593 705 1641 profecitas
721 1625 732 1640 ‚
745 1602 778 1634 &
792 1598 825 1632 in
839 1596 975 1632 cerebro
988 1595 1164 1644 superstites
1181 1623 1190 1638 ‚
1214 1607 1286 1642 quae
1306 1597 1359 1630 vix
1368 1595 1467 1632 ullam
1486 1595 1608 1632 habent
1628 1610 1704 1633 cum

318 1640 470 1689 objectis‚
486 1655 542 1678 aut
555 1642 623 1690 ipfis
644 1645 840 1694 imaginibus
856 1658 934 1694 quas
954 1657 1045 1680 mens
1059 1644 1236 1693 cogitando
1252 1644 1401 1694 depingit
1419 1673 1430 1688 ‚
1456 1644 1702 1684 fimilitudinem.

320 1693 406 1737 Qae
417 1695 502 1727 enim
520 1693 562 1727 est
575 1691 749 1729 similitudo
764 1698 848 1731 inter
860 1696 1059 1731 characteres
1078 1706 1161 1742 quos
1177 1706 1263 1728 nunc
1286 1706 1382 1729 exaro
1394 1724 1404 1738 ,
1433 1700 1467 1732 &
1486 1697 1703 1743 cogitationes

318 1739 396 1786 ipsas
412 1750 422 1775 ἓ
438 1742 500 1776 Sed
512 1754 546 1777 ut
565 1742 647 1790 saepe
665 1745 819 1789 diximus,
834 1757 872 1779 ea
890 1745 961 1793 lege
976 1755 1065 1778 mens
1089 1756 1162 1777 cum
1181 1754 1317 1790 corpore
1327 1746 1438 1791 juncta
1456 1744 1519 1778 fuit
1541 1773 1550 1788 ,
1573 1756 1610 1779 ut
1631 1757 1703 1779 cer-

319 1800 368 1823 tos
379 1789 514 1834 cerebri,
531 1805 585 1827 aut
596 1793 882 1840 spirituummotus
901 1804 994 1827 cert-x
1011 1792 1126 1826 itidem
1151 1795 1376 1839 perceptiones
1397 1790 1644 1840 subsequantur,
1665 1800 1701 1831 &

318 1837 449 1873 vicissim
461 1854 469 1874 :
488 1842 534 1874 Ac
546 1845 713 1889 perceptio
725 1844 831 1878 omnis
842 1843 884 1877 est
894 1839 1153 1877 essentialiterisui
1167 1839 1289 1886 objecti
1302 1842 1561 1889 repraesentatrix.

349 1889 480 1922 Accedit
490 1892 587 1925 etiam
597 1891 686 1938 quod
697 1921 707 1934 ‚
720 1904 755 1925 ut
771 1890 912 1940 superius
935 1891 1069 1925 diximus
1082 1920 1091 1934 ,
1107 1901 1197 1924 mens
1222 1887 1257 1924 s1t
1279 1889 1370 1924 velut
1387 1891 1532 1926 mensura
1549 1889 1697 1937 quaedam

317 1937 501 1972 universalis
515 1969 523 1980 ‚
548 1953 601 1975 aut
616 1942 699 1975 ratio
716 1942 866 1988 quaedam
876 1953 941 1988 qua
958 1951 1080 1975 mutuas
1095 1951 1201 1975 rerum
1218 1937 1424 1980 habitudines
1438 1969 1446 1982 ,
1469 1951 1524 1974 aut
1539 1937 1699 1986 respeffls

315 1987 549 2033 cognoscimus.
568 1991 657 2025 Nam
666 2001 703 2023 ut
712 1988 796 2025 visus
812 1990 938 2025 colores
953 2018 961 2032 ‚
981 1989 1105 2024 auditus
1120 1987 1220 2023 sonos
1236 1987 1417 2032 dimetitur,
1433 1988 1472 2023 sic
1485 1999 1574 2022 mens
1593 1988 1698 2023 nostra

316 2034 356 2068 ad
370 2046 427 2069 ens
441 2049 540 2071 omne
556 2033 697 2086 pertinet
711 2056 719 2083 ;
731 2052 869 2086 cumque
885 2040 1037 2074 veritates
1055 2038 1127 2087 ipsae
1137 2037 1194 2072 sint
1206 2038 1291 2071 vinter
1308 2035 1337 2072 se
1352 2049 1505 2074 connexae
1516 2065 1525 2078 ,
1536 2034 1591 2070 ubi
1603 2049 1696 2072 mens

314 2096 409 2118 unam
419 2087 574 2133 percipit,
587 2088 691 2135 plures
704 2088 776 2122 aliae
789 2088 878 2122 velut
896 2090 928 2121 in
945 2087 1059 2121 eadem
1082 2087 1161 2122 serie
1171 2086 1350 2122 constitutae
1366 2085 1448 2133 quali
1460 2084 1545 2120 ultro
1557 2084 1587 2118 se
1599 2084 1628 2120 se
1640 2085 1698 2120 of-

315 2132 432 2169 ferunt.
442 2134 529 2169 Cum
550 2136 704 2171 circulum
716 2139 844 2186 V.gr.in
865 2137 974 2172 charta
993 2135 1173 2171 delii-iatum
1182 2136 1318 2178 intueor,
1328 2147 1417 2170 meus
1438 2134 1540 2181 potest
1565 2145 1639 2169 euin
1661 2137 1697 2170 in

315 2181 498 2218 universum
524 2183 665 2232 speritate
681 2215 690 2229 ,
709 2191 742 2223 &
762 2197 839 2221 nota
851 2184 1071 2235 singularitatis
1084 2198 1212 2221 exuere.
1235 2185 1322 2218 Tum
1346 2185 1418 2217 idea
1429 2183 1511 2218 illius
1524 2212 1533 2226 ,
1555 2195 1611 2218 aut
1620 2195 1695 2230 per-

316 2234 426 2277 ceptio
448 2245 594 2269 natutam
606 2235 714 2270 circuli
729 2237 909 2284 generatim
923 2233 1055 2283 spectati
1077 2233 1255 2270 exhibebit.
1276 2232 1404 2268 Deinde
1417 2245 1472 2279 per
1490 2234 1694 2281 cognitiones

318 2280 450 2316 reflexas
463 2282 547 2316 illius
572 2287 784 2332 proprietates
806 2284 978 2319 evolvam:
993 2296 1100 2328 neque
1110 2281 1231 2319 neceise
1242 2283 1283 2316 est
1297 2293 1396 2315 novas
1416 2284 1566 2315 entitates
1581 2293 1694 2329 praeter

309 2327 396 2372 ‹iPffiS
411 2334 632 2380 perceptiones
655 2336 772 2369 mentis
790 2331 991 2370 comminisci
1008 2348 1015 2369 :
1036 2332 1088 2368 sed
1107 2333 1248 2368 attentio
1268 2335 1301 2367 δε
1325 2333 1492 2378 perceptio
1519 2332 1694 2367 animiaire..

320 2374 399 2412 fiexa
415 2381 446 2414 id
469 2392 575 2418 toturri
590 2380 699 2418 efficit.
