1857 2745
507 110 671 145 PARS
721 109 978 146 TERTIA.
1398 125 1443 149 ιιι

44 165 79 201 S,
88 161 247 210 Gregorio
259 159 398 196 afferunt
410 188 419 203 ,
442 159 486 194 ita
499 158 545 194 est
558 157 808 208 intelligendum
823 188 832 202 ‚
851 171 887 194 ut
899 158 1023 195 nullum
1045 159 1083 196 fir
1095 159 1173 195 fidei
1190 163 1352 204 meritum,
1372 173 1446 196 cum

44 212 173 249 credere
193 208 341 245 nolumus
356 237 366 253 ,
402 206 459 245 nifi
480 220 552 256 quae
576 207 718 244 humana
742 211 870 244 ratione
898 208 1055 258 consequi
1072 207 1245 259 possumus.
1286 210 1348 245 Sed
1374 222 1447 245 cum

44 263 91 297 ita
111 258 212 294 sumus
227 257 336 294 affecti
351 269 388 293 ut
401 257 721 293 divinaeauthoritati
735 271 794 292 nos
814 257 1018 308 subjiciamus
1030 287 1040 302 ‚
1062 261 1161 294 etiam
1174 258 1195 294 si
1209 261 1315 295 omnis
1332 259 1449 294 huma..

45 321 87 347 na
112 310 196 344 ratio
219 305 358 351 deesset,
390 318 461 343 tum
481 307 712 341 demonstratio
727 320 782 342 aut
809 307 938 343 scientia
953 320 1014 343 nec
1028 307 1128 343 fidem
1142 337 1150 351 ,
1173 321 1235 343 nec
1257 308 1332 343 fidei
1350 311 1449 343 mei-i-

47 370 117 394 tum
152 358 325 394 imminuit.
339 360 409 391 Imo
424 354 643 405 intelligentia
665 356 727 405 ipsa
743 358 790 392 est
805 356 883 393 fidei
896 357 1058 406 perfefflo
1075 386 1086 401 ,
1110 361 1197 402 iuxta
1212 357 1291 393 illud
1305 357 1457 407 Prophe--

48 418 89 445 «τε
106 435 117 452 ,
135 406 193 453 nist
202 406 421 446 credideritis,
442 419 501 441 non
520 407 722 454 intelligetis.

525 488 871 536 QUAEsrio
915 489 982 526 iv,

388 538 445 570 De
459 539 586 572 unitate
600 536 640 573 ᾧ*
653 537 844 583 distinffl'one
859 535 1088 572 Scientiarum.

47 592 154 690 EX
172 603 210 637 iis
219 613 290 648 quae
303 601 438 637 diximus
456 615 575 653 magna
589 615 630 638 ex
649 615 740 652 parte
759 602 863 638 soluta
888 603 931 637 est
947 603 1081 650 quaestio
1098 603 1140 638 de
1161 605 1286 639 unitate
1316 608 1350 640 δε
1371 604 1454 639 divi-

123 651 210 688 sione
225 650 440 692 scientiarum,
457 651 549 688 Cum
559 655 648 689 enini
668 652 799 688 scientia
811 665 878 688 non
891 651 928 686 fit
937 665 1001 686 una
1014 658 1048 689 δι
1066 651 1197 702 simplex
1220 653 1356 700 qualitas
1370 683 1380 698 ,
1400 652 1454 689 sed

49 700 227 738 multarum
236 700 547 738 demonstrationum
556 701 744 750 complexio
755 731 766 746 ,
784 700 988 737 scientiarum
999 702 1112 737 divisio
1123 716 1189 738 non
1202 703 1287 738 adeo
1298 715 1384 738 certa
1396 703 1457 747 est,

48 752 131 798 quin
140 748 235 797 poffit
251 750 292 784 ad
308 748 479 785 arbitrium
512 762 572 785 ene
593 752 726 799 augeri,
755 762 812 786 aut
828 752 940 786 minui.
959 753 1045 786 Hinc
1057 754 1202 801 joannes
1218 755 1311 788 Picus
1331 755 1458 788 Miran-
1479 777 1482 779 Δ

48 798 132 835 dulae
144 799 272 835 -Comes
288 811 386 834 unam
405 797 467 835 effe
493 801 646 836 cientiam
663 801 831 848 pertendit
849 813 857 834 ε
880 813 955 835 cum
969 814 1084 836 omnes
1111 799 1250 836 scientiae
1277 814 1376 837 unum
1398 801 1457 837 ha..

51 846 150 884 beant
167 847 353 897 objectum,
371 861 428 885 ens
443 850 598 884 nimirum
610 878 622 893 ,
645 850 735 897 quod
752 862 852 885 mium
876 850 920 885 est
938 862 1059 898 genere
1071 879 1081 895 ‚
1108 855 1148 888 δι
1171 852 1331 888 unitatem
1353 851 1467 888 scien--

52 899 173 935 tiarum
185 899 373 944 genericam
388 896 494 933 efficit.

92 949 205 994 Itaque
218 943 355 982 scientiae
367 958 482 981 onmes
497 947 563 982 una
575 946 789 996 Philosophi&
801 949 1014 982 continentur
1028 977 1039 991 ,
1060 960 1128 995 quae
1144 951 1179 984 in
1196 951 1302 986 varias
1312 978 1322 994 ,
1351 961 1388 985 ut
1407 949 1459 984 di-

54 997 161 1033 ximus
174 1023 186 1038 ,
208 1007 316 1043 partes
330 995 500 1031 diducitur.
520 995 667 1031 Primum
679 999 767 1031 enim
778 996 911 1030 scientia
927 998 962 1031 in
977 996 1220 1044 speculatricem
1239 1004 1275 1035 &
1285 1002 1460 1047 praCticam

55 1042 224 1087 tribuitur,
237 1055 312 1090 quae
323 1043 447 1079 summa
459 1045 507 1078 est
519 1050 552 1081 &
562 1047 722 1093 praecipua
746 1042 948 1078 scientiarum
963 1044 1082 1079 divisio.
1098 1047 1324 1093 Speculatricis
1343 1045 1460 1096 objec-

59 1104 128 1128 tum
147 1094 190 1127 ita
205 1092 255 1126 est
267 1091 486 1135 necessarium,
506 1106 541 1128 ur
551 1105 606 1128 aut
617 1106 781 1141 nunquam
796 1091 851 1127 fiat
862 1103 937 1136 ,aut
950 1104 1037 1128 certe
1048 1093 1067 1129 ὲ
1077 1094 1174 1130 nobis
1188 1109 1254 1131 non
1268 1097 1469 1144 pei-ideat,ut¹

53 1141 221 1192 objeCkum
232 1140 370 1178 scientiae
382 1143 531 1191 prafflcae
541 1171 550 1186 ,
559 1143 648 1190 quod
663 1141 882 1178 neceffitatem
895 1141 1031 1189 quidem
1042 1142 1145 1179 habet
1155 1142 1297 1180 essentiae
1315 1145 1368 1181 vel
1385 1158 1462 1194 prm

55 1190 302 1241 pofitionis,non
310 1192 554 1228 existentiaezsed
566 1192 690 1240 pendet
699 1192 718 1227 a
728 1191 823 1227 nobis
834 1204 891 1239 per
904 1202 1006 1226 certas
1017 1204 1050 1226 re
1074 1192 1213 1237 ulas,aut
1223 1206 1373 1243 precepta
1385 1207 1464 1243 ope-

59 1239 390 1287 ratibusffheoreticq
398 1239 469 1277 finis
479 1254 495 1276 e
502 1242 529 1275 st
536 1242 844 1290 cognitio‚praCticae
853 1239 924 1276 finis
935 1241 978 1275 est
987 1205 1462 1293 dupsex,cognitio&operatio.

118 1288 290 1326 Scientias
307 1289 464 1326 eculatrix
476 1289 591 1339 triplex
603 1291 646 1325 est
661 1319 671 1334 ,
691 1289 823 1339 Physica
837 1320 847 1335 ,
867 1288 1024 1325 Mathefis
1046 1296 1080 1328 δε
1094 1292 1328 1342 Metaphysica.
1355 1296 1463 1328 Prima

59 1339 227 1389 objeestum
242 1302 343 1375 haget
354 1339 375 1375 ἓῑ
386 1342 522 1375 materia
535 1337 685 1389 singulari
697 1339 889 1375 abstraomm
901 1369 910 1384 ‚
935 1352 1001 1376 non
1024 1338 1045 1375 ἐι
1066 1345 1202 1377 materia
1218 1341 1354 1378 sensibili
1381 1357 1388 1379 :
1412 1354 1461 1377 res

62 1392 151 1426 enirn
170 1387 306 1424 sensibus
316 1387 471 1437 subjectas
482 1387 613 1438 Physica
623 1391 772 1426 intuetur.
795 1388 983 1424 Matheseos
994 1388 1163 1438 objedkum
1176 1391 1196 1427 ὲ
1210 1394 1346 1427 materia
1360 1391 1463 1437 singu-

61 1438 123 1474 lari
137 1443 168 1475 &
180 1437 314 1473 sensibili
332 1438 378 1472 est
397 1438 558 1486 ptaecisum
572 1453 579 1473 :
593 1440 757 1483 quantitas
770 1441 924 1474 nimitum
936 1466 945 1480 ‚
961 1450 1032 1484 qiiae
1045 1451 1152 1474 tamen
1171 1453 1242 1474 cum
1256 1440 1292 1475 fit
1309 1434 1463 1476 matefia-

64 1488 103 1524 lis
117 1516 127 1531 ,
139 1499 205 1522 non
218 1486 259 1520 ab
276 1489 367 1521 omni
377 1489 513 1526 materia
532 1484 733 1534 intelligibili
747 1485 975 1533 praescinditur.
992 1487 1055 1520 Sed
1070 1487 1292 1536 Metapliyfica
1301 1488 1464 1535 obst-&um

65 1535 166 1572 habet
175 1538 310 1571 omnino
329 1534 349 1570 ἐι
362 1537 496 1569 materia
506 1533 664 1569 secretum
680 1561 692 1577 ,
713 1537 826 1572 Deum
840 1533 996 1570 videlicet
1015 1539 1049 1571 &
1061 1535 1226 1584 Angelos;
1243 1549 1298 1572 ens
1313 1537 1414 1586 ipsum
1430 1544 1464 1576 δε

65 1585 156 1621 illius
185 1583 385 1620 affeetiones.

103 1635 249 1669 Scientia
267 1634 407 1682 prastica
421 1631 595 1680 duplexest
607 1662 614 1671 ,
635 1635 682 1669 Lo
708 1633 756 1667 ica
768 1638 802 1670 δι
813 1631 928 1667 Ethica
943 1646 952 1668 ε
971 1631 1026 1667 illa
1037 1631 1223 1671 intellectas
1236 1664 1246 1678 ‚
1266 1634 1335 1670 haec
1346 1635 1465 1672 volum

68 1686 144 1720 tatis
160 1682 343 1718 functiones
362 1682 491 1729 dirigit3
515 1695 575 1717 nec
588 1681 659 1718 sunt
671 1647 742 1718 aiiae
756 1682 940 1718 funetiones
961 1680 1114 1729 spiritales
1129 1690 1163 1722 δε
1178 1683 1308 1720 Philoso
1335 1685 1367 1719 hi
1384 1699 1464 1721 con-

69 1732 281 1781 templatione
292 1732 404 1780 dignae.
419 1732 575 1766 Actiones
586 1744 752 1781 corporea:
762 1732 802 1766 ad
810 1744 894 1767 artes
904 1732 1152 1779 pertinent,non
1159 1734 1200 1768 ad
1213 1698 1467 1782 Philosbphiani,r

60 1794 142 1832 ,quae
157 1781 304 1817 scientias
319 1786 433 1815 omnes
452 1781 615 1816 naturales
636 1781 875 1830 compleffitur.

111 1834 225 1878 Itaque
240 1830 307 1864 liaec
322 1828 437 1863 divisio
450 1830 587 1864 scientiae
596 1830 642 1865 est
655 1834 780 1879 integra
791 1836 825 1868 &
841 1830 1005 1879 adaeqiiata
1019 1860 1028 1874 ,
1049 1830 1126 1866 licet
1144 1844 1182 1866 ea
1199 1844 1266 1868 non
1292 1831 1327 1866 fit
1343 1831 1466 1870 ultima.

73 1882 163 1919 Nam
178 1877 308 1927 Physica
319 1891 347 1913 v.
361 1891 466 1926 gmon
476 1879 628 1914 uniusest
641 1879 758 1927 speciei
773 1909 784 1923 ‚
805 1892 879 1915 cum
893 1882 976 1915 circa
991 1879 1123 1927 objecta
1141 1893 1261 1929 genere
1277 1880 1399 1915 diversa
1409 1895 1467 1917 oc.

74 1941 209 1978 cupetur
222 1947 230 1973 3
243 1931 290 1964 uti
303 1933 336 1966 ὅ(
353 1926 508 1971 Mathesis
518 1933 605 1977 cujus
632 1931 727 1964 variae
750 1927 820 1964 sunt
841 1929 960 1976 species
975 1946 984 1973 3
1003 1928 1042 1964 sic
1062 1935 1096 1966 &
1108 1929 1334 1978 Metapliyfica
1351 1930 1412 1965 alia
1424 1932 1468 1966 est

75 1978 230 2027 generalis
240 1980 402 2028 quaecirca
414 1980 496 2016 entis
512 1980 727 2026 proprietates
740 1983 774 2015 &
787 1977 946 2015 attributa
957 1981 1060 2015 menti
1078 1984 1113 2016 &
1132 1981 1259 2028 corpori
1281 1983 1469 2016 communia

79 2026 216 2064 versatur
233 2045 242 2072 3
257 2027 322 2073 alia
338 2027 382 2063 est
393 2026 536 2075 specialis
554 2039 628 2076 quae
649 2030 734 2064 circa
747 2031 858 2065 Deum
876 2033 911 2067 &
923 2027 1067 2078 Angelos
1088 2040 1262 2078 occupatur
1277 2057 1288 2073 ‚
1313 2034 1346 2065 &
1358 2029 1470 2065 Theo-

78 2075 165 2125 logia
184 2076 335 2112 naturalis
355 2077 551 2113 nominatur.
757 2072 761 2081 '

117 2126 218 2162 Unde
232 2124 370 2175 Phyficae
384 2124 555 2174 objecturn
567 2139 628 2162 nec
643 2138 679 2161 re
693 2156 702 2171 ‚
716 2128 915 2164 uectatione
927 2126 948 2163 Ξι
959 2131 1094 2163 materia
1108 2128 1210 2175 potest
1224 2127 1378 2176 separari:
1392 2129 1470 2163 Ma-

83 2173 208 2209 theseos
222 2174 390 2223 objedhim
407 2177 533 2211 ratione
545 2176 702 2223 quidem,
726 2175 780 2212 vel
798 2188 973 2225 conceptu,
990 2190 1057 2212 non
1074 2176 1174 2225 reipsa
1187 2176 1206 2211 ἐι
1217 2178 1353 2211 materia
1375 2177 1464 2226 sepa-

86 2233 188 2258 ratur:
201 2222 251 2258 sed
263 2223 505 2274 Memphyfica,
533 2237 571 2259 ac
601 2228 755 2274 praecipue
781 2225 965 2275 Theologia
978 2225 1129 2261 naturalis
1141 2224 1306 2274 objeci-tum
1325 2225 1470 2265 habet&

87 2281 122 2310 re
139 2275 172 2306 ὃ(
185 2274 309 2307 ratione
320 2273 341 2309 ἐι
355 2276 489 2309 materia
505 2273 672 2310 secretum.

123 2320 350 2364 Nonjdiffimili
367 2326 493 2359 ratione
506 2323 669 2359 scientiam
686 2325 861 2373 prafficam
878 2323 1027 2359 nonnulli
1042 2325 1075 2357 in
1093 2324 1211 2372 triplici
1227 2336 1344 2372 genere
1356 2326 1472 2360 consti-

87 2378 199 2414 tuiint3
214 2371 353 2418 primum
361 2384 458 2409 voces
470 2374 564 2410 certis
578 2376 746 2424 praeceptis
771 2374 881 2424 dirigit
893 2402 904 2420 ‚
925 2375 1144 2409 Grammatica
1160 2375 1310 2457 nimirium
1330 2380 1364 2413 &
1379 2374 1472 2410 Rhe-

1189 2426 1222 2460 D
1290 2426 1310 2469 ij
