1857 2745
415 151 468 185 5¹0
831 130 1309 166 METAPHYSiQAE

417 192 449 222 &
464 184 671 230 corruptione
689 190 799 214 manet
813 208 822 222 ,
849 179 925 214 licet
937 178 1022 212 aliud
1037 207 1046 221 ,
1077 184 1110 215 &
1127 178 1210 212 aliud
1228 176 1289 213 else
1307 176 1419 213 subeat
1434 194 1444 221 ;
1469 189 1528 213 nec
1560 181 1726 227 proprium
1749 194 1788 217 ea

412 235 536 266 ratione
550 233 658 266 aetum
669 227 787 264 habet:
803 239 837 262 ut
849 239 919 261 cera
931 240 1002 274 quae
1015 229 1116 261 varias
1132 226 1244 276 figuras
1253 228 1371 273 excipit
1383 255 1393 270 ‚
1411 229 1558 262 omniurn
1575 239 1698 275 expers.
1714 232 1788 267 Un.

412 282 452 315 de
465 279 507 314 ab
522 277 697 315 Aristotele
708 277 870 312 interdum
878 277 1011 311 materia
1025 288 1091 310 non
1109 287 1163 310 ens
1174 275 1354 324 appellatur
1369 288 1377 309 :
1397 278 1472 323 quia
1498 274 1634 311 seorsum
1649 276 1788 324 spectata

411 328 498 364 nulla
509 331 592 364 entis
607 326 711 375 specie
724 329 917 362 continetur.
938 327 1012 361 Nec
1024 336 1132 358 tamen
1145 325 1187 359 est
1201 324 1282 359 nihil
1296 353 1306 368 ‚
1329 336 1364 359 ut
1375 324 1509 358 diximus
1522 339 1529 360 :
1547 327 1621 371 quia
1639 326 1721 362 nihil
1731 340 1787 364 ens

410 389 509 412 omne
520 379 594 412 aaa
605 383 638 413 &
648 377 794 424 potentia
810 373 965 410 excludit.
977 375 1027 409 Ut
1036 375 1144 408 aerum
1158 371 1245 407 suum
1257 375 1389 420 acquirit
1401 384 1458 407 aut
1468 373 1615 421 deperdit
1627 403 1637 417 ,
1652 387 1788 422 genera-

410 429 436 461 ri
448 426 691 474 quodammodo
701 425 814 458 dicitur
830 452 840 466 ‚
860 434 915 457 aut
925 425 1100 469 corrumpi:
1120 432 1154 455 ut
1170 433 1282 456 manet
1295 423 1408 456 eadem
1425 423 1574 469 potentia
1584 450 1598 464 ‚
1614 424 1728 458 eadem
1740 425 1788 459 est

410 473 639 527 ingenerabilis
650 502 660 517 ,
677 470 974 520 &incorruptibilis
988 500 997 514 ,
1016 483 1089 506 cum
1106 469 1147 504 fit
1163 472 1304 519 primum
1318 469 1496 518 subjeetum
1509 499 1519 513 ‚
1540 471 1628 518 quod
1649 473 1682 507 in
1703 472 1788 509 aliud

409 523 525 558 relolvi
537 536 603 558 non
622 522 739 571 potest.

448 574 533 620 Opp.
547 586 572 608 2.
595 575 676 619 Qae
699 583 756 619 per
775 568 910 605 diversas
924 571 1067 604 affiones
1090 567 1324 616 producuntur,
1347 568 1503 604 diversam
1526 569 1641 604 itidem
1663 568 1788 607 habent

408 621 613 656 existentiam
625 635 632 656 :
644 620 699 654 sed
712 621 847 654 materia
860 619 1013 655 &forma
1026 617 1095 652 sunt
1110 616 1263 663 ejusmodi
1279 630 1287 652 :
1303 629 1376 651 nam
1391 617 1445 652 illa
1456 630 1559 654 creata
1573 619 1625 661 est,
1635 618 1698 652 haec
1708 620 1787 655 edu-

409 673 469 706 ἀει.
489 670 618 705 Deinde
633 668 789 716 quidquid
801 679 942 710 creatur,
958 678 1012 701 aut
1028 665 1234 701 conservatur
1248 695 1257 709 ‚
1278 667 1308 700 id
1326 667 1444 702 existit:
1459 678 1592 714 utraque
1607 669 1692 702 enim
1700 669 1787 705 actio

407 721 598 753 terminatur
615 718 656 752 ad
668 717 873 752 existentiam
887 731 894 752 :
913 715 965 750 sed
980 717 1115 750 materia
1129 714 1350 750 conservatur:
1374 715 1473 762 idque
1487 718 1630 750 maxime
1651 715 1739 763 quod
1751 720 1785 754 in

409 768 519 802 nostris
535 768 696 815 principiis
713 766 880 800 existentia
897 779 963 800 non
986 765 1194 812 distinguatur
1218 763 1260 797 ab
1275 762 1414 800 effentia.
1439 765 1523 799 Cum
1541 767 1651 811 itaque
1669 764 1733 801 alia
1749 765 1786 802 fit

406 818 550 852 materiae
562 845 570 859 ‚
596 815 659 850 alia
673 815 782 849 formae
798 813 926 849 essentia
937 843 946 856 ,
966 812 1072 862 palam
1082 812 1126 846 est
1137 810 1296 859 utriusque
1309 812 1508 847 existentiam
1519 814 1579 848 esse
1590 813 1786 859 distinam,

404 878 465 900 nec
484 867 650 900 materiam
660 865 766 899 omnis
777 864 867 898 aetus
878 860 1087 910 metaphysici
1100 859 1159 894 else
1170 872 1343 908 expertem.
1365 863 1454 895 Huic
1470 862 1551 896 adde
1569 860 1656 909 quod
1675 862 1784 900 forma

406 912 613 949 essentialiter
630 912 757 948 diff-'etat
767 913 786 946 a
798 914 950 946 materia:
963 923 1039 958 crgo
1049 910 1160 944 saltem
1178 909 1228 943 sua
1246 908 1429 943 differentia
1439 938 1448 952 ‚
1461 923 1535 956 2quae
1548 911 1590 944 est
1611 911 1699 946 aetus
1713 917 1785 961 qui-

403 961 720 1011 dammetaphyficus
733 990 742 1004 ,
763 973 829 995 non
839 960 1029 994 destituitur.
1048 959 1128 1009 Q
1141 960 1251 1004 utique
1261 956 1508 1006 conglobatim,
1530 961 1662 994 utaiunt
1673 988 1683 1003 ‚
1703 974 1782 998 con-

403 1011 549 1059 geffimus
563 1041 572 1054 ,
594 1011 683 1059 quod
698 1022 810 1044 eorum
825 1021 887 1043 una
906 1007 943 1043 fit
958 1013 990 1044 &
1007 1008 1121 1041 eadem
1136 1006 1262 1041 solutio.

425 1063 526 1109 qup.
540 1062 715 1094 Materiam
725 1057 869 1093 absolute
880 1056 1037 1104 sumptam
1049 1068 1106 1104 pet
1119 1055 1149 1089 se
1169 1067 1307 1089 creatam
1319 1054 1418 1099 fuisse,
1437 1061 1470 1093 &
1484 1055 1532 1091 sua
1544 1057 1708 1092 existentia
1720 1058 1781 1094 do..

403 1111 468 1142 nati
483 1138 491 1151 ‚
507 1112 541 1141 C.
558 1109 732 1143 Materiam
746 1106 923 1154 respective
933 1105 1123 1153 spedtatmm
1143 1116 1179 1138 ut
1198 1103 1217 1139 a
1236 1104 1368 1151 Phyfico
1384 1104 1572 1140 considerari
1587 1105 1703 1146 debet,
1727 1107 1779 1141 N.

403 1168 469 1191 tum
486 1159 574 1193 enim
583 1169 618 1191 ut
633 1169 708 1205 pura
718 1157 865 1204 potentia
879 1153 1048 1202 speetanda
1059 1153 1100 1186 est
1111 1168 1116 1188 :
1128 1153 1194 1187 haec
1206 1152 1251 1186 est
1260 1153 1344 1188 illius
1356 1153 1536 1189 differentia
1548 1160 1581 1190 &
1595 1166 1780 1200 natura;nec

400 1219 523 1241 creatur
537 1220 592 1255 per
609 1206 639 1241 se
653 1235 661 1248 ‚
686 1217 739 1239 aut
753 1204 957 1239 conservatur
975 1232 983 1245 ‚
1010 1204 1057 1236 uti
1070 1213 1129 1236 nec
1140 1202 1245 1235 existit
1261 1201 1316 1237 nifi
1331 1215 1388 1250 per
1402 1214 1509 1237 totum
1524 1231 1533 1245 ‚
1550 1203 1606 1238 seu
1618 1204 1779 1253 composi-

398 1268 474 1290 tum.
487 1254 918 1302 Qiemadmodummiteria
929 1251 1064 1286 secunda
1076 1263 1110 1285 ut
1124 1253 1229 1284 omnis
1256 1249 1363 1297 figura:
1390 1263 1513 1299 capax„
1551 1252 1630 1287 nulli
1645 1253 1776 1290 addicta

398 1307 575 1352 concipitur
587 1319 594 1338 :
607 1316 666 1339 nec
683 1303 798 1337 artifex
808 1302 895 1336 aliud
910 1303 945 1336 in
960 1301 1091 1334 materia
1106 1299 1161 1333 suae
1173 1302 1232 1333 arti
1247 1298 1388 1347 subjetsta
1405 1303 1544 1334 intuetur
1558 1329 1567 1342 ,
1584 1299 1639 1335 nifi
1652 1305 1777 1350 capaci·

401 1364 500 1387 tatem
514 1353 622 1388 formae
632 1351 826 1398 excipiendae
841 1364 849 1385 τ
867 1351 1012 1395 quamvis
1023 1347 1044 1381 si
1057 1346 1221 1394 Phyficum
1239 1360 1314 1393 agat
1327 1377 1336 1390 ‚
1358 1362 1424 1383 non
1447 1347 1607 1384 artificem
1619 1377 1629 1391 ,
1648 1361 1718 1385 turn
1735 1363 1775 1385 aes

397 1401 500 1446 ipsum
512 1402 598 1448 quod
617 1401 664 1434 est
679 1399 786 1433 statuae
797 1399 929 1432 materia
941 1426 950 1439 ‚
970 1408 1006 1431 ut
1015 1395 1182 1430 metallum
1193 1395 1314 1430 duffile
1325 1402 1358 1432 &
1371 1395 1459 1431 fufile
1473 1397 1685 1445 contemplati
1703 1397 1776 1447 pos-

395 1449 444 1485 sit.
458 1449 561 1484 Simili
577 1450 703 1484 ratione
714 1447 861 1496 Phyficus
875 1448 906 1481 in
920 1447 1053 1480 materia
1069 1448 1170 1493 prima
1188 1443 1265 1479 illud
1284 1458 1383 1481 unum
1400 1447 1539 1480 attendit
1550 1475 1560 1489 ‚
1577 1445 1663 1493 quod
1681 1447 1775 1495 poffit

397 1497 460 1534 effe
475 1498 530 1533 sub
542 1499 601 1532 hac
613 1528 622 1541 ,
648 1497 700 1532 vel
716 1496 770 1530 illa
794 1496 912 1530 forma.
945 1495 1051 1542 ·Q0d
1068 1506 1176 1528 autem
1193 1493 1330 1528 diximus
1352 1492 1520 1530 essentiam
1545 1494 1586 1529 ab
1610 1496 1774 1531 existentia

395 1560 462 1582 non
476 1548 618 1595 distingui
631 1574 640 1590 ‚
665 1547 696 1580 id
709 1558 818 1583 verum
836 1544 881 1579 est
889 1543 928 1578 de
946 1556 986 1578 eo
998 1543 1084 1590 quod
1100 1543 1225 1579 existit:
1244 1554 1277 1577 at
1290 1545 1421 1578 materia
1436 1545 1565 1592 proprie
1578 1557 1645 1580 non
1659 1545 1775 1590 existit,

396 1596 449 1630 sed
465 1608 579 1631 totum.

444 1645 515 1689 lnst.
529 1647 595 1679 Res
607 1658 675 1680 non
685 1641 855 1692 pendetab
869 1642 928 1677 alia
938 1655 1009 1690 quae
1023 1654 1090 1676 non
1116 1641 1222 1675 existit
1234 1670 1242 1684 ,
1268 1640 1321 1675 sed
1347 1642 1452 1676 forma
1475 1641 1594 1690 pendet
1621 1641 1641 1676 Ξι
1670 1654 1771 1677 mate.

393 1696 454 1726 ria:
470 1706 545 1742 ergo
558 1696 691 1728 materia
700 1706 768 1728 non
780 1692 885 1728 existit
899 1704 955 1740 per
968 1691 1163 1725 existentiam
1181 1689 1294 1724 format
1305 1720 1313 1733 ‚
1333 1689 1385 1725 sed
1400 1703 1455 1739 per
1468 1693 1630 1738 propriam
1641 1719 1650 1733 ,
1673 1703 1769 1737 quam

393 1741 495 1776 habet
512 1743 769 1790 independenter
786 1741 805 1776 a
822 1741 936 1776 forma.
964 1742 1062 1774 Secus
1076 1751 1186 1786 corpus
1207 1739 1380 1774 humanum
1410 1740 1610 1775 existentiam
1634 1738 1770 1774 habetet

393 1791 580 1837 spiritalem,
601 1805 666 1826 nou
677 1790 721 1824 sui
731 1791 850 1824 ordinis
861 1818 870 1832 ‚
888 1801 944 1823 aut
961 1789 1086 1836 generis
1101 1800 1258 1835 :cumque
1268 1792 1405 1822 moritur
1422 1788 1522 1823 homo
1538 1816 1546 1829 ‚
1571 1787 1656 1822 illius
1666 1800 1770 1822 mate-

391 1842 435 1872 ria
457 1842 559 1887 prima
573 1850 831 1887 corrumperetur
842 1867 852 1881 ,
874 1843 905 1874 δι
919 1838 1118 1872 existentiam
1136 1836 1219 1871 suam
1231 1838 1392 1872 amitteret
1409 1851 1416 1871 :
1439 1850 1511 1884 quae
1530 1839 1639 1872 omnia
1654 1837 1768 1871 viden-

392 1901 439 1922 tut
454 1887 597 1925 absurda.
1013 1899 1016 1902 '

442 1939 523 1985 Refp.
537 1938 621 1981 Dist.
631 1942 707 1981 maj.
716 1939 783 1973 Res
795 1949 861 1972 non
874 1937 994 1985 pendet
1005 1934 1047 1969 ab
1058 1934 1117 1969 alia
1130 1947 1201 1981 quae
1220 1948 1285 1970 non
1301 1934 1407 1968 existit
1421 1960 1430 1974 ,
1450 1930 1512 1966 five
1524 1944 1580 1978 per
1589 1935 1764 1980 propriam,

390 1984 452 2019 five
469 1998 526 2033 per
545 1990 641 2021 totius
653 1988 856 2022 existentiam
873 2013 882 2027 ,
897 1987 931 2017 C.
946 1986 1027 2030 Qae
1036 1997 1100 2018 non
1110 1984 1213 2017 existit
1223 1996 1279 2030 per
1295 1984 1456 2031 propriam
1468 1981 1686 2025 existentiam,
1710 1983 1762 2015 N.

389 2034 551 2082 Distingui
569 2038 667 2069 etiam
682 2036 785 2083 potest
798 2036 904 2068 minor
921 2047 929 2068 :
957 2033 1062 2067 forma
1086 2032 1207 2078 pendet
1222 2031 1240 2066 ὲ
1258 2033 1392 2066 materia
1405 2058 1415 2071 ,
1447 2042 1519 2063 cum
1531 2029 1697 2072 educitur,
1723 2033 1760 2064 C.

389 2094 460 2117 cum
476 2084 587 2118 edu-sta
603 2083 649 2117 est
661 2113 670 2125 ,
684 2086 733 2119 N.
756 2082 823 2119 Nisi
842 2081 926 2116 fort&
940 2093 974 2115 ut
987 2081 1122 2115 relatum
1135 2079 1155 2114 a
1172 2079 1225 2113 suo
1243 2080 1402 2114 correlato
1420 2091 1429 2111 ι
1450 2076 1501 2111 sed
1521 2089 1632 2112 mutua
1651 2078 1694 2112 est
1706 2077 1762 2113 illa

388 2131 618 2178 dependentia.
630 2133 759 2166 Deinde
769 2145 832 2166 non
843 2131 975 2164 dicimus
991 2131 1158 2164 materiam
1173 2128 1308 2162 existere
1325 2140 1381 2176 per
1403 2126 1599 2160 existentiam
1625 2126 1760 2170 formae‚

388 2178 438 2214 sed
454 2192 509 2226 per
523 2182 721 2215 existentiam
730 2183 840 2215 totius.
853 2180 904 2212 Sic
915 2175 976 2212 ess‘e
986 2179 1124 2225 corporis
1144 2178 1271 2211 humani
1288 2175 1402 2212 nonest
1414 2173 1563 2219 spiritale.
1584 2177 1670 2209 Nam
1688 2177 1759 2209 am'-

388 2241 439 2262 ma
454 2242 518 2264 non
531 2230 584 2263 dat
596 2230 720 2263 homini
737 2228 797 2263 effe
808 2226 945 2277 spiritale
958 2256 968 2270 ‚
981 2226 1032 2261 sed
1043 2226 1102 2261 else
1112 2224 1273 2269 senfibi125
1290 2224 1352 2259 five
1378 2223 1409 2257 id
1426 2223 1575 2271 largiatur
1591 2224 1759 2258 immedia-

389 2287 438 2317 te,
455 2275 518 2311 sive
532 2279 673 2311 mediate
685 2306 694 2318 ‚
715 2278 755 2311 de
768 2290 832 2324 quo
850 2275 940 2312 alibi.

421 2327 462 2358 Ex
478 2328 513 2359 iis
524 2326 616 2362 facil&
632 2326 820 2374 intelligitur
835 2325 946 2359 frustra
954 2325 1168 2371 quaeri‚primo
1179 2335 1219 2356 an
1230 2324 1377 2369 potentia
1390 2322 1428 2355 ad
1450 2321 1570 2356 formas
1591 2322 1756 2365 excipien-

376 2371 442 2409 ἐπε
451 2371 487 2408 sit
499 2377 638 2410 matetiae
646 2377 756 2424 ptimae
770 2372 938 2410 effentialis
949 2384 1004 2408 aut
1014 2371 1233 2408 accidentalis:
1253 2370 1326 2406 cum
1337 2383 1373 2405 ea
1382 2370 1418 2406 sit
1431 2382 1499 2406 tota
1520 2370 1603 2405 illius
1618 2368 1753 2404 elscntia.
