1857 2745
325 119 368 150 60
817 118 850 150 D
873 117 897 150 E
941 117 976 152 N
998 116 1025 151 Α
1045 117 1075 151 T
1098 115 1133 153 U
1155 117 1189 152 R
1212 116 1241 152 Α

319 164 463 211 practica
477 192 487 207 ‚
503 161 635 199 scientia
651 167 745 199 &ars
762 179 771 205 ς
792 162 945 208 3scientia
959 165 1002 200 est
1017 176 1053 199 ut
1070 178 1282 202 numerorum
1298 168 1445 202 rationes
1456 170 1490 204 &
1508 168 1724 215 proprietates

319 212 537 256 demonstrat3
556 222 605 246 ars
626 224 717 258 vere,
732 224 768 248 ut
785 224 839 249 eas
854 212 978 263 regulas
999 214 1040 250 ad
1050 213 1138 250 usum
1153 217 1228 251 vitae
1243 215 1348 253 civilis
1359 245 1370 262 ‚
1393 227 1449 252 aut
1458 216 1498 251 ad
1512 215 1613 252 alium
1626 214 1725 251 finem

321 262 474 311 applicat.

354 313 475 358 Neque
489 309 552 346 hoc
566 309 640 347 loco
657 313 851 361 inquirimus
865 325 905 348 an
919 325 968 348 ars
985 312 1039 349 vel
1057 313 1189 350 scientia
1211 313 1247 350 fit
1270 314 1404 365 simplex
1418 346 1428 361 ‚
1458 321 1494 353 &
1522 314 1726 352 indivisibilis

318 359 459 407 qualitas
472 388 482 403 ‚
499 372 541 395 an
556 360 889 406 demonstrationum,
919 374 974 400 aut
989 362 1172 412 regularum
1199 368 1381 414 congeries.
1407 367 1442 401 Id
1461 368 1549 401 enim
1568 367 1630 401 erit
1646 365 1727 400 alias

322 410 579 453 excutiendum;
610 412 741 446 interim
757 412 973 449 admonemus
991 425 1059 449 non
1076 425 1149 449 eam
1167 413 1229 450 effe
1247 427 1346 452 unam
1369 421 1403 455 δι
1426 414 1604 467 simplicem
1619 413 1728 464 quali-

325 468 438 496 tatem.

352 509 438 558 Opp-
453 520 492 557 30-
513 509 616 547 Nulla
630 523 679 546 ars
690 513 885 561 principium
897 512 940 548 est
954 524 1065 548 earum
1079 516 1309 561 operationum
1323 544 1332 559 ‚
1354 526 1428 563 quae
1443 517 1662 551 immanentes
1674 515 1727 550 di-

316 568 434 592 cuntur
449 588 459 604 ‚
486 559 599 611 quales
609 560 680 596 sunt
694 560 880 598 functiones
891 565 1011 598 mentis
1030 576 1038 598 ε
1066 562 1121 597 sed
1130 565 1252 612 Logica
1267 565 1310 599 est
1324 576 1434 599 earum
1447 566 1653 612 principium,
1668 565 1727 599 de-

318 605 478 646 finitionis
489 611 663 655 nimirum,
682 611 848 648 divisionis
867 617 902 650 ὅ(
924 614 1230 661 argumentationis.
1262 616 1346 664 Ergo
1371 615 1494 662 Logica
1515 613 1606 649 nullo
1624 615 1726 649 modo

315 667 368 690 ars
383 657 447 693 dici
463 657 576 696 debet.

357 707 398 743 R.
414 708 590 754 Dist.maj.
612 710 672 748 Ars
688 709 776 746 nulla
799 710 842 746 est
857 711 1053 759 principium
1069 713 1272 759 operationis
1289 713 1498 748 immanentis
1516 714 1726 761 primatium,

318 753 362 790 C.
379 754 601 794 secundarium
615 789 624 804 ,
644 762 690 797 N.
712 763 827 808 Itaque
845 772 937 795 mens
956 760 1023 808 ipsa
1057 761 1101 795 est
1124 762 1264 808 primum
1283 763 1479 810 principium
1501 759 1700 797 definitionis
1712 789 1726 806 ‚

317 805 441 853 Logica
457 819 536 843 vero
553 809 597 843 est
607 812 802 858 principium
817 808 901 844 illim
920 809 1144 844 secundarium
1164 821 1205 843 eo
1222 811 1323 845 modo
1337 823 1404 858 quo
1419 810 1572 847 diximus.

350 856 437 902 Opp.
451 871 476 904 4
493 857 633 893 .1isdem
644 860 692 894 Lo
720 861 766 893 'ca
775 861 876 893 utitur
889 861 1058 907 principiis
1073 887 1083 902 ,
1099 857 1217 906 quibus
1228 858 1368 894 scientiae
1383 858 1625 908 speculatrices:
1641 872 1724 907 qua-

318 902 349 938 le
371 904 413 938 est
432 905 509 940 illud
534 906 663 942 artificii
692 871 878 956 {illogistici
895 907 1147 942 fundamentum
1170 921 1177 942 :
1214 920 1286 954 quae
1301 907 1371 943 sunt
1388 908 1504 942 eadem
1521 910 1576 943 uni
1605 911 1724 953 tertio,

318 951 390 987 sunt
404 954 614 990 eademinter
626 956 667 993 se.
690 958 798 991 Modo
814 958 914 991 etiam
933 957 1082 1005 procedit
1107 955 1307 1005 speculativo
1332 972 1340 994 :
1370 956 1539 992 artificiosa
1558 960 1646 992 enim
1665 958 1724 992 illa

318 1001 481 1047 dispositio
499 1003 676 1052 syllogismi
695 1019 787 1040 extra
809 1006 1015 1040 intellectum
1031 1019 1097 1040 non
1109 1009 1312 1053 prorumpit,
1338 1012 1372 1043 δε
1391 1009 1424 1041 in
1445 1005 1509 1040 sola
1532 1009 1724 1053 cognitione

317 1048 410 1088 sistit:
433 1053 579 1086 actiones
590 1065 670 1087 vero
679 1054 864 1088 intellectus
880 1054 919 1087 ad
929 1055 1054 1101 praxim
1072 1067 1138 1088 non
1152 1056 1337 1101 pertinent:
1355 1053 1440 1089 secus
1456 1066 1569 1090 omnes
1581 1053 1721 1090 scientia:

319 1096 420 1133 effent
439 1101 586 1148 prafficae
600 1116 608 1137 :
630 1104 714 1151 Ergo
727 1104 849 1150 Logica
862 1115 928 1138 non
942 1103 985 1139 est
998 1104 1140 1150 practica
1151 1130 1160 1146 ,
1189 1113 1299 1150 neque
1319 1104 1403 1138 adeo
1426 1115 1475 1138 ars
1490 1104 1554 1139 dici
1570 1105 1685 1152 potest-

367 1148 407 1183 R.
421 1150 470 1185 N.
482 1151 573 1195 Confi
595 1151 754 1200 Qaedam
764 1154 851 1187 enim
861 1153 1020 1200 principia
1034 1152 1161 1200 poffunt
1175 1149 1236 1186 effe
1253 1154 1384 1202 Logicae
1399 1157 1433 1190 &
1449 1152 1589 1188 scientiis
1610 1153 1722 1202 specu-

319 1195 427 1231 lativis
441 1201 627 1235 communia
642 1230 651 1244 ,
675 1199 804 1236 sednon
821 1201 941 1235 idcirco
957 1203 1078 1250 Logica
1091 1203 1178 1235 inter
1188 1199 1335 1238 scientias
1353 1202 1566 1251 speculativas
1593 1204 1636 1238 est
1659 1217 1720 1239 nu-

320 1248 485 1284 meranda.
510 1251 562 1283 Sic
577 1252 788 1285 Geometrica
797 1253 938 1298 practica
956 1249 1069 1286 iisdem
1083 1252 1184 1286 utitur
1199 1252 1377 1300 principiis,
1392 1251 1512 1299 quibus
1527 1255 1722 1288 Geometria.

319 1294 528 1342 speculativa.
551 1299 638 1334 Cum
654 1312 764 1335 autem
782 1299 933 1350 objicitur
952 1300 1087 1335 modurn
1103 1300 1302 1349 procedendi
1322 1303 1479 1351 Logicum
1500 1300 1561 1336 effe
1577 1301 1720 1348 specula-

320 1346 426 1380 tivum
444 1375 453 1390 ,
474 1350 663 1383 &actiones
682 1352 802 1386 mentis
825 1362 891 1384 non
913 1348 974 1384 else
987 1351 1143 1397 praebeas
1159 1378 1168 1392 ‚
1188 1349 1446 1399 distinguendum
1462 1351 1504 1384 est
1522 1365 1529 1386 :
1552 1353 1719 1396 actiones,
1752 1359 1757 1362 ⁸

318 1405 355 1428 ut
376 1394 546 1431 eliciuntur
567 1396 609 1431 ab
630 1398 818 1442 intellectu,
842 1404 875 1435 &
895 1399 1031 1433 tendunt
1048 1399 1087 1433 ad
1105 1400 1254 1433 veritatis
1279 1402 1504 1449 cognitionem
1519 1428 1528 1442 ‚
1551 1414 1617 1435 non
1650 1399 1719 1436 sunt

318 1445 466 1490 practicae
478 1474 488 1488 ,
510 1447 550 1482 C.
569 1457 604 1481 ut
621 1450 716 1482 certis
731 1450 895 1496 praeceptis
907 1476 916 1490 ‚
947 1459 1005 1483 aut
1015 1446 1133 1497 regulis
1153 1446 1335 1484 formantur
1346 1477 1357 1493 ,
1383 1462 1451 1486 non
1465 1448 1536 1484 sunt
1550 1451 1716 1499 prafflcae,

318 1494 364 1528 N.
375 1505 444 1539 quae
460 1495 622 1530 distinctio
642 1496 766 1543 ubique
785 1509 868 1545 pene
894 1497 938 1531 est
955 1496 1155 1533 adhibenda.
1243 1501 1247 1505 ’
1373 1541 1376 1543 μ

364 1542 499 1586 Instant.
513 1543 700 1580 intelleetus
712 1557 749 1579 ex
764 1545 856 1582 Arist.
867 1543 1052 1581 extensione
1063 1544 1101 1581 fit
1112 1547 1271 1594 practicus
1290 1562 1298 1584 :
1319 1559 1399 1597 ergo
1415 1549 1519 1597 praxis
1531 1547 1572 1582 ad
1588 1547 1718 1583 intelle-

319 1591 406 1625 &uni
425 1605 491 1627 non
510 1595 675 1641 pertinet,
696 1593 750 1629 sed
771 1595 812 1629 ad
832 1594 911 1629 alias
933 1593 1116 1630 facultates.

350 1640 388 1676 R.
404 1641 488 1685 Dist.
506 1645 601 1689 Confi
617 1646 727 1678 Praxis
745 1645 854 1680 stricto
870 1650 903 1681 &
919 1642 1020 1692 preffo
1036 1642 1213 1692 significatu
1236 1655 1389 1692 accepta,
1411 1645 1452 1680 C.
1496 1647 1577 1679 taxis
1599 1644 1717 1680 latiore

319 1693 355 1725 &
377 1691 479 1738 magis
492 1690 606 1728 usitata
622 1691 855 1741 significatione
865 1693 1010 1742 usurpata
1022 1721 1031 1736 ‚
1048 1695 1093 1729 N.
1119 1705 1195 1728 nam
1208 1692 1365 1727 strictiore
1382 1657 1561 1741 significatu
1589 1705 1627 1727 ea
1645 1705 1716 1729 tan-

320 1748 388 1772 tum
408 1738 463 1774 sub
476 1742 602 1788 praxim
611 1745 762 1787 veniunt,
777 1757 848 1792 quae
865 1745 1003 1778 exterius
1014 1754 1196 1791 operamur.
1211 1745 1335 1776 Verum
1344 1739 1365 1776 fi
1375 1745 1481 1789 praxis
1491 1741 1588 1788 paulo
1598 1741 1716 1777 latiore

317 1785 497 1835 significatu
516 1789 682 1839 usurpetur
697 1805 757 1841 pro
775 1806 815 1828 eo
827 1794 917 1828 omni
927 1791 1017 1840 quod
1031 1796 1119 1834 iuxta
1133 1794 1210 1826 artis
1221 1790 1365 1839 regulas,
1393 1802 1449 1827 aut
1469 1789 1646 1840 praesctipta
1662 1791 1714 1827 ef.

318 1834 443 1881 ficitur,
463 1849 533 1874 tum
552 1842 674 1890 Logica
687 1854 758 1889 quae
769 1842 836 1878 suas
845 1842 988 1891 applicat
1005 1835 1141 1890 regulas,
1159 1842 1301 1889 praefica
1313 1841 1378 1875 dici
1388 1839 1503 1890 potest‚·
1522 1852 1712 1889 quanquam

318 1885 403 1922 illius
416 1889 522 1936 praxis
534 1889 576 1924 ad
591 1894 816 1939 cognitionem
829 1903 865 1927 ut
877 1892 917 1926 ad
932 1890 1031 1926 finem
1043 1889 1195 1925 ultimum
1205 1890 1311 1925 tendit

784 1972 872 2019 QU
891 1974 929 2006 ,Ε
947 1973 967 2006 s
991 1973 1022 2007 T
1044 1973 1058 2005 1
1082 1974 1116 2008 O
1169 1974 1182 2006 1
1205 1975 1247 2009 v.

500 2054 563 2088 An
583 2055 707 2106 Logica
723 2055 769 2102 fit
790 2055 963 2102 neceffaria
976 2053 1050 2088 aliis
1077 2054 1251 2104 disciplinis
1266 2055 1500 2104 comparandis.

323 2134 549 2223 MUltum
566 2134 662 2174 hic&
673 2138 791 2173 acriter
806 2134 968 2185 disputant
988 2135 1175 2183 Philosophi
1190 2134 1231 2170 de
1250 2133 1435 2171 necessitate
1452 2137 1579 2184 Logicae
1593 2164 1603 2180 ‚
1622 2147 1709 2173 cum-

430 2198 495 2231 que
505 2198 619 2223 omnes
638 2186 801 2223 fateantur
815 2198 888 2221 earn
904 2185 964 2221 ess'e
979 2187 1146 2235 permagni
1162 2184 1231 2220 usus
1245 2213 1256 2229 ‚
1282 2190 1316 2221 δε
1333 2196 1417 2233 pene
1428 2183 1635 2222 necessariam
1651 2198 1710 2220 cae-

321 2234 395 2265 teris
409 2233 584 2283 disciplinis
597 2238 802 2284 acquirendis
814 2265 824 2279 ‚
843 2238 948 2271 omnis
962 2233 1178 2271 controversia
1190 2237 1222 2270 in
1237 2246 1278 2269 eo
1295 2233 1449 2282 politaest
1459 2263 1469 2278 ‚
1483 2247 1524 2270 an
1541 2247 1579 2269 ea
1589 2233 1626 2269 sit
1638 2233 1712 2270 firn-

319 2279 447 2326 pliciter
459 2285 627 2321 necessaria
639 2316 646 2329 ‚
664 2299 699 2322 ut
713 2289 803 2322 navis
816 2286 856 2320 ad
870 2287 1096 2334 trajiciendum
1110 2296 1198 2320 mare
1212 2313 1222 2328 ,
1239 2294 1296 2318 aut
1316 2282 1407 2319 cibus
1422 2284 1462 2318 ad
1481 2287 1556 2319 vitae
1578 2283 1708 2319 conset-

322 2331 489 2366 vationem
508 2351 516 2377 ;
542 2349 582 2370 an
611 2336 645 2370 sit
667 2348 793 2372 tantum
808 2333 976 2371 necelsaria
988 2366 997 2380 ‚
1024 2347 1059 2370 ut
1074 2346 1192 2370 vocant
1206 2362 1215 2376 ,
1240 2331 1413 2369 secundum
1433 2333 1511 2380 quid
1526 2362 1537 2376 ,
1564 2334 1627 2369 hoc
1641 2334 1707 2378 est,

320 2389 355 2414 ut
372 2382 468 2416 tutius
483 2388 516 2419 &
529 2384 654 2421 facilius
672 2398 798 2422 (ceteras
809 2384 990 2435 disciplinas
1004 2385 1249 2434 consequamur.
1263 2385 1316 2420 Sic
1336 2395 1434 2434 equus
1449 2384 1491 2420 est
1502 2385 1609 2420 itineri
1626 2396 1705 2419 con-
