1857 2745
357 129 423 160 272
778 107 1292 147 PHILOSOPH-IA

358 162 609 215 potestaprinci
635 163 667 196 io
682 158 813 196 tantum
827 158 1006 195 extrinseco
1029 157 1207 209 proficisci;
1230 170 1371 208 cumque
1388 158 1478 194 aetus
1501 155 1620 194 amoris
1642 155 1679 194 fit
1698 158 1763 208 ipsa

356 213 502 250 absoluta
520 216 554 248 &
567 175 682 244 efficax
699 207 881 244 voluntatis
904 207 1088 243 inclinatio.

397 262 525 310 Oppon.
546 273 570 295 1.
597 258 767 294 Interdum
783 258 899 293 evenit
923 267 960 291 ut
986 259 1045 304 qui
1063 256 1160 294 alteri
1183 259 1230 294 est
1261 257 1398 293 infestus
1413 285 1423 300 ‚
1455 261 1489 294 &
1508 255 1586 290 odio
1603 254 1765 292 habituali

358 323 432 346 eum
446 307 647 356 prosequitur
663 336 674 352 ,
699 308 810 343 aetum
825 308 944 342 amoris
967 305 1095 343 eliciat:
1127 320 1205 357 ergo
1231 320 1302 344 tum
1318 317 1396 356 aget
1410 317 1522 340 contra
1533 307 1698 354 propriam
1714 308 1767 342 in-
1778 341 1789 350 ,Δ

359 359 585 394 clinationem.
1085 380 1088 381 ν
1826 395 1828 402 y

395 408 482 456 Rcfp.
501 409 588 442 Tum
602 406 757 442 habiturn
773 404 974 441 odiinullum
992 405 1114 441 habere
1130 406 1284 443 effeetum
1300 435 1309 449 ‚
1324 416 1431 453 neque
1449 401 1574 438 obstare
1591 403 1767 450 quominus
1789 407 1802 434 ·'.

360 468 453 492 amor
469 454 506 491 fit
523 458 613 492 aetus
628 455 813 505 simpliciter
827 454 1040 492 voluntarius.
1075 456 1145 502 Qi
1168 458 1267 505 igitur
1287 455 1372 490 hunc
1391 455 1501 488 acrum
1517 454 1638 488 amoris
1653 450 1768 495 elicit,

359 508 385 540 is
398 505 533 553 quidem
546 507 614 553 agit
625 517 738 541 contra
752 501 1003 552 propensionem
1022 504 1247 550 habitualem,
1266 517 1333 541 non
1359 515 1472 539 autern
1492 503 1562 550 agit
1579 511 1693 536 contra
1714 511 1768 534 ac-
1801 516 1805 523 ³

362 555 487 590 rualem
503 553 680 590 voluntatis
696 553 956 589 inclinationem.

405 603 540 649 Instant.
561 603 669 639 Potest
681 606 768 639 Deus
778 603 886 639 aCtum
903 606 1023 638 amoris
1033 603 1213 653 producere
1229 606 1263 640 in
1279 600 1450 639 voluntate
1463 628 1481 644 ,,
1492 600 1593 635 etiam
1605 608 1717 635 contra
1728 595 1770 634 il-
1818 616 1828 629 ·.

364 653 425 689 lius
441 652 701 693 inclinationem.
958 674 961 676 -
1744 660 1746 664 ’

399 702 486 748 Resp.
497 703 616 737 Actum
632 701 749 736 amoris
760 698 844 735 effici
854 700 939 749 posse
952 700 1057 738 aDeo
1070 711 1280 738 concurrente
1295 712 1368 735 cum
1385 698 1566 741 voluntate,
1581 695 1679 733 nona
1694 699 1769 733 Deo

364 749 453 785 solo:
474 762 550 785 nam
562 751 603 786 de
611 752 737 786 ratione
747 751 837 784 adtus
853 750 961 785 viralis
976 752 1020 786 est
1033 780 1042 795 ‚
1068 763 1104 786 ut
1117 750 1305 785 immediate
1321 748 1458 797 prodeat
1475 747 1495 783 ὲ
1507 745 1562 781 suo
1580 747 1742 795 principio
1757 758 1768 781 ε
1781 785 1788 791 ,

365 800 412 835 est
423 801 512 835 enim
526 799 558 833 id
569 812 635 847 quo
648 811 745 847 agens
759 796 892 846 seipsum
906 811 1031 836 movet.
1054 801 1168 847 Quare
1187 798 1264 838 licet
1276 801 1365 835 Deus
1389 794 1487 844 possit
1501 794 1699 842 qualitatem·
1709 793 1772 829 ali-

365 861 467 896 quam
481 877 491 892 ,
514 846 797 897 utgratiam‚solus
811 849 847 883 in
858 848 1028 883 voluntate
1040 848 1218 896 producere
1235 876 1245 890 ,
1264 859 1332 882 non
1349 848 1427 880 irem
1441 847 1552 880 a6him
1570 846 1701 887 amoris,
1713 852 1770 879 aut

364 899 532 933 actionem
547 895 683 932 vitalem
708 924 719 940 ,
745 896 786 930 de
800 900 889 942 cujus
904 908 1020 932 natura
1041 897 1088 930 est
1100 925 1110 938 ‚
1132 907 1169 930 ut
1181 896 1202 930 ὲ
1215 896 1376 943 principio
1397 892 1568 927 intrinseco
1589 891 1738 938 profluat.

399 946 529 981 Contra
542 975 551 988 ,
574 947 727 991 inquiunt
740 972 752 988 ,
776 943 855 992 saepe
866 944 899 977 id
913 957 969 993 per
979 946 1116 994 gratiam
1126 947 1217 980 Deus
1231 939 1359 986 efficit,
1369 952 1408 977 ut
1418 952 1562 977 amemus
1576 941 1665 988 quod
1674 951 1770 976 antea

365 996 445 1032 odio
460 992 745 1043 prosequebamur.

414 1044 499 1089 Resp.
511 1045 598 1077 Rem
609 1046 654 1077 ita
679 1041 739 1077 effe
760 1056 768 1078 :
793 1042 846 1077 sed
862 1053 931 1077 tum
952 1042 984 1076 id
999 1041 1089 1088 quod
1113 1052 1280 1084 amamus,
1307 1053 1374 1074 non
1397 1038 1444 1073 est
1459 1048 1573 1072 contra
1593 1036 1771 1073 voluntatis
1792 1076 1795 1082 ¹

367 1091 611 1126 inclinationem
623 1090 813 1137 praesentem
826 1118 836 1131 ,
853 1090 930 1124 licet
944 1091 1139 1125 contrarium
1155 1087 1191 1125 sit
1201 1091 1368 1136 praeteritae
1384 1085 1595 1123 inclinationi.

405 1140 470 1174 Sed
487 1169 497 1183 ‚
516 1141 665 1185 inquiunt
681 1166 690 1180 ,
712 1149 778 1173 non
795 1135 903 1173 minus
922 1148 1012 1172 arnor
1027 1137 1182 1174 &odium
1199 1135 1290 1173 simul
1305 1136 1366 1173 effe
1385 1132 1535 1185 possunt,
1560 1134 1660 1183 quam
1680 1134 1770 1171 calor
1778 1144 1790 1149 ·”
1821 1138 1824 1143 '

365 1193 402 1225 &
422 1188 523 1236 frigus
543 1190 575 1222 in
594 1199 676 1234 aqua
693 1186 814 1234 tepida.
1755 1210 1760 1216 .
1819 1181 1824 1192 '

402 1238 490 1284 Resp.
501 1236 670 1285 Disparem
683 1235 780 1284 longe
795 1235 855 1271 effe
865 1238 1037 1273 rationem.
1060 1237 1231 1284 Siquidem
1247 1235 1334 1272 calor
1354 1239 1386 1272 &
1402 1234 1502 1286 frigus
1512 1237 1584 1273 sunt
1592 1234 1768 1284 qualitates

367 1285 540 1329 absolutae,
555 1298 626 1332 quae
642 1296 786 1334 pugnant
801 1288 884 1321 inter
899 1286 928 1321 se
939 1288 1065 1321 ratione
1083 1287 1216 1334 gradfi5‚
1235 1299 1301 1321 non
1322 1286 1447 1320 ratione
1463 1298 1583 1321 naturae
1608 1299 1616 1321 :
1633 1285 1717 1320 adeo
1733 1296 1770 1320 ut
1800 1296 1813 1326 J

369 1335 462 1370 calor
476 1334 618 1370 intensus
632 1346 704 1369 cum
716 1334 842 1369 intenso
862 1335 982 1385 frigore
995 1334 1085 1371 simul
1099 1334 1158 1372 effe
1176 1345 1328 1382 nequeat,
1352 1333 1481 1369 verum
1499 1347 1590 1370 amor
1609 1332 1769 1372 efficax&

368 1384 479 1419 odium
492 1384 608 1418 itidem
622 1381 740 1417 efficax
756 1385 838 1418 inter
858 1382 889 1419 se
904 1395 1051 1433 pugnant
1067 1386 1194 1419 ratione
1204 1395 1323 1421 naturae
1339 1410 1349 1425 ,
1370 1394 1437 1418 non
1458 1383 1551 1418 aliter
1568 1395 1604 1417 ac
1621 1383 1686 1416 duo
1696 1396 1770 1418 mo-
1804 1382 1822 1442 ¹)

370 1443 419 1467 tus
433 1431 579 1480 oppositi.
597 1434 705 1478 Atque
727 1443 762 1466 ut
779 1445 846 1470 non
858 1432 1018 1480 postumus
1029 1431 1116 1467 fimul
1135 1434 1310 1474 accedere,
1341 1436 1375 1470 &
1393 1432 1545 1470 recedere
1563 1431 1584 1469 ὲ,
1598 1433 1739 1466 termino
1755 1445 1765 1468 z

369 1480 410 1516 sic
427 1481 497 1516 fieri
507 1494 572 1515 non
593 1480 698 1528 potest
711 1492 749 1516 ut
762 1481 902 1517 eandem
912 1494 982 1518 rem
995 1480 1085 1517 fimul
1098 1493 1209 1519 amore
1227 1485 1261 1521 ὃς
1272 1480 1348 1516 odio
1359 1479 1609 1531 prosequamur,
1625 1477 1685 1515 nisi
1696 1479 1767 1524 for·¹
1820 1484 1824 1526 J

370 1541 403 1565 te
418 1529 544 1565 diverso
562 1528 719 1579 respedffl.

910 1581 1058 1619 Secunda
1070 1582 1242 1629 ConclufiO.
1797 1595 1806 1627 ς’

406 1681 592 1727 Ignorantia
610 1678 698 1715 tollit
720 1680 960 1726 voluntarium,
984 1679 1114 1716 sednon
1125 1683 1238 1716 omnis.
1358 1701 1360 1704 >
1378 1725 1380 1727 v
1795 1646 1829 1710 ξιν

411 1727 508 1762 Proh.
518 1726 653 1766 simul&
668 1730 844 1779 explicatur
853 1729 1014 1766 conclusio
1030 1743 1038 1765 ε
1055 1730 1280 1766 Voluntarium
1294 1730 1326 1764 id
1341 1728 1557 1779 dicitur'quod
1572 1741 1614 1767 ex
1626 1734 1769 1779 propen-⁴
1798 1699 1825 1788 ἑ

371 1775 456 1811 sione
469 1777 644 1812 voluntatis
658 1784 691 1815 &
702 1782 892 1828 cognitione
901 1778 1131 1828 proficiscitur:
1157 1791 1235 1828 ergo
1249 1778 1270 1813 si
1285 1780 1475 1815 alterutrum
1488 1793 1527 1815 ex
1537 1780 1585 1815 his
1603 1778 1696 1822 defit,
1709 1790 1766 1815 aut

369 1825 545 1862 voluntatis
557 1826 727 1875 propensio
740 1857 750 1871 ,
777 1840 834 1864 aut
851 1829 964 1864 debita
983 1830 1147 1877 cognitio,
1174 1827 1279 1863 nullus
1296 1828 1490 1876 relinquitur
1508 1828 1696 1866 voluntario
1714 1827 1766 1863 lo-

370 1887 426 1909 cus
439 1889 446 1911 :
464 1887 572 1923 neque
584 1875 647 1910 alia
660 1878 702 1912 est
712 1880 795 1913 ratio
803 1891 859 1913 cur
873 1878 1014 1914 infantes
1025 1883 1058 1914 δι
1067 1888 1212 1912 amentes
1221 1876 1404 1913 voluntarie
1414 1891 1484 1914 non
1493 1875 1658 1926 agangnifi
1674 1876 1766 1925 quod
1798 1902 1800 1907 ,
1815 1904 1817 1906 -

371 1926 410 1959 iis
428 1923 507 1958 defit
521 1936 624 1959 rerum
642 1938 714 1973 quae
735 1928 865 1975 agendae
887 1926 958 1962 sunt
973 1928 1132 1973 cognitio.

405 1972 485 2007 Illud
496 1984 604 2008 tamen
618 1976 762 2019 constat,
777 1988 844 2011 non
857 1987 991 2010 omnem
1009 1976 1226 2022 ignorantiam
1245 1973 1389 2009 excusare
1410 1973 1430 2010 ὲ
1445 1985 1579 2022 peccato
1590 2001 1600 2013 ‚
1620 1984 1676 2010 aut
1701 1981 1767 2010 vos

371 2021 675 2058 luntariirationem
684 2024 814 2060 tollere.
835 2025 924 2060 Nam
943 2035 981 2057 ea
992 2023 1099 2070 potest
1111 2021 1256 2070 ,spedtari
1267 2023 1321 2058 vel
1338 2034 1480 2071 exparte
1499 2022 1581 2058 illius
1599 2026 1655 2070 qui
1672 2025 1766 2073 igno-
1796 2020 1798 2022 ’

371 2083 568 2118 tantumque
579 2071 632 2106 vel
643 2073 689 2106 est
703 2072 912 2116 invincibilis,
924 2084 993 2119 quae
1001 2070 1146 2107 adhibita
1160 2075 1249 2107 ornni
1266 2072 1434 2121 diligentia
1444 2072 1556 2107 morali
1568 2071 1764 2120 expellinon

371 2120 476 2167 potest
491 2135 498 2154 ;
519 2119 584 2155 five
596 2132 633 2154 ea
646 2119 682 2156 sit
688 2124 765 2170 juris
777 2150 786 2164 ,
810 2120 872 2157 five
888 2122 966 2157 faeti
980 2138 989 2164 3
1005 2133 1141 2168 eamque
1152 2134 1266 2156 vacare
1275 2122 1295 2157 ἐι
1311 2121 1406 2169 culpa
1418 2123 1540 2156 nemini
1555 2120 1689 2156 dubium
1699 2119 1763 2156 effe

372 2169 477 2216 potest
487 2198 496 2212 ,
514 2171 652 2205 maxime
663 2169 684 2203 sl
697 2183 733 2205 ea
742 2170 778 2206 fit
785 2173 861 2220 juris
870 2170 997 2220 pofitivi
1010 2172 1204 2218 ignorantia.
1226 2173 1315 2206 Hinc
1328 2170 1473 2205 Christus
1484 2172 1645 2207 Dominus
1655 2173 1753 2221 Joan.

375 2231 413 2263 ις.
423 2220 447 2250 S
452 2221 462 2251 ἱ
475 2228 568 2265 opera
586 2231 646 2253 non
648 2219 786 2265 ficifflm
805 2222 837 2255 in
853 2224 897 2256 eis
907 2249 916 2265 ‚
938 2232 1002 2266 quae
1013 2232 1099 2253 nemo
1111 2221 1195 2254 alius
1199 2217 1280 2264 fecit
1292 2247 1301 2258 ‚
1322 2230 1487 2266 peccatum
1508 2233 1570 2255 non
1583 2217 1738 2253 haberent
1748 2225 1762 2260 ,'
1798 2217 1800 2222 ⁸

374 2277 491 2313 nempe
502 2266 714 2304 infidelitatis.
737 2271 866 2318 Dejutf·
877 2268 1013 2305 naturali
1025 2273 1058 2305 &
1072 2270 1224 2317 primario
1236 2273 1339 2316 major
1349 2268 1394 2302 est
1408 2266 1615 2312 difficultas,fi
1628 2269 1760 2317 ignora.

372 2314 399 2346 xi
420 2314 651 2351 invincibiliter
667 2316 865 2365 poffitmarn
884 2319 915 2353 id
932 2318 1061 2354 videtur
1071 2320 1162 2353 omni
1181 2318 1363 2353 attendenti
1387 2318 1596 2353 manifestum
1610 2345 1621 2361 ,
1640 2329 1758 2366 paren-

373 2372 420 2397 tes
432 2376 461 2398 v.
474 2376 505 2412 g.
516 2364 579 2400 coli
597 2378 748 2415 oportere
764 2382 771 2404 :
795 2369 879 2405 adeo
886 2379 923 2405 ut
933 2367 1021 2405 nulla
1033 2368 1162 2416 penitus
1173 2365 1394 2415 insuperabilis
1407 2367 1565 2404 videatur.

1571 2416 1757 2466 Ignorantia
