1857 2745
109 193 360 247 Jinadaequatum
377 196 566 235 dumtaxat:
584 207 660 232 narn
673 196 824 233 definitio
836 202 869 234 ὃς
884 194 996 233 diviiio
1009 207 1068 245 per
1080 195 1109 232 se
1122 201 1157 236 ὃ(
1169 199 1294 234 tatione
1311 197 1369 242 sui,
1384 210 1443 234 nec
1453 167 1504 234 sti}

124 248 187 284 lum
199 258 332 297 propter
341 247 657 296 argumentationem
667 248 700 282 in
710 248 830 295 Logica
842 249 1087 295 pertrafflntur.

153 299 273 332 Omnis
285 308 362 345 ergo
374 293 588 330 controversia
596 293 691 330 nobis
701 307 773 331 cum
783 295 957 331 Thomistis
973 297 1042 331 fere
1055 295 1257 345 relinquitur.
1269 298 1294 330 Ii
1304 299 1425 346 quippe
1436 297 1500 334 ob-

116 348 239 395 jectum
258 348 383 395 Logicae
399 345 535 380 statuunt
550 343 608 380 vel
621 356 678 380 ens
691 346 843 389 rationis,
859 357 895 380 ur
905 345 1098 381 direffivum
1109 346 1154 381 est
1170 348 1266 380 trium
1284 350 1400 382 mentis
1416 359 1499 396 ope-

118 398 282 431 rationum
298 411 309 438 ·,
331 393 384 429 vel
403 392 551 429 secundas
566 396 762 429 intentiones
775 396 922 443 LogicaS.
946 395 1031 444 Qae
1043 395 1177 443 quidem
1201 397 1315 443 opinio
1329 408 1401 430 cum
1418 409 1500 445 pau-

119 442 152 479 lo
169 444 318 481 videatur
328 442 494 478 obscurior
505 471 516 486 ‚
536 455 573 478 ea
584 441 678 478 fufius
696 442 742 478 est
764 445 963 492 explicanda.

152 494 240 528 Cum
255 505 324 528 rem
334 490 575 542 cognoscimuS,
598 504 634 527 ut
658 495 690 527 in
710 491 740 527 se
757 492 800 527 est
812 521 823 536 ,
855 504 922 529 tum
935 493 988 528 illa
1008 492 1124 527 dicitur
1141 494 1245 539 prima
1267 495 1426 538 intentio,
1446 495 1499 531 seu

115 544 258 577 attentio
271 569 281 586 ,
307 553 361 577 aut
376 543 532 589 cognitio.
550 545 674 579 Verum
690 540 755 576 ubi.
766 541 862 576 rebus
880 555 919 576 co
942 544 1018 578 nitis
1036 540 1188 588 quasdam
1201 545 1341 577 tationes
1352 572 1361 586 ‚
1379 556 1433 578 aut
1442 545 1501 578 dc-

116 594 354 627 nominationes
367 588 550 640 affingimus
561 620 571 635 ,
589 603 660 638 quae
672 604 737 626 non
758 589 872 626 suntin
890 556 985 626 reims
997 619 1007 634 ,
1026 589 1079 625 sed
1092 592 1210 625 mentis
1227 592 1336 626 nostrae
1354 593 1500 627 afflones

116 639 376 687 consequuntur:
394 640 570 687 cujusmodi
584 639 652 675 sunt
670 642 700 674 in
715 638 988 689 propositionibus
1012 637 1234 675 conversiones
1245 669 1256 684 ‚
1273 646 1307 678 ε(
1322 639 1502 690 oppositio-

114 700 172 723 nes
185 705 195 733 ·,
209 687 342 738 subjeeti
352 718 363 733 ‚
378 701 434 724 aut
446 690 608 737 praedicati
619 691 790 725 notiones:
805 688 870 723 haec
888 700 1044 724 vocantur
1057 691 1143 725 entia
1152 691 1297 734 rationis,
1312 691 1403 738 quod
1418 690 1438 725 a
1448 703 1500 725 ra-

115 739 205 771 tione
217 735 296 771 fiant
306 754 316 781 3
329 748 385 771 aut
398 736 538 773 secundae
551 740 745 773 intentiones
755 739 898 785 Logicae‚
915 749 1072 785 quatenus
1093 737 1134 771 ad
1151 741 1322 774 veritatem
1344 740 1498 776 tendunt:

113 796 149 820 ut
165 787 196 820 in
214 787 433 820 Grammatica
446 814 457 829 ‚
475 786 562 820 casus
574 814 584 829 ,
600 797 720 834 genera
732 814 742 828 ‚
762 791 796 822 &
815 785 876 819 alia
902 786 995 834 hujus
1011 787 1138 835 generis
1152 786 1235 822 ,sunt
1252 788 1497 834 quodammodo

112 832 253 869 secundae
268 836 466 870 intentiones
480 837 715 871 Grammaticae.
738 835 890 870 Secunda:
904 837 1000 884 igitur
1016 837 1213 871 intentiones
1229 836 1325 872 rebus
1344 835 1414 886 ipsis
1439 840 1498 873 tri.

114 881 272 927 buumur,
294 895 331 919 ut
347 882 368 919 a
382 894 493 918 mente
506 884 613 919 nostra
622 881 805 919 efficiuntur
822 898 829 919 :
853 895 889 918 ut
905 884 995 931 quod
1012 897 1059 919 res
1075 883 1113 918 sit
1139 883 1293 929 definita,
1317 898 1373 921 aut
1386 886 1497 923 divisa.

112 933 230 979 Itaque
244 933 275 967 id
293 934 420 967 videtur
437 933 615 968 Thomistis
635 933 699 966 haec
713 934 801 967 entia
824 934 957 967 rationis
979 931 1040 967 effe
1067 931 1235 980 objedtum
1257 937 1406 983 Logicae5
1428 948 1496 970 non

112 983 229 1015 mentis
243 981 376 1029 quidem
390 984 615 1030 operationes,
633 980 684 1015 sed
700 983 802 1031 magis
828 980 912 1016 illius
927 993 1045 1030 opera,
1072 981 1300 1021 definitionem
1317 983 1495 1027 videlicet,

111 1027 303 1064 divisionem
321 1035 355 1066 &
376 1031 701 1078 argumentationem.
936 1028 940 1033 ’

145 1079 293 1112 Intentio
309 1089 419 1112 autem
437 1078 542 1112 velest
555 1076 719 1125 ehje-&iva
731 1105 741 1120 ‚
766 1089 839 1124 quae
857 1076 900 1111 est
915 1089 965 1112 res
981 1080 1131 1126 cognita,
1158 1078 1211 1112 vel
1234 1079 1406 1123 formalis,
1425 1092 1496 1128 quse

110 1125 154 1159 est
167 1128 313 1174 cognitio
328 1129 374 1160 rei
391 1141 398 1162 :
420 1138 555 1174 utraque
564 1126 609 1160 est
622 1125 737 1174 duplex
752 1155 761 1169 ,
780 1138 843 1160 una
855 1125 899 1160 est
909 1127 1013 1174 prima
1023 1155 1032 1169 ,
1058 1126 1160 1160 altera
1181 1125 1324 1164 secunda.
1351 1131 1496 1164 Intentio

110 1173 279 1224 objectiva
294 1177 397 1223 prima
406 1176 450 1210 est
458 1188 507 1210 res
526 1173 723 1210 considerata
741 1174 910 1210 secundum
923 1173 973 1218 se,
989 1175 1041 1210 vei
1055 1187 1153 1223 penes
1169 1187 1206 1210 ea
1215 1189 1284 1224 quae
1294 1176 1394 1212 habet
1404 1178 1496 1213 inde-

109 1224 289 1271 pendenter
300 1223 341 1259 ab
355 1223 421 1273 ipsa
431 1227 549 1260 mentis
563 1223 736 1259 reflexione
750 1238 757 1260 :
786 1236 821 1258 ut
834 1224 935 1258 homo
949 1227 1098 1272 cognitus
1116 1237 1274 1272 quatenus
1294 1226 1392 1261 homo
1416 1240 1424 1261 ε
1445 1229 1498 1262 in-

110 1275 217 1307 tentio
234 1272 402 1322 objectiva
414 1273 549 1309 secunda
559 1274 601 1308 est
611 1285 659 1307 res
677 1272 874 1308 considerata
890 1271 1062 1308 secundum
1074 1286 1111 1307 ea
1122 1303 1130 1316 ‚
1149 1287 1220 1321 quae
1231 1274 1279 1308 illi
1294 1278 1495 1311 conveniunt

113 1321 338 1368 dependenter
348 1322 367 1358 ἐι
377 1325 494 1358 mentis
507 1324 635 1358 actione
649 1337 657 1359 :
675 1333 712 1358 ut
719 1335 792 1358 cum
802 1322 903 1357 homo
913 1322 1240 1372 diciturpraedicatum
1258 1326 1290 1358 in
1303 1323 1410 1373 aliqua
1420 1337 1498 1373 pto-

109 1369 269 1420 positione
279 1401 288 1415 ,
308 1383 365 1407 ant
377 1371 567 1420 subjeetum.

151 1423 294 1456 Intentio
310 1421 454 1456 formalis
468 1423 573 1470 prima
590 1421 632 1456 est
641 1422 729 1456 astio
743 1420 940 1465 intellectus,
951 1432 1020 1467 quae
1032 1420 1173 1456 versatur
1183 1423 1265 1456 circa
1278 1424 1497 1459 intentionem

109 1467 310 1516 objectivam
339 1473 474 1518 primam
504 1484 512 1505 ε
534 1481 573 1505 ut
589 1472 734 1518 cognitio
759 1469 911 1506 hominis.
947 1472 1093 1504 Intentio
1123 1470 1269 1506 formalis
1291 1470 1427 1507 secunda
1446 1473 1493 1507 est

108 1517 196 1551 aetio
221 1521 339 1552 mentis
349 1531 418 1565 quae
428 1518 567 1552 versatur
581 1520 665 1551 circa
676 1519 894 1554 intentionem
903 1517 1104 1564 objeffivam
1119 1517 1287 1553 secundam
1301 1532 1309 1554 ε
1326 1532 1362 1553 ut
1378 1524 1495 1569 cogni-

110 1567 159 1599 tio
171 1565 331 1613 praedicati
352 1572 386 1602 ὃς
403 1564 548 1613 Γιὼ]εὲὶί.

143 1615 292 1648 Intentio
305 1613 450 1649 formalis
464 1626 530 1648 non
541 1613 584 1648 est
597 1624 651 1647 ens
666 1614 800 1646 rationis
814 1628 823 1650 :
841 1627 918 1649 nam
941 1613 986 1648 est
1003 1615 1090 1648 actio
1110 1617 1228 1649 mentis
1240 1644 1249 1658 ‚
1273 1627 1343 1662 qua:
1360 1618 1493 1663 quidem

108 1660 153 1695 est
164 1660 257 1695 realis
273 1660 346 1695 :sed
361 1661 425 1696 iola
443 1663 583 1696 intentio
605 1661 772 1710 objeffiva
786 1661 921 1697 secunda
932 1663 976 1697 est
996 1674 1052 1698 ens
1070 1665 1203 1697 rationis
1223 1678 1230 1699 :
1251 1666 1325 1711 quia
1341 1666 1422 1700 nihil
1446 1668 1494 1701 cst

108 1709 194 1743 reale
205 1708 339 1743 existens
352 1711 383 1744 in
398 1707 498 1743 rebus·
510 1709 579 1758 ipsis
597 1724 604 1745 :
633 1709 686 1744 sed
709 1708 774 1743 sola
793 1711 1015 1747 denominatio
1036 1710 1231 1755 extrinseca,
1252 1726 1320 1760 quae
1334 1718 1491 1763 repetitur

108 1756 150 1792 ab
163 1758 292 1794 afflone
310 1757 495 1794 intellectus
504 1771 568 1808 qua
578 1770 627 1793 res
639 1759 753 1793 dicitur
762 1771 815 1794 aut
825 1763 1024 1810 cognita,aut
1032 1757 1177 1798 definita.
1195 1763 1257 1796 His
1271 1762 1438 1811 explicatis
1456 1763 1492 1800 sit

660 1834 775 1867 Prima
793 1834 952 1880 conclusio.

138 1907 319 1956 Objedtum
332 1908 461 1956 Logicae
477 1908 679 1956 adaequatum
698 1912 731 1943 ὅ(
742 1910 871 1956 proprie
881 1909 1002 1943 dietum
1013 1921 1079 1943 non
1089 1908 1132 1943 est
1141 1921 1195 1943 ens
1212 1908 1343 1942 rationis
1356 1935 1366 1949 ,
1381 1906 1435 1942 vel
1444 1905 1493 1943 se-

108 1957 210 1991 cunda
239 1958 389 1993 intentio.

144 2003 314 2041 Probatur.
330 2004 413 2040 Illud
425 2006 467 2040 est
481 2008 611 2055 proprie
627 2005 795 2055 objetfihim
809 2004 998 2055 disciplinae,
1012 2006 1101 2052 quod
1116 2017 1247 2054 proptcr
1270 2003 1299 2038 se
1313 2010 1346 2041 &
1364 2004 1489 2041 r'atione

110 2051 152 2087 sui
172 2052 214 2087 ab
233 2065 271 2087 ea
284 2052 506 2091 consideratur.
527 2057 627 2103 Atqui
641 2056 894 2104 ejusmodientia
906 2056 1038 2089 rationis
1051 2069 1117 2090 non
1135 2053 1369 2089 considerantur
1387 2052 1407 2088 ὲ
1425 2057 1492 2089 Lo-

109 2104 180 2149 gica
189 2113 317 2149 propter
327 2102 447 2147 se,''sed
465 2115 591 2139 tantum
610 2117 743 2153 propter
763 2107 969 2152 operationes
994 2107 1110 2138 mentis
1123 2133 1131 2147 ,
1157 2116 1192 2138 ut
1224 2104 1263 2137 ad
1280 2114 1393 2137 verum
1413 2103 1492 2138 diri-

108 2150 238 2198 gendas,
268 2153 352 2200 Ergo
370 2153 610 2189 entiarationis
631 2167 703 2189 non.
716 2153 965 2202 fimt-objeetum
986 2155 1120 2201 Logicae.

615 2225 763 2261 Secunda
789 2227 949 2272 conclufio.

137 2296 335 2343 ”Objenum
352 2299 479 2349 Logicae
494 2300 695 2348 adaequatum
715 2300 785 2337 sunt
801 2312 863 2336 tres
882 2302 998 2336 mentis
1015 2304 1238 2349 operatione5‚
1257 2312 1292 2336 ut
1315 2302 1355 2336 ad
1373 2304 1510 2338 verita-⁷

110 2355 181 2380 tem
189 2346 389 2394 ⁴'‘dirigendae.

150 2392 314 2430 Probatur
330 2397 488 2443 conclufio.
506 2397 687 2447 Objectum
709 2399 908 2447 adaequatum
934 2397 1062 2446 alicujus
1094 2399 1225 2436 habitus
1240 2429 1250 2443 ,
1273 2399 1327 2434 vel
1341 2399 1500 2442 ‘scientiae,

996 2470 1001 2473 -
1245 2451 1274 2484 G
1293 2450 1330 2496 ἢ,
