1857 2745
372 127 432 165 285
808 119 1277 158 PHILOSOPHIA

372 183 536 210 certamen
554 196 565 213 ,
585 181 622 205 ut
639 171 733 205 vietis
747 168 852 217 pudor
866 171 1018 205 incutitur
1035 184 1044 207 ε
1069 171 1145 205 hinc
1162 170 1321 208 fastidium
1343 175 1375 208 δε
1393 169 1505 206 odium
1529 169 1735 221 voluptatum
1746 175 1763 212 ε’

361 224 412 263 ,[ῐε
427 221 524 257 usu&
544 221 703 254 exercitio
717 217 848 253 libertas
870 217 1028 266 paulatim
1046 218 1217 268 perficitur.

419 273 458 305 In
476 272 514 303 iis
523 266 656 303 libertas
666 269 758 317 viget
775 269 934 311 maxime,
947 270 1005 316 qui
1025 271 1178 304 maximas
1188 269 1372 318 voluptates
1390 266 1514 318 semper
1535 270 1666 305 vincere
1683 271 1760 320 pos-

370 320 440 356 sunt
454 317 670 366 &frangeret
692 329 806 353 contra
820 329 858 352 ea
879 317 923 352 est
945 319 1091 353 maxime
1115 318 1310 367 imperfecta
1331 324 1365 356 &
1394 321 1496 354 tenuis
1513 317 1646 353 libertas
1661 348 1671 364 ,
1684 333 1756 369 quae

368 366 610 405 minutiffimam
629 367 834 415 voluptatem
852 365 998 415 fiiperare
1012 370 1128 416 nequit
1138 373 1198 412 ‚.&
1212 380 1312 416 parvo
1326 370 1451 417 impetu
1470 371 1504 404 in
1519 368 1659 416 quodvis
1685 382 1758 418 par..

369 418 502 457 ticulare
521 416 646 454 bonum
664 416 831 466 abripitur.
855 419 943 452 Inter
958 428 1128 465 utramque
1142 416 1342 454 {libertatem
1366 417 1485 453 infiniti
1505 417 1575 452 sunt
1593 419 1758 466 interjeffi

369 468 485 517 gradus
500 479 508 501 ε
521 467 607 502 adeo
617 479 653 502 ut
663 468 721 502 vix
731 467 797 501 duo
806 466 956 502 homines
967 469 1050 501 circa
1063 467 1178 502 eadem
1194 466 1325 517 obje&a
1338 465 1397 502 sint
1408 467 1575 515 :equaliter
1584 465 1692 512 liberi;
1701 470 1758 505 vix

360 519 452 556 ,iniis
461 516 586 566 :equale
596 519 728 553 rationis
743 515 902 553 lumen&
918 529 1008 565 aeque
1026 528 1182 566 vegetum
1195 522 1230 554 &
1251 516 1382 552 firmum
1401 518 1574 552 invenitur.
1598 517 1669 565 Qi
1684 520 1758 553 vio..

368 567 465 602 lentis
474 569 632 615 jactantur
643 564 943 616 perturbationibus
960 567 1081 609 animi,
1094 577 1201 613 neque
1210 578 1283 600 cum
1292 568 1330 600 iis
1344 565 1524 614 confligunt
1536 594 1546 608 ,
1575 566 1682 601 multo
1697 569 1759 602 mi.

368 629 428 653 nus
447 616 541 652 liberi
554 616 718 659 videntur,
736 628 836 663 quam
847 617 901 664 qui
910 616 957 652 his
969 613 1118 652 fluetibus
1128 627 1197 650 non
1209 617 1254 650 ita
1268 615 1483 651 vehementer
1507 616 1687 663 agitantur,
1700 626 1756 652 aut

359 667 427 714 ,qui
438 667 472 701 in
486 668 524 701 iis
538 665 725 714 frangendis
745 664 815 701 sunt
829 667 1007 700 exercitati.

406 717 469 750 His
488 719 598 762 itaque
607 715 695 750 bene
703 713 875 751 intellectis
890 744 900 760 ‚
914 715 955 749 de
970 712 1089 762 quibus
1100 726 1214 751 omnes
1234 726 1318 762 pene
1331 712 1536 749 consentiunt
1547 741 1558 756 ,
1581 715 1614 748 in
1626 723 1692 758 quo
1701 710 1757 746 fita
1792 727 1794 733 ·
1833 710 1836 730 ²

368 763 406 799 fit
417 763 577 799 libertatis
590 776 704 800 natura
719 792 730 806 ,
743 776 880 812 quaeque
898 766 927 798 ei
941 774 1128 812 opponatur
1144 761 1311 798 neceffitas
1321 791 1330 806 ,
1349 763 1544 809 &aliaequae
1559 762 1686 797 moveri
1703 760 1759 796 so-

368 812 438 868 lent
448 812 672 851 controversiae
684 813 800 858 ,facile
809 825 939 864 utputo
949 843 959 858 ‚
972 812 992 849 fi
1010 813 1115 849 omnis
1131 813 1352 849 contentionis
1368 811 1455 849 :estus
1474 809 1674 847 deferbuerit
1680 810 1755 854 ,idi-
1802 838 1817 851 ,.

360 874 535 903 rimentur,
1807 875 1810 882 ·

843 912 932 961 QU
952 914 992 946 Α
1010 913 1031 946 s
1049 913 1079 947 T
1099 913 1163 947 10
1211 913 1227 946 1
1241 915 1286 948 v.

756 1012 832 1062 Qae
856 1008 1015 1056 neceffitas
1034 1008 1182 1046 libertati
1199 1019 1387 1060 opponatur.

461 1112 521 1147 Uae
530 1110 570 1145 de
586 1109 747 1144 libertatis
758 1120 872 1143 natura
882 1109 1084 1142 controverti
1095 1135 1104 1150 ‚
1115 1111 1151 1144 ὃς
1161 1118 1350 1155 magnascon
1355 1108 1502 1142 tentione
1514 1106 1628 1154 agitari
1639 1104 1755 1150 solent,

463 1160 522 1194 hac
530 1159 706 1205 quaestione
718 1159 924 1192 continentur
935 1172 944 1198 ς
954 1167 1023 1202 quae
1032 1154 1198 1192 neceffitas
1216 1156 1406 1192 libertatem
1420 1155 1526 1191 tollat.
1560 1156 1696 1190 Certum
1709 1155 1753 1191 est

366 1211 498 1255 quidem
510 1207 590 1243 nihil
607 1210 708 1256 magis
725 1205 868 1241 libertati
878 1203 1038 1238 adversari
1049 1207 1148 1251 quarn
1167 1204 1389 1242 necessitatem
1412 1206 1591 1240 coaetionis
1602 1233 1612 1247 ‚
1629 1216 1702 1252 quae
1719 1215 1759 1239 ut·

366 1259 586 1295 voluntarium
598 1287 608 1301 ,
623 1255 663 1291 sic
686 1255 871 1295 libertatem
881 1255 1013 1302 perimit
1031 1267 1039 1288 z
1055 1266 1195 1300 quaeque
1209 1254 1332 1302 aliquid
1353 1255 1506 1290 videntur
1532 1252 1654 1288 habere
1676 1265 1755 1288 coa-

367 1307 486 1343 &ionis
498 1335 507 1350 ,
518 1317 553 1341 ut
563 1306 616 1341 lex
628 1318 700 1354 quae
711 1307 862 1340 timorem
875 1314 980 1351 poenae
994 1303 1129 1346 inducit,
1144 1303 1212 1337 haec
1223 1333 1231 1347 ,
1243 1306 1376 1351 inquam
1390 1302 1578 1338 libertatem
1590 1304 1754 1339 minuunt.

369 1358 453 1403 Qae
467 1367 576 1391 autem
588 1356 762 1391 voluntarii
777 1385 788 1399 ‚
800 1355 916 1389 eadem
928 1350 1021 1387 liberi
1033 1354 1195 1387 rationem
1206 1364 1260 1387 aut
1276 1353 1443 1387 destruunt
1459 1381 1468 1395 ,
1479 1363 1534 1386 aut
1554 1350 1753 1399 infringunt.

365 1406 468 1441 Unde
481 1405 537 1439 ubi
549 1407 656 1440 omnis
670 1403 758 1438 abest
767 1404 914 1452 cognitio
925 1430 935 1444 ,
953 1400 1000 1435 ibi
1019 1400 1108 1436 nulla
1119 1402 1167 1436 est
1185 1401 1331 1438 libertas.
1359 1404 1411 1436 Sic
1424 1403 1458 1436 in
1471 1402 1577 1449 pueris
1587 1429 1597 1444 ‚
1614 1403 1755 1435 amenti-

366 1453 426 1489 bus
439 1460 474 1491 δε
485 1452 722 1489 dormientibus
735 1465 809 1487 cum
827 1450 914 1488 nulla
937 1448 973 1484 fit
990 1461 1045 1484 aut
1062 1450 1192 1485 confusa
1212 1452 1388 1485 admodum
1416 1451 1562 1497 cognitio
1575 1478 1585 1492 ‚
1600 1448 1686 1484 nulla
1703 1450 1752 1484 est

365 1505 533 1538 auttenuis
543 1503 720 1537 admodum
730 1501 881 1544 libertas,
901 1508 1059 1545 quatenus
1080 1497 1144 1532 sese
1169 1500 1208 1533 ad
1229 1500 1392 1548 agendum
1416 1509 1581 1545 utcunque
1597 1498 1753 1532 determi-

365 1564 443 1587 nant
458 1566 466 1588 ε
479 1551 532 1586 scd
544 1550 599 1586 illa
609 1581 619 1595 ‚
631 1563 667 1586 ut
684 1550 858 1598 loquuntur
871 1578 881 1592 ‚
903 1547 945 1581 est
960 1544 1093 1596 Physica
1110 1548 1258 1596 quaedam
1267 1547 1414 1591 libertas,
1426 1560 1494 1582 non
1505 1546 1636 1583 moralis
1648 1575 1659 1591 ,
1678 1559 1752 1594 quae

365 1599 453 1635 laudi
466 1631 475 1644 ‚
488 1612 545 1635 aut
554 1603 637 1636 vitio
648 1599 785 1634 attribui
798 1598 890 1635 solet.

404 1652 524 1686 Omnis
537 1650 619 1684 adeo
629 1648 796 1684 difficultas
815 1649 854 1683 de
871 1645 1059 1684 necessitate
1071 1645 1286 1682 inclinationis
1299 1644 1452 1694 superest,
1463 1646 1567 1695 qualis
1583 1646 1626 1681 est
1640 1648 1675 1681 in
1689 1658 1752 1681 no-

363 1699 412 1733 bis
428 1702 511 1733 circa
526 1698 625 1734 finem
643 1699 797 1734 ultimum
809 1709 948 1746 ,nempe
965 1699 1050 1730 circa
1067 1695 1303 1730 beatitudinem
1320 1723 1330 1738 ,
1349 1708 1449 1742 quam
1466 1709 1534 1731 non
1555 1707 1664 1730 aniate
1680 1708 1750 1730 non

363 1747 523 1796 polsumus
537 1766 546 1792 5
559 1760 611 1782 aut
629 1747 731 1795 qualis
751 1749 836 1782 estin
850 1746 954 1781 beatis
967 1747 1050 1779 circa
1071 1748 1182 1781 Deum
1201 1757 1302 1792 quem
1320 1743 1404 1779 clare
1420 1748 1587 1780 intuentur
1606 1759 1614 1780 :
1629 1756 1669 1779 an
1690 1756 1752 1779 ne-

364 1796 485 1832 cessitas
499 1797 553 1831 illa
563 1800 607 1832 ita
617 1797 762 1832 libertati
773 1807 969 1846 opponatur,
981 1806 1017 1829 ut
1029 1806 1090 1828 nec
1102 1806 1160 1830 nos
1170 1792 1423 1838 beatitudinem,
1436 1792 1490 1829 aut
1501 1793 1624 1829 bonum
1635 1794 1672 1828 -in
1680 1794 1751 1828 uni-

365 1846 574 1884 versum.ch
586 1846 675 1883 beati
686 1850 795 1883 Deum
806 1845 907 1882 libere
920 1855 1044 1887 ament,
1052 1843 1289 1878 discutiendum
1302 1842 1397 1878 nobis
1412 1844 1464 1881 est.
1478 1845 1526 1879 Sit
1537 1844 1634 1891 igitur

888 1922 1001 1956 Prima
1022 1916 1198 1960 Conclusio.

392 1996 484 2043 =Qae
496 2006 573 2043 pura
585 1994 769 2031 necestitate
783 1993 934 2030 naturalis
946 1992 1165 2028 inclinationis
1187 2001 1324 2039 aguntur
1335 2019 1345 2034 ‚
1358 1991 1427 2026 <haec
1445 1989 1548 2026 libere
1565 2002 1632 2025 non
1647 1989 1746 2026 fiunt.

396 2042 490 2079 Proh.
504 2044 600 2077 concl.
620 2057 630 2078 1
645 2070 653 2078 .
671 2043 826 2078 Liberum
842 2042 920 2077 illud
935 2043 1050 2076 dicitur
1059 2040 1147 2087 quod
1161 2039 1204 2074 est
1217 2041 1250 2073 in
1264 2040 1367 2074 nostra
1388 2041 1550 2088 potestate
1565 2068 1574 2082 ,
1590 2044 1676 2088 cujus
1689 2039 1749 2073 do-

362 2095 441 2128 mini
453 2093 555 2129 sumus
567 2121 576 2135 ,
589 2103 644 2126 aut
659 2093 747 2140 quod
756 2092 862 2127 nostro
873 2090 1015 2126 subditur
1026 2090 1184 2137 imperio:
1204 2088 1294 2135 quod
1309 2100 1420 2124 autem
1438 2101 1480 2125 ex
1500 2088 1637 2123 naturali
1654 2087 1747 2123 incli-

361 2145 494 2177 natione
504 2143 687 2189 expetimus
701 2170 710 2184 ‚
720 2141 752 2175 id
762 2153 827 2176 non
846 2141 937 2175 estin
949 2139 1107 2187 potestate
1120 2138 1230 2172 nostra
1242 2165 1252 2180 ,
1268 2149 1328 2173 nec
1343 2138 1454 2173 nostro
1475 2137 1576 2173 subest
1594 2138 1746 2184 imperio,

363 2189 414 2224 Μ
435 2189 673 2238 naturaeipsius3
694 2203 755 2226 nec
774 2190 906 2224 demum
923 2189 1001 2223 illud
1022 2187 1042 2222 Ξ).
1057 2185 1151 2223 nobis
1169 2187 1211 2221 est
1223 2215 1231 2229 ,
1243 2184 1295 2220 sed
1313 2187 1333 2222 ὲ
1352 2190 1428 2222 Deo
1442 2187 1510 2236 ipso
1528 2186 1744 2235 proficiscitur.

365 2241 473 2284 Qire
491 2241 522 2274 id
537 2244 715 2287 naturaejus
729 2239 773 2273 est
785 2267 794 2282 ‚
808 2251 875 2274 non
895 2239 1057 2274 nostrum:
1079 2237 1274 2284 principium
1294 2236 1325 2270 id
1346 2237 1477 2282 quidem
1494 2236 1537 2271 cst
1563 2235 1744 2279 libertatis,

364 2298 501 2334 eamque
520 2289 682 2323 antecedit
695 2318 705 2332 ,
716 2302 783 2323 non
795 2286 878 2323 illius
889 2288 1004 2322 ditioni
1017 2284 1156 2320 subditur
1172 2299 1179 2320 :
1193 2284 1443 2328 ergoneceffitas
1470 2283 1621 2321 naturalis
1646 2283 1744 2319 libcr-

364 2337 420 2387 tuti
439 2335 611 2374 arbitriisic
629 2339 825 2386 opponitur,
848 2349 883 2373 ut
894 2333 1166 2385 quodneceffario
1181 2332 1327 2369 volumus
1341 2363 1350 2375 ‚
1375 2333 1512 2371 liberum
1524 2336 1661 2369 dicinon
1671 2331 1744 2381 pos-

363 2392 409 2419 ut.
