1857 2745
567 135 608 172 M
640 137 674 172 O
693 136 724 170 R
755 136 783 170 A
810 137 836 172 L
858 137 873 171 1
898 132 948 172 s:
1001 149 1004 150 ⁷
1394 155 1413 176 0

56 191 153 227 dere:
167 188 236 224 sunt
250 188 337 224 enim
349 184 470 235 spiritus
492 187 654 233 appetitus
668 184 836 221 sentientis
858 185 1064 220 instrumenta
1083 212 1094 229 ,
1115 188 1172 233 qui
1193 184 1275 221 illius
1295 152 1439 237 impetu}

58 243 198 288 primum
220 234 534 286 excipiunt,eoique
548 247 582 269 in
595 247 650 268 cor
669 247 768 282 iprum
790 240 823 271 δι
843 237 875 269 in
901 245 1006 282 partes
1024 237 1165 284 corporis
1185 234 1301 271 diffitas
1329 239 1437 285 perfe.

52 299 144 327 tunt:
161 288 240 322 hosi
277 287 420 335 aginatio
430 285 623 318 determinat
634 285 709 320 &in
719 296 836 319 nervos
854 285 999 326 emittit,
1012 284 1095 318 unde
1109 285 1147 318 ad
1159 297 1214 318 cor
1233 290 1265 321 &
1276 286 1437 333 reliquum

10 351 13 366 ἰ
55 349 170 385 corpus
183 336 380 370 deferuntur.
395 334 427 367 ld
441 334 570 380 quidem
583 332 620 367 fit
632 331 816 367 incredibili
826 332 991 367 celeritate
1008 344 1015 366 :
1030 345 1107 367 nam
1125 335 1157 368 in
1176 346 1346 369 momento
1357 337 1437 381 fere,

9 400 15 425 ⁴,
54 398 112 420 aut
137 386 246 420 iniohi
262 383 348 418 oculi
359 386 453 430 impu
461 381 519 418 ffio
537 380 578 415 ab
600 380 731 429 objecto
740 395 798 430 per
812 381 953 417 sensuum
964 393 1084 429 organa
1103 383 1142 416 ad
1159 381 1352 429 phantasiam
1375 398 1438 421 tra.

11 477 15 486 Δ
50 434 201 477 ducitur3
221 432 338 481 species
358 430 438 466 boni
457 460 467 474 ,
487 430 540 465 scu
555 432 741 474 commodi,
757 443 813 466 aut
830 434 918 466 noxii
937 433 1126 480 exprimitur
1147 435 1325 480 3appctitus
1349 446 1438 470 com-

53 494 224 526 movetur,
244 481 368 530 spiritus
385 492 459 515 cum
481 491 570 514 certo
593 481 720 515 ueleeiu
740 480 891 527 quosdam
917 492 1090 516 nervorum
1108 481 1268 515 summos
1293 481 1437 520 subeunt.

51 532 158 571 Nervi
174 533 320 579 quippe,
335 541 368 564 ut
390 528 446 564 suo
478 530 552 563 loco
576 529 719 566 dicemus
743 559 752 572 ,
779 543 816 564 ex
832 528 965 574 infinitis
988 542 1089 578 prope
1104 529 1253 564 funiculis
1275 531 1437 578 constant,

12 618 15 627 ἱ
54 582 109 628 qui
131 583 163 615 in
178 578 243 629 ipsa
257 581 401 627 origine,
423 591 576 625 tanquam
593 580 624 613 in
643 580 749 613 radice
766 577 854 614 divisi
867 608 877 622 ‚
898 581 930 615 in
951 591 1051 614 unum
1066 591 1201 614 nervum
1215 608 1225 622 ‚
1247 591 1283 614 ut
1298 582 1330 614 in
1350 593 1439 617 trun-

12 629 16 640 '
52 642 125 664 curn
142 628 246 677 plures
259 640 513 676 coguntur3tum
523 627 622 662 rursus
635 631 666 662 in
687 626 881 676 ipsoitinere
895 627 1102 711 sparguntur,
1121 633 1155 664 δε
1178 629 1209 662 in
1233 628 1297 663 suas
1317 633 1437 677 quique

49 689 158 727 partes
170 676 304 713 abeunt.
322 679 410 712 Tota
425 678 542 711 itidem
560 675 687 710 cerebri
705 675 870 712 substantia
882 689 920 711 ex
939 676 958 711 fi
989 676 1065 711 rillis
1075 677 1217 720 constat,
1230 690 1302 725 quae
1322 680 1355 712 in
1365 692 1438 714 ner.

50 739 112 762 vos
127 726 322 775 colliguntur
335 755 344 769 ,
356 728 435 760 citra
444 726 545 760 ullam
560 754 569 768 ,
582 737 619 760 ut
633 724 801 773 probabile
821 727 874 769 est,
885 724 1117 768 confusionem.
1132 727 1244 772 Qare
1255 726 1377 774 spiritus
1394 727 1436 763 ab

51 776 284 823 imaginatione
302 776 417 809 directi
435 786 610 809 nervorum
629 774 761 809 fibrillas
776 774 933 818 subeunt,
950 780 982 812 &-
998 778 1032 810 in
1049 778 1152 809 varias
1171 778 1314 824 corporis
1333 789 1437 824 partes

51 824 277 873 propelluntur
291 851 301 865 ,
317 835 416 871 atque
433 825 465 858 in
479 834 532 857 eas
547 823 684 857 tendunt
696 852 706 866 ,
719 835 855 870 quarum
871 827 1012 859 maxime
1029 824 1163 859 interest*
1184 827 1238 859 Sic
1260 824 1324 859 vis*
1344 825 1435 862 suavi

49 871 126 908 cibo
147 873 253 908 statim
264 872 388 920 spiritus
405 874 437 907 in
450 884 568 908 nervos
592 873 780 919 gustatorios
794 872 957 921 profluunt
968 903 978 918 ‚
996 884 1130 921 tumque
1151 873 1258 923 lingua
1270 874 1438 924 glandulas

51 921 152 969 palati
163 923 282 969 premit
293 950 303 965 ‚
318 927 351 957 ὅ(
368 920 500 955 salivam
511 922 673 968 exprimit.

89 969 150 1004 Ista
166 973 280 1016 utique
299 970 353 1004 suo
373 968 446 1002 loco
457 968 643 1016 diligentius
655 972 864 1006 excutientur.
879 972 1013 1006 Interim
1021 970 1099 1004 illud
1117 970 1329 1007 admonemus
1347 984 1434 1007 cere-

51 1015 103 1052 bri
116 1047 126 1062 ,
141 1030 314 1053 nervorum
325 1024 357 1054 δ(
370 1016 584 1052 musculorum
598 1016 692 1052 fibras
706 1020 751 1052 ita
770 1017 830 1053 effe
847 1020 865 1053 a
881 1030 991 1053 natura
1005 1031 1249 1067 coagmentatas
1259 1050 1269 1062 ‚
1298 1033 1333 1056 ut
1350 1033 1436 1056 certa

49 1069 194 1115 corporis
212 1069 316 1101 motio
327 1068 573 1114 perceptionem
589 1065 688 1111 ipsam
703 1065 806 1108 boni,
822 1078 878 1100 aut
887 1070 973 1100 noxii
984 1067 1091 1102 statim
1101 1068 1313 1115 consequa-tur
1327 1084 1334 1104 :
1347 1070 1436 1116 quod

49 1117 184 1163 quidem
202 1114 327 1151 summo
349 1114 488 1149 artificio
505 1113 651 1161 disposita
670 1117 812 1161 corporis
831 1114 852 1148 f<
865 1113 953 1148 brica
968 1144 978 1158 ,
994 1128 1169 1149 nervorum
1199 1116 1299 1151 tenfio
1314 1146 1323 1160 ‚
1350 1118 1437 1166 spiri-

50 1173 143 1200 tuum
157 1165 260 1198 tenuis
272 1191 281 1205 ‚
301 1162 447 1205 actuosa,
465 1168 496 1198 ὅ(
510 1162 644 1197 mobilis
661 1161 834 1197 substantia
855 1161 1007 1199 efficiunt.
1028 1166 1075 1199 Ut
1091 1165 1340 1211 omittamleqes
1365 1181 1438 1201 mo-

49 1222 142 1249 tuum
157 1211 359 1247 mechanicas
375 1240 385 1254 ‚
399 1212 440 1246 de
458 1210 576 1258 quibus
586 1210 664 1245 alibi
679 1240 686 1251 ,
703 1216 736 1248 &
753 1213 902 1247 ordinem
919 1211 962 1246 ab
981 1212 1117 1247 authore
1136 1226 1254 1248 natura:
1274 1206 1436 1268 firaescrip-

49 1271 132 1298 tum.
149 1263 236 1298 Nam
248 1273 284 1295 ut
306 1263 340 1295 in
359 1273 416 1308 rep
457 1258 543 1295 bene
563 1261 744 1304 constituta,
762 1259 800 1296 fic
820 1263 852 1295 in
872 1274 1008 1310 corpore
1023 1274 1094 1310 pars
1110 1274 1243 1310 quaeque
1258 1292 1268 1306 ,
1286 1265 1374 1311 quod
1393 1268 1436 1300 [ni

51 1310 98 1346 est
116 1313 253 1344 muneris
266 1339 276 1353 ‚
289 1312 350 1344 rite
369 1310 548 1355 exequitur.

84 1362 132 1395 Ex
146 1361 183 1393 iis
197 1361 306 1405 itaque
324 1358 484 1406 colligitur
497 1357 629 1393 affectus
655 1359 756 1393 animi
773 1370 809 1392 m
822 1356 894 1392 sede
909 1357 1002 1406 ipsius
1027 1360 1265 1407 imaginationis
1291 1366 1432 1397 excitati.

51 1407 196 1445 Affed'lms
216 1410 303 1442 enim
319 1406 387 1442 sunt
406 1419 437 1441 m
457 1408 604 1454 appetitu
629 1420 636 1441 :
663 1407 714 1439 {ed
736 1409 898 1453 appetitus
915 1407 956 1440 ab
979 1406 1040 1453 ipsa
1063 1410 1294 1455 imaginatione
1318 1424 1379 1446 nec
1401 1424 1434 1446 re

49 1469 111 1493 nec
132 1457 206 1491 loco
223 1456 390 1489 dividitur.
415 1457 503 1489 Nam
515 1454 616 1489 sensus
633 1454 685 1488 vel
709 1456 898 1502 imaginatio
922 1458 1104 1503 appetitum
1123 1462 1156 1492 &
1179 1459 1245 1490 vim
1264 1462 1434 1495 morricem

49 1507 186 1541 omnino
197 1505 394 1538 determinat
406 1509 458 1546 ,&
477 1515 614 1549 utraque
629 1505 675 1536 vis
687 1532 696 1545 ‚
713 1514 780 1538 turn
793 1515 948 1550 appetens
959 1533 968 1546 ,
994 1515 1062 1538 tum
1079 1506 1199 1541 motrix
1220 1504 1266 1538 ibi
1295 1506 1409 1542 residet
1424 1536 1434 1551 ,

48 1554 136 1589 unde
147 1564 254 1588 motus
266 1555 406 1600 primum
419 1554 553 1600 incipit:
571 1565 648 1599 ergo
661 1551 876 1598 quodcunque
887 1550 923 1586 sit
938 1554 1177 1600 imaginationis
1192 1582 1201 1596 ,
1218 1553 1270 1587 seu
1291 1556 1431 1603 phanta-

49 1601 98 1638 fiae
113 1600 289 1651 subjestum
303 1630 311 1643 ‚
326 1602 413 1635 idem
427 1601 473 1634 est
492 1603 657 1648 appetitus
675 1602 859 1637 &morticis
876 1600 1034 1636 facultatis
1053 1615 1221 1649 organum.
1235 1603 1434 1651 Qianquam

47 1653 97 1687 vis
115 1653 234 1685 morrix
248 1651 339 1685 latius
354 1649 384 1684 se
396 1648 568 1691 diffundit,
584 1661 618 1683 ut
634 1662 740 1684 motus
761 1651 918 1697 inroeptos
933 1649 1079 1697 perficiat
1098 1664 1105 1685 :
1122 1651 1205 1684 unde
1220 1650 1344 1698 spiritus
1363 1656 1433 1688 ani-

49 1699 149 1736 males
159 1698 201 1734 ab
217 1701 364 1747 appetitu
377 1704 410 1736 &
424 1700 654 1746 imaginatione
664 1701 783 1744 primos
799 1700 935 1746 impetus
952 1701 1133 1745 excipiunt,
1147 1702 1224 1735 &in
1242 1712 1347 1747 partes
1359 1714 1440 1736 cor-⁷

48 1751 136 1796 poris
161 1747 279 1782 dissitas
298 1747 476 1796 perferunt.
506 1750 586 1781 Sunt
618 1749 705 1782 enim
721 1749 879 1795 praecipua
896 1750 1012 1782 animae
1033 1747 1199 1782 sentientis
1219 1761 1337 1796 organa
1350 1763 1358 1784 :
1373 1750 1441 1784 hos—

49 1798 289 1845 imaginationi
304 1808 421 1831 nervos
435 1798 558 1829 emittit
576 1801 607 1833 8(
621 1798 714 1830 certis
725 1795 870 1830 motibus
887 1797 1032 1832 destinat.

96 1847 184 1894 Opp.
199 1859 226 1881 ι.
249 1844 390 1880 Affectus
411 1847 444 1879 in
458 1846 590 1891 pe&ore
606 1872 615 1884 ‚
633 1857 698 1879 non
712 1847 745 1879 in
760 1844 893 1878 cerebro
911 1847 1054 1880 excitari.
1077 1847 1166 1881 Nam
1186 1858 1240 1880 cor
1251 1849 1338 1881 varie
1352 1860 1431 1883 con-

50 1893 197 1937 trahitur,
210 1905 266 1928 aut
275 1894 424 1928 dilatatur
435 1922 443 1932 ,
462 1905 497 1926 ut
510 1891 623 1927 diverfi
639 1905 796 1940 exurgunt
808 1892 940 1928 afficias
955 1908 962 1929 z
978 1899 1011 1930 δ(
1027 1894 1168 1940 quandiu
1182 1906 1237 1928 cor
1252 1894 1349 1942 ipsum
1364 1910 1432 1931 non

51 1954 276 1978 commovetur
292 1971 302 1985 ,
324 1941 422 1990 paffio
441 1941 492 1975 vel
510 1941 643 1977 affectus
661 1942 722 1975 dici
736 1955 800 1975 non
815 1943 924 1989 potest.
947 1943 1059 1984 Quare
1079 1953 1115 1976 ut
1130 1942 1241 1990 lingua
1260 1956 1325 1978 non
1340 1947 1429 1979 vocis

31 2012 34 2019 ·
51 1991 152 2028 modo
174 1992 414 2039 explanationi,
438 1991 490 2024 sed
519 1989 681 2039 saporibus
707 2002 806 2024 etiam
822 1991 1030 2037 dijudicandis
1045 1991 1088 2024 ‹2st
1108 1991 1261 2025 destinata
1275 2021 1283 2033 ‚
1300 1991 1338 2026 fic
1360 2006 1432 2028 cor-

52 2040 99 2074 dis
115 2051 151 2073 ea
165 2041 208 2074 est
222 2052 347 2074 textura
366 2045 399 2075 ὃ(
412 2039 545 2082 fabrica,
564 2050 599 2073 ut
615 2053 680 2073 non
692 2038 792 2073 solnm
808 2045 921 2075 v1tae&
933 2042 1078 2074 omnium
1092 2052 1239 2074 motuum
1261 2039 1296 2075 fit
1312 2044 1432 2089 princi-

51 2091 160 2135 pium,
179 2087 341 2123 sedetiam
358 2100 392 2122 ut
412 2088 608 2124 bonorum&
625 2087 781 2122 malornm
800 2090 955 2134 opinione
968 2087 1009 2122 ab
1030 2090 1250 2136 imagimtrice
1273 2102 1433 2138 concepta

51 2137 96 2173 ita
115 2136 303 2181 xfficiatur‚m
314 2137 352 2171 ad
369 2136 447 2171 boni
459 2136 712 2184 complexum‚&
723 2137 799 2171 mali
814 2137 923 2185 fugam
936 2150 993 2171 nos
1003 2137 1281 2183 instigenimenim
1293 2139 1336 2172 est
1353 2152 1431 2174 con-

52 2185 226 2221 formatum
241 2198 275 2220 nt
290 2184 415 2220 diversis
426 2185 603 2221 aff-&uum
613 2185 757 2220 motibus
773 2198 815 2221 ex
828 2184 959 2234 fimplici
979 2185 1058 2220 boni
1077 2188 1232 2234 opinione
1249 2199 1429 2223 moveatur.

90 2233 178 2273 Resp,
209 2235 369 2270 Affecmm
384 2236 413 2268 in
431 2237 544 2269 animae
563 2240 597 2271 &
620 2234 784 2281 spirituum
806 2237 1030 2269 commotione
1054 2237 1192 2268 maxime
1206 2234 1266 2268 effe
1284 2234 1430 2282 positum,

29 2311 31 2315 .
56 2294 194 2327 eumque
207 2285 242 2317 in
258 2284 391 2318 cert-bro
406 2283 538 2318 formari
552 2313 561 2325 ,
577 2295 644 2318 tum
654 2283 693 2316 ad
707 2296 761 2318 cor
775 2282 874 2331 ipsum
892 2281 976 2330 quasi
993 2284 1032 2316 ad
1049 2295 1153 2317 rotam
1169 2282 1261 2330 hujus
1276 2286 1431 2320 machina:

29 2367 31 2371 ¹
57 2332 383 2379 priinar·i.und1ffi11idi
399 2362 403 2365 .
419 2344 454 2366 ut
471 2335 502 2366 in
523 2332 723 2380 sanguinem,
748 2338 780 2368 δ(
798 2332 876 2366 alias
898 2334 1038 2379 corporis
1065 2343 1169 2375 pitres
1192 2333 1368 2379 pervadat,
1391 2346 1430 2368 ac

30 2413 32 2430 Ἰ,
58 2391 172 2428 corpus
192 2378 291 2428 ipsum
310 2383 344 2417 in
357 2393 396 2415 eo
408 2379 466 2415 fitu
482 2386 516 2418 &
527 2383 666 2429 partium
678 2379 902 2429 dispofitione,
919 2393 1018 2429 quam
1034 2380 1168 2417 affectus
1189 2392 1302 2415 natura
1321 2382 1431 2430 postu-

1134 2432 1158 2465 E
1172 2442 1188 2464 e
1199 2442 1215 2463 e
1242 2432 1262 2477 ij
