1857 2745
398 163 655 216 rogatio-‚altera
663 176 731 211 quae
747 174 854 197 terum
862 163 912 197 est
932 161 1129 207 multitudo,
1143 176 1216 198 cum
1235 165 1275 200 de
1285 162 1396 199 multis
1410 191 1420 207 ,
1438 174 1559 211 quanta
1570 168 1787 213 ,aur‘potius‚-

399 227 484 262 quot
502 213 560 250 sint
573 242 583 257 ,
595 217 757 259 quaeritur.
776 212 906 260 Duplex
918 213 1031 258 itaque
1041 214 1218 258 quantitas,
1234 216 1389 249 continua
1399 213 1573 257 videlicet,
1584 220 1616 251 δε
1635 214 1786 250 discreta:

402 264 484 298 illius
503 273 607 311 partes
629 260 795 297 communi
807 260 936 297 vinculo
948 260 1139 309 copulantur
1152 278 1161 306 3
1173 260 1236 298 five
1257 275 1295 298 ea
1317 261 1354 296 sit
1374 273 1584 310 permanan,
1601 275 1638 298 ut
1647 275 1783 312 corpus,

401 311 464 348 five
475 309 641 346 successiva
650 341 659 354 ‚
672 323 706 346 ut
723 322 860 358 tempus.

434 362 609 407 Qiantitas
623 374 700 395 vero
710 361 841 394 discreta
853 372 892 394 ea
905 359 948 394 est
959 363 1044 408 cujus
1060 369 1168 407 partes
1181 358 1272 396 nullo
1285 363 1452 396 communi
1478 359 1608 396 vinculo
1629 361 1784 410 copulan-

403 421 474 445 tur:
494 421 530 443 ut
550 416 700 444 numerus
712 437 720 448 ,
734 408 787 443 vel
797 414 914 446 oratio.

444 458 536 506 Qid
554 452 648 507 igitur
665 457 896 505 fitquantitas,
919 459 952 491 in
965 456 1145 492 universum
1165 459 1220 492 vix
1241 457 1392 506 explicari
1410 458 1536 506 potest:
1555 470 1626 492 cum
1645 472 1708 494 vox
1727 458 1783 493 illa.

403 522 471 545 non
484 507 520 542 sit
533 506 720 556 synonyma.
739 509 826 543 Nam
842 506 1034 555 magnitudo
1046 506 1263 543 &multitudo
1275 510 1309 542 in
1323 509 1458 542 nomine
1472 507 1606 554 quidem
1616 511 1783 553 quantita..

404 560 444 592 tis
456 559 667 598 conveniunt,
680 556 787 591 nonin
800 556 881 591 illius
893 557 1033 591 nominis
1052 554 1253 592 definitione.
1267 559 1356 591 Hinc
1368 556 1551 590 Aristoteles
1563 558 1596 590 in
1608 556 1669 590 hoc
1679 559 1784 604 capite

403 607 527 641 orditur
544 604 848 653 &divisionequanti
859 610 892 641 in
910 606 1099 639 continuum
1111 610 1145 640 &
1159 603 1337 640 discretum.
1350 607 1513 652 Quantum
1525 633 1535 647 ‚
1551 605 1658 650 inquit
1671 634 1679 647 ‚
1691 606 1785 640 alind

406 656 577 701 discretum
591 684 595 692 ,
619 655 711 689 aliud
724 656 952 689 continuatum.
969 654 1071 701 Qod
1085 651 1106 687 si
1119 665 1183 688 una
1194 651 1270 688 esset
1280 653 1441 700 utriusque
1453 655 1536 687 ratio
1548 680 1557 694 ,
1572 652 1613 686 ab
1629 652 1692 700 ipsa
1704 652 1790 689 defi.¹

404 706 532 740 nitione
558 702 734 752 incepilset.
769 704 857 737 Cum
869 704 957 737 enim
974 714 1039 736 vox
1060 702 1102 735 est
1132 701 1313 750 synonyma
1325 717 1336 740 ,2
1353 704 1439 751 prius
1454 714 1521 735 rem
1537 700 1671 735 definire
1685 701 1786 747 solet,

404 765 506 800 quam
519 755 551 787 in
562 763 668 800 partes
681 765 752 786 eam
760 751 950 786 distribuere
964 764 971 785 :
988 752 1020 784 in
1031 751 1242 798 homonymis
1256 763 1368 786 contra
1378 779 1388 794 ‚
1398 748 1590 784 divisionem
1600 753 1760 797 permittit

404 814 480 837 nam
491 814 559 849 quae
571 801 643 836 sunt
655 801 803 848 ambigua
813 830 822 845 ,
833 803 915 849 prius
930 797 999 833 sunt
1013 798 1188 833 dividenda
1197 827 1208 842 ‚
1232 812 1332 846 quam
1347 797 1544 835 definienda.

446 852 568 885 Frustra
587 853 745 897 quaeritur'
758 863 799 884 an
816 851 909 884 detur
928 849 1090 895 quantitas
1111 875 1118 885 ‚
1137 845 1509 896 seu'magnitud02-cum
1532 848 1614 882 nihil
1633 847 1666 883 in
1690 847 1785 884 rebus

405 901 569 948 corporeis
587 898 623 933 sit
633 901 740 934 notius
751 911 849 945 quam
871 909 981 932 earum
995 895 1156 940 emensio,
1171 896 1222 931 seu
1239 899 1401 942 quantitas
1416 910 1424 931 :
1442 897 1473 930 id
1483 898 1595 943 utique
1610 896 1694 932 sensu
1712 910 1789 946 per-

407 951 562 996 cipimus,
580 948 669 993 quod
684 947 731 981 est
746 946 909 981 extensum
921 961 931 988 3
945 950 979 981 δε
993 944 1079 991 quod
1090 947 1260 989 metimur,
1270 945 1303 979 id
1316 956 1414 980 omne
1423 956 1580 992 quantum
1591 945 1655 989 est,
1667 948 1700 981 in
1714 959 1792 996 para

409 1009 457 1032 tes
468 997 514 1031 est
533 995 692 1031 divisibile
706 1025 716 1039 ‚
726 1001 758 1031 &
772 995 909 1043 spatium
920 992 1147 1040 suumimplet.

435 1048 555 1091 Neque
577 1045 640 1078 hoc
659 1044 732 1078 loco
746 1046 936 1090 inquirimus
953 1070 962 1085 ‚
979 1042 1057 1088 quid
1073 1044 1200 1089 proine
1216 1039 1382 1076 essentiam
1400 1048 1433 1079 &
1449 1045 1609 1080 rationem
1621 1047 1788 1092 quantita-¹

408 1095 448 1127 tis
465 1093 637 1127 constituat
655 1109 663 1134 ·,
680 1104 719 1126 an
738 1090 878 1127 eXtensio
891 1091 1033 1137 corporis
1058 1091 1213 1132 inter-ior3
1230 1101 1272 1123 an
1291 1092 1372 1124 trina
1394 1097 1427 1128 δε
1448 1091 1556 1127 localis
1578 1092 1731 1128 dimensio
1752 1097 1786 1129 in

407 1142 543 1189 longum
562 1170 572 1184 ,
588 1139 688 1174 latum
703 1140 962 1188 &profundum3
979 1151 1019 1171 an
1035 1139 1123 1184 quod
1143 1149 1248 1187 partes
1262 1137 1403 1183 habeat,
1424 1145 1456 1177 δε
1476 1139 1512 1175 sit
1533 1142 1720 1186 divifibili53
1741 1155 1784 1178 an

408 1191 495 1237 quod
507 1202 544 1223 ea
558 1201 673 1236 corpus
684 1187 801 1224 efficiat
813 1185 1075 1236 impenetrabile:
1094 1189 1136 1221 ita
1146 1199 1179 1221 ut
1189 1184 1230 1220 ab
1247 1199 1288 1220 eo
1300 1200 1398 1234 quem
1411 1202 1548 1237 occupat
1565 1190 1638 1226 loco
1649 1220 1659 1234 ,
1669 1203 1785 1225 caetera

406 1238 549 1286 expellat
559 1248 714 1285 corpora1
731 1250 770 1272 an
784 1238 871 1285 quod
883 1239 919 1270 ea
937 1234 972 1270 [it
984 1235 1199 1270 mensurabilis
1215 1246 1224 1271 Ξ
1241 1248 1314 1270 cum
1331 1239 1416 1272 enim
1427 1240 1595 1285 quaerimus
1615 1251 1735 1288 quanta
1749 1238 1785 1275 fit

409 1300 457 1320 res
471 1298 607 1334 quaeque
617 1315 626 1330 ‚
643 1298 712 1321 tum
734 1286 817 1320 illius
830 1285 1010 1321 mensuram
1025 1283 1203 1320 afferimus:
1217 1285 1269 1318 ista
1279 1314 1288 1327 ,
1300 1287 1432 1332 inquam
1442 1316 1451 1329 ‚
1464 1287 1541 1321 alibi
1553 1288 1785 1337 expendemus:

410 1335 485 1370 cum
504 1336 566 1370 hoc
587 1335 659 1369 loco
678 1338 828 1370 notiones
846 1345 969 1369 tantum
980 1333 1115 1382 logicas,
1129 1333 1238 1368 seriem
1249 1336 1397 1368 nimirum
1410 1340 1635 1383 categoricam,
1650 1350 1785 1385 qumque

410 1384 471 1419 sint
483 1396 601 1431 genera
613 1412 622 1427 ‚
644 1397 697 1419 aut
722 1383 841 1432 species
859 1385 1069 1431 quantitatis,
1083 1396 1148 1418 non
1168 1384 1316 1418 intimam
1332 1382 1416 1418 illius
1445 1397 1595 1421 naturam
1613 1384 1788 1435 persequaa

412 1444 493 1468 mus.

449 1481 533 1515 Cum
547 1493 654 1515 autem
665 1482 704 1515 de
719 1483 900 1528 quantitate
918 1481 1050 1516 discreta
1067 1494 1134 1516 non
1151 1479 1228 1515 alius
1243 1482 1364 1516 futurus
1380 1481 1416 1516 sit
1432 1482 1600 1518 disserendi
1615 1482 1785 1524 locus,non

411 1531 472 1563 erit
488 1529 632 1565 alienum
647 1531 679 1565 in
697 1542 763 1578 quo
779 1529 880 1579 posita
892 1528 927 1563 sit
943 1531 1068 1564 numeri
1088 1539 1220 1572 natura,
1235 1530 1298 1565 hoc
1315 1529 1389 1565 loco
1410 1531 1594 1582 diligentius
1611 1532 1783 1580 inquirereq

826 1609 1262 1647 ARTICULUS
1323 1615 1371 1650 11.

881 1692 936 1725 De
954 1692 1138 1737 quantitate
1161 1692 1198 1726 di
1209 1701 1303 1728 creta.
1327 1717 1329 1719 ·

411 1772 652 1854 Dlscretam
673 1774 892 1821 quantitatem
916 1785 988 1808 eam
1007 1771 1067 1808 effe
1079 1801 1089 1816 ‚
1119 1778 1333 1822 cujuspartes
1363 1770 1454 1809 nullu
1471 1777 1633 1809 communi
1652 1776 1783 1810 vinculo

475 1842 482 1847 ι
505 1828 754 1871 conjunguntur,
769 1827 834 1870 jam
849 1821 938 1870 supra
950 1823 1087 1857 diximus
1101 1834 1258 1868 3eamque
1271 1826 1304 1858 in
1323 1823 1442 1871 duplici
1460 1820 1519 1856 effe
1535 1821 1712 1858 differentia
1725 1838 1784 1858 vo-

410 1870 491 1906 lunt.
508 1873 594 1906 Nam
608 1871 660 1906 vel
672 1884 820 1906 numerus
831 1870 949 1913 est‚vel
960 1873 1072 1906 oratio.
1086 1872 1166 1904 Haec
1178 1871 1258 1905 nihil
1272 1871 1356 1905 aliud
1369 1871 1494 1904 videtur
1503 1870 1562 1907 effe
1572 1899 1581 1912 ‚
1603 1883 1699 1916 quam
1711 1871 1783 1919 plu-

410 1932 459 1953 res
470 1919 536 1954 soni
550 1933 615 1955 non
632 1919 731 1962 fimul,
748 1918 799 1953 sed
813 1917 1002 1953 succeffione
1013 1919 1151 1964 quadam
1166 1919 1294 1962 prolati.
1316 1922 1367 1954 De
1379 1920 1526 1952 oratione
1545 1930 1614 1964 quae
1627 1919 1666 1952 ad
1678 1933 1780 1967 quan.-

411 1971 539 2003 titatem
550 1966 750 2003 succeffivam
764 1966 903 2014 speetat,
915 1965 976 1999 hoc
995 1965 1069 1999 loco
1078 1965 1185 2002 dicere
1193 1966 1271 2001 nihil
1284 1968 1406 2002 necess'e
1421 1967 1480 2001 est:
1494 1968 1620 2002 nuncin
1636 1980 1701 2015 quo
1716 1982 1780 2017 po-

410 2016 463 2053 sita
479 2017 605 2052 (itratio
622 2018 766 2058 numeri,
782 2013 877 2063 paulo
895 2016 1046 2049 attentius
1060 2013 1153 2049 nobis
1171 2015 1215 2049 est
1230 2017 1429 2052 intuendum.

453 2071 531 2102 Duo
545 2065 645 2100 solent
659 2067 692 2100 in
705 2076 842 2099 nurnero
852 2092 860 2106 ‚
872 2075 907 2097 ut
919 2065 953 2097 in
962 2063 1052 2097 rebus
1066 2076 1148 2110 pene
1157 2064 1309 2100 omnibus
1322 2066 1515 2114 distinguere
1525 2096 1533 2110 ,
1544 2069 1711 2102 materiam
1729 2069 1780 2102 ni-

409 2118 492 2150 mim
503 2130 524 2148 ν
538 2121 569 2152 ἃ
584 2115 883 2149 formamnnateria
902 2111 969 2146 suut
979 2112 1107 2160 resipsae
1116 2113 1348 2150 numerabiles:
1366 2126 1399 2148 ut
1420 2114 1522 2163 plui-cs
1542 2119 1665 2152 nummi
1681 2133 1690 2159 -,
1711 2117 1781 2150 for-

411 2177 463 2198 ma
479 2164 525 2198 est
535 2177 602 2211 quae
621 2175 787 2198 numerum
801 2164 831 2196 in
843 2173 929 2195 certa
941 2159 1045 2205 specie
1056 2163 1230 2199 constituit.
1250 2165 1300 2198 Sic
1319 2163 1424 2198 forma
1443 2167 1567 2199 numeri
1580 2166 1779 2212 quaternarii

410 2212 527 2246 dietm-
538 2214 733 2256 qwternitas
745 2225 752 2246 :
764 2213 929 2258 quaerimus
942 2211 972 2244 in
985 2223 1049 2257 quo
1059 2210 1158 2258 posita
1168 2210 1204 2246 sit
1220 2224 1257 2246 ea
1273 2214 1394 2247 numeri
1411 2212 1526 2249 forma.

448 2262 495 2293 Ac
511 2262 579 2294 dum
595 2262 725 2307 quidem
743 2272 892 2295 extremae
911 2259 980 2294 sunt
998 2261 1168 2302 opiniones
1187 2276 1195 2303 3
1214 2274 1275 2295 una
1296 2273 1408 2294 eorum
1419 2264 1475 2307 qui
1495 2265 1617 2296 numeri
1639 2262 1779 2299 formam

412 2321 479 2343 non
491 2308 572 2342 aliud
592 2309 651 2344 effe
669 2321 783 2357 putant
795 2339 804 2352 ,
816 2321 913 2356 quam
925 2321 979 2343 ens
997 2307 1141 2344 flentium
1153 2339 1162 2352 ,
1179 2310 1267 2357 quod
1286 2308 1380 2344 rebus
1395 2309 1461 2356 ipfis
1476 2311 1626 2346 distnffis
1637 2311 1655 2346 ὰ
1669 2323 1780 2346 mente

410 2356 574 2402 tribuitur,
592 2360 743 2407 quodque
757 2361 889 2397 nemine
903 2360 1067 2409 cogitante
1079 2359 1204 2397 nullutn
1222 2358 1279 2407 est3
1290 2370 1345 2396 aut
1364 2371 1448 2397 cette
1462 2372 1530 2398 non
1544 2359 1629 2397 aliud
1645 2358 1778 2442 cstssifi

1739 2419 1777 2443 ea
