1857 2745
374 138 429 172 ¹90
921 115 951 151 L
967 116 1003 152 Ο
1017 116 1048 151 G
1065 116 1080 150 1
1093 114 1125 152 C
1136 117 1177 151 AE

413 178 527 220 Itaque
548 172 645 205 tertia
669 163 788 203 mentis
814 167 965 215 operatio
991 165 1036 199 est
1065 161 1245 215 composita
1262 190 1272 207 ,
1294 171 1332 198 ut
1350 160 1441 198 aiunt
1460 188 1472 205 ,
1504 161 1793 214 ptaefiippofitive}·
1836 176 1844 188 1‘

372 236 448 260 nam
461 223 600 269 primam
613 215 828 255 &secundam
845 213 1077 265 operationem
1092 214 1312 265 praesupponit
1323 227 1331 249 :
1343 225 1410 248 non
1423 212 1603 248 formaliter
1616 220 1651 252 δ(
1666 217 1783 252 intrin-

372 272 451 308 sece.
476 269 527 305 Est
541 271 630 303 enim
646 266 703 303 sim
728 265 780 301 lex
795 266 886 301 aetus
901 294 911 309 ‚
933 278 1000 314 quo
1017 278 1119 302 unum
1137 277 1179 300 ex
1194 266 1261 300 alio
1277 293 1299 308 ,.
1315 274 1372 298 aut
1389 274 1432 298 ex
1445 260 1592 311 pluribus
1609 265 1783 316 colligitur.

404 321 493 356 Cum
507 320 604 367 igitur
615 346 625 362 ,
647 329 684 352 ut
696 279 774 365 (gepe
786 316 926 352 diximus
943 343 953 358 ,
972 327 1043 351 tem
1053 315 1138 352 nude
1156 319 1189 352 &
1199 313 1384 363 simpliciter
1400 313 1594 361 percipimus
1607 342 1616 357 ,
1631 325 1700 350 tum
1715 316 1783 364 pri-

373 382 426 405 ma
443 369 559 403 dicitur
571 369 687 402 mentis
702 368 875 415 operatio:
901 363 953 399 sed
971 364 1030 400 ubi
1054 378 1156 401 unum
1183 377 1259 399 cum
1275 362 1379 398 altero
1407 361 1607 398 conferimus
1619 391 1629 406 ,
1653 375 1721 400 tum
1743 362 1783 400 fit

372 418 512 454 secunda
530 418 649 453 mentis
662 417 749 452 aCtio
768 432 777 460 3
800 415 1090 451 dummodo-mens
1103 414 1226 462 aliquid
1244 411 1386 449 affirmet
1399 423 1453 446 aut
1467 424 1568 461 neget
1586 426 1594 448 :
1610 424 1647 448 ut
1656 412 1681 448 «fi
1689 415 1783 450 dixe-

373 470 436 503 rim
449 496 459 511 ‚
473 466 524 502 bis
549 477 688 514 quatuor
706 463 768 501 effe
786 467 885 500 oCto:
913 476 983 499 tum
1000 467 1089 501 enim
1107 465 1253 513 percipio
1275 461 1508 498 habitudinem
1525 474 1598 509 quae
1613 463 1698 498 inter
1725 475 1786 499 ex-

374 528 480 553 trema
494 514 723 566 propositionis
739 543 749 558 ,
768 527 824 550 aut
837 515 998 550 distinctas
1014 515 1101 549 ideas
1115 513 1298 549 intercedit.
1316 511 1381 547 Sed
1392 509 1448 546 ubi
1460 524 1528 547 non
1539 510 1638 546 solam
1649 512 1785 549 relatio-

375 579 454 604 nem
466 579 537 613 quae
555 568 639 601 inter
651 578 699 600 res
714 563 793 614 ipsas
804 594 814 608 ‚
833 564 937 612 qualis
954 564 1001 599 est
1012 568 1097 599 inter
1110 562 1161 598 bis
1174 575 1313 612 quatuor
1330 567 1364 600 &
1383 561 1480 604 0610,
1498 559 1552 595 sed
1568 560 1760 598 relationum
1773 589 1785 606 ,

374 627 413 651 ut
423 616 468 650 ita
483 615 590 650 dicam
604 643 613 658 ,
627 615 822 650 relationem
840 613 894 649 vel
908 613 1135 650 habitudinem
1151 624 1242 649 mens
1261 613 1414 662 percipit-⁷³
1434 621 1505 645 turn
1520 610 1638 644 dicitur
1650 613 1794 646 ratioci--
1844 602 1848 624 '²

373 667 464 700 nari:
481 676 517 699 ut
531 677 605 700 cum
618 664 989 714 judicavit.o&onarium
1001 667 1164 700 minorem
1175 660 1237 698 esse
1247 663 1382 697 denario
1394 689 1404 704 ‚
1418 664 1452 697 &
1466 659 1514 694 bis
1525 671 1666 708 quatuor
1677 672 1784 709 aequa.

373 715 402 749 ti
415 715 588 749 ostonario
599 743 609 758 ,
623 714 729 749 statim
741 713 917 756 concludit,
928 719 961 751 ὃ(
972 715 1110 762 percipit
1124 709 1174 746 bis
1188 723 1329 759 quatuor
1341 709 1401 745 effe
1411 710 1537 744 minora
1547 709 1672 747 decem.
1681 710 1797 746 Cum--
1846 731 1847 734 κ

372 774 440 811 que
454 775 545 799 mens
555 766 592 798 iis
603 776 672 812 quae
681 765 822 812 percipit
839 792 848 807 ,
865 761 1030 798 aisentitur
1046 791 1056 805 ,
1080 773 1147 796 tum
1166 761 1307 809 judicat,
1325 770 1381 794 aut
1395 757 1576 794 concludit·‚-
1591 759 1683 806 quod
1698 758 1802 796 forte*
1850 772 1851 793 ;

372 814 455 846 citra
471 812 677 849 voluntatem
698 826 766 847 non
783 811 919 848 efficitur
944 826 952 848 ε
986 812 1067 847 illius
1087 812 1176 845 enim
1190 810 1233 844 est
1247 809 1422 844 decernere
1437 836 1448 852 ,
1469 819 1511 842 an
1528 808 1562 843 in
1586 807 1683 842 rebus
1708 819 1786 856 per-

373 864 479 910 ceptis
500 860 538 897 sit
557 860 825 910 acquiescendum
838 890 848 905 ‚
875 874 991 908 necne.

411 911 578 958 roirca
589 914 622 946 in
631 913 722 946 omni
735 910 868 945 discursu
877 940 887 954 ‚
905 910 998 946 utab
1008 909 1075 944 aliis
1086 911 1174 946 redte
1186 907 1396 950 observatur,
1412 907 1473 940 tria
1486 904 1558 940 sunt
1568 904 1685 954 judicia
1697 921 1707 948 ·,
1717 905 1797 953 pris

374 972 464 996 mum
475 961 517 994 est
530 960 754 995 antecedentis
767 988 774 999 ‚
795 972 864 1008 quo
884 972 979 996 mens
989 957 1145 996 affensurn
1158 987 1166 998 ‚
1183 969 1240 993 aut
1255 955 1423 992 dissensum
1445 954 1569 1004 praebet
1588 952 1794 1004 propositio--

374 1012 408 1045 ni
425 1037 433 1052 ‚
459 1022 499 1043 ex
527 1022 589 1056 qua
613 1010 676 1044 alia
698 1009 856 1046 infertur.-

409 1066 443 1094 2’
462 1057 515 1092 Est
531 1058 688 1105 judicium
705 1056 932 1105 consequentis
945 1084 955 1100 ,
981 1068 1049 1103 quo
1069 1066 1164 1090 mens
1192 1053 1363 1095 assensum,
1395 1065 1450 1088 aut
1469 1051 1636 1088 dissensum
1657 1051 1787 1102 praebet

376 1104 590 1155 propositioni
615 1119 686 1153 quae
702 1105 821 1140 exalia
834 1106 995 1141 infertur.v

411 1157 560 1191 Tertium
571 1156 613 1190 est
626 1156 783 1203 judicium
794 1154 1033 1202 consequentiae
1043 1181 1052 1197 ,
1077 1165 1144 1200 quo
1155 1164 1248 1188 mens
1267 1152 1386 1200 judicat
1399 1161 1509 1199 aptam
1529 1150 1591 1187 effe
1603 1154 1786 1188 connexio-

376 1217 454 1240 nem
466 1207 550 1239 inter
567 1204 810 1240 antecedens&
823 1203 1035 1251 consequens.
1045 1203 1340 1244 Ratiocinium,aut
1357 1199 1516 1245 discursus,
1529 1200 1668 1251 pofitum
1686 1203 1729 1238 est
1750 1204 1786 1238 in

373 1255 496 1303 judicio
513 1252 757 1302 consequentis:
782 1256 817 1288 In
830 1252 893 1289 hoc
906 1255 992 1288 enim
1003 1251 1046 1286 ab
1064 1250 1133 1286 aliis
1145 1249 1369 1287 funCtionibus
1383 1251 1520 1295 mentis,
1539 1263 1609 1299 quae
1629 1265 1697 1287 non
1715 1250 1794 1287 sunt*

377 1302 555 1339 discursivae
567 1332 575 1346 ,
586 1305 693 1352 primo
707 1302 892 1339 secernitur.
901 1303 1065 1349 Cumque
1075 1303 1224 1350 cognitio
1235 1299 1460 1347 consequentis
1475 1302 1619 1347 pendeat
1636 1300 1656 1337 ὲ
1673 1303 1785 1351 cogni·

377 1355 471 1388 tione
495 1353 720 1388 antecedentis
737 1363 904 1400 ‚eamque
926 1350 1109 1399 supponat,
1143 1349 1251 1399 palam
1274 1349 1320 1384 est
1340 1347 1511 1384 discursum
1527 1350 1569 1384 ad
1586 1353 1698 1387 Deum
1715 1363 1787 1388 non

376 1403 565 1452 pertinere:
586 1400 664 1436 cum
677 1413 745 1437 uno
761 1407 794 1438 &
807 1401 926 1436 eodem
946 1402 1022 1435 aestu
1047 1401 1161 1434 omnia
1173 1397 1356 1447 cognoscat.

415 1451 516 1499 Qod
533 1450 553 1485 fi
568 1453 679 1497 itaque
693 1449 829 1498 proipsa
842 1450 1093 1484 ratiocinatione
1111 1447 1330 1496 syllogismum
1349 1447 1543 1494 accipiamus
1553 1475 1564 1490 ,
1576 1446 1662 1481 illius
1672 1458 1787 1482 natura

379 1502 412 1534 in
431 1499 496 1533 sola
515 1498 720 1533 conclusione
731 1498 872 1533 versatur
884 1527 893 1541 ‚
907 1510 976 1544 quae
987 1497 1195 1545 estjudicium
1205 1507 1244 1530 ex
1255 1496 1324 1529 aliis
1333 1496 1456 1544 judiciis
1474 1495 1648 1531 deductum
1670 1507 1726 1531 aut
1745 1495 1787 1532 il.

379 1548 495 1583 latum.
519 1549 561 1583 At
576 1546 597 1582 fi
609 1545 783 1596 syllogismi
797 1549 933 1583 nomine
942 1545 1152 1594 intelligimus
1162 1546 1350 1579 orationem
1364 1557 1435 1592 quae
1445 1556 1483 1578 ex
1493 1543 1652 1592 praemiffis
1661 1550 1695 1582 &
1704 1557 1784 1581 con.

379 1595 519 1632 elusione
534 1597 660 1632 constat
671 1624 682 1640 ‚
696 1610 764 1632 non
776 1595 913 1632 dubium
927 1596 970 1630 est
983 1596 1062 1642 quin
1082 1592 1243 1630 conclusio
1260 1593 1343 1628 illius
1363 1606 1435 1642 pars
1455 1592 1608 1630 habenda
1623 1593 1660 1629 fit
1681 1607 1689 1630 :
1710 1607 1786 1631 cum

379 1645 583 1694 syllogismus
601 1644 637 1680 sit
651 1646 942 1694 argumentationis
965 1644 1106 1692 species,
1133 1645 1373 1692 argumentatio
1391 1641 1471 1679 vero
1485 1642 1522 1678 fit
1537 1646 1645 1680 oratio
1664 1645 1700 1679 in
1720 1655 1788 1692 qua

380 1709 448 1731 una
465 1694 644 1743 propofitio
657 1708 697 1730 ex
709 1708 777 1731 una
785 1695 838 1731 vel
847 1693 989 1743 pluribus
1003 1693 1151 1729 infertur.

420 1745 584 1780 Postremo
602 1743 623 1779 si
633 1746 807 1793 accipiatur
817 1741 1017 1794 syllogismus
1032 1742 1322 1777 utinstrumentum
1334 1740 1475 1785 sciendi,
1494 1753 1560 1789 quo
1574 1741 1606 1775 in
1621 1740 1787 1790 cognitio..

379 1807 455 1830 nem
466 1792 677 1829 conclusionis
686 1795 834 1829 ducimur
847 1823 856 1838 ‚
878 1792 986 1842 palam
998 1792 1042 1827 est
1051 1789 1291 1827 conclusionem
1305 1804 1372 1826 non
1383 1789 1444 1826 effe
1459 1789 1631 1839 syllogismi
1646 1801 1786 1839 partem,

379 1841 434 1879 sed
449 1842 612 1880 effectum.
636 1843 757 1879 Nullus
775 1856 886 1879 autem
901 1841 1038 1877 effeetus
1050 1841 1090 1875 ad
1107 1840 1233 1876 causam
1247 1839 1335 1876 suam
1350 1839 1569 1882 effectricem,
1589 1850 1626 1873 ut
1641 1851 1713 1886 pars
1729 1838 1788 1874 ali-

379 1905 444 1941 qua
461 1895 612 1940 pertinet.
630 1895 683 1927 Sic
698 1895 795 1941 igitur
809 1890 966 1927 conclusio
984 1891 1028 1925 est
1039 1888 1169 1924 estentia
1178 1886 1352 1936 syllogismi
1368 1888 1551 1922 formaliter
1564 1885 1788 1935 sumpti,qua-

380 1954 474 1978 tenus
492 1943 536 1977 est
556 1944 652 1977 tertia
670 1944 790 1976 mentis
810 1942 971 1988 operatio.
995 1939 1047 1973 Est
1058 1940 1157 1971 etiam
1169 1948 1241 1984 pars
1261 1936 1428 1985 integralis
1445 1935 1631 1985 syllogismo
1643 1948 1785 1972 conten-

380 2003 413 2027 ta
425 2006 432 2027 ε
445 1992 488 2026 est
499 1992 641 2038 denique
652 1989 805 2027 effeetus,
830 2001 896 2024 non
910 1999 981 2036 pars
995 1984 1187 2035 syllogismi,
1199 1997 1233 2021 ut
1251 1985 1298 2020 est
1309 1987 1415 2020 oratio
1424 1986 1569 2033 quaedam
1582 1985 1688 2035 logica
1699 2014 1711 2030 ‚
1726 1985 1783 2022 seu

378 2043 449 2076 veri
460 2041 716 2076 manifestatrix:
742 2051 815 2087 quae
830 2036 951 2074 scilicet
966 2049 1026 2073 nos
1043 2038 1079 2072 in
1094 2037 1143 2070 rei
1155 2036 1288 2084 ignom,
1303 2047 1362 2084 per
1373 2035 1470 2072 aliam
1480 2037 1644 2071 nodorem
1655 2064 1667 2080 ,
1690 2035 1782 2072 ducit

379 2092 618 2139 cognitionem.

418 2138 546 2175 Verum
565 2140 642 2175 hinc
652 2138 715 2174 alia
726 2148 862 2186 quoque
875 2138 981 2171 oritur
990 2135 1120 2185 quaestio
1132 2163 1142 2178 ‚
1162 2146 1203 2170 an
1217 2145 1308 2171 mens
1321 2134 1425 2170 libere
1434 2144 1490 2169 aut
1503 2132 1688 2170 neceffitate
1697 2145 1789 2184 quaa!

382 2188 457 2223 dam
468 2188 666 2224 conclusioni
678 2186 860 2223 assentiatur
874 2216 884 2230 ‚
909 2186 993 2221 adeo
1013 2198 1049 2220 ut
1059 2183 1210 2219 dubitare
1220 2197 1286 2219 non
1306 2183 1399 2234 poffit
1415 2186 1493 2231 quin
1504 2196 1581 2218 vera
1595 2182 1632 2219 fit
1646 2184 1782 2220 conclu..

383 2235 448 2273 fio:
470 2238 556 2284 quod
569 2241 684 2285 utique
700 2234 919 2273 necessitatem
929 2234 1175 2284 specificationis
1196 2235 1386 2278 nominant3
1397 2245 1457 2269 nec
1471 2232 1658 2282 suspendere
1676 2237 1777 2270 etiam

383 2285 535 2320 assensum
546 2299 646 2334 queat
659 2287 765 2334 :quod
781 2284 999 2322 neceffitatem
1012 2285 1158 2321 exercitii
1177 2295 1316 2328 vocant,
1331 2297 1404 2320 cum
1424 2281 1543 2319 scilicet
1557 2283 1599 2318 ad
1616 2283 1779 2333 agendum

383 2334 436 2370 hic
455 2340 488 2370 &
500 2348 587 2371 nunc
599 2336 748 2371 voluntas
768 2334 985 2382 compellitur.

424 2384 510 2431 Resp.
521 2387 667 2423 Omnem
677 2386 812 2435 quidem
821 2383 973 2425 aisenfum
983 2383 1044 2425 else
1056 2384 1292 2433 voluntariumg
1303 2382 1427 2421 nullum
1444 2386 1565 2435 quippe
1575 2383 1618 2421 est
1624 2382 1778 2433 judicium
