1857 2745
10 234 20 412 'un—...r

5 1509 10 1556 l

0 1940 1 1946 ,
55 1907 195 1945 honesta
209 1915 242 1947 &
259 1912 363 1959 turpia
376 1911 486 1946 natura
498 1938 508 1953 ‚
533 1923 599 1946 non
615 1913 774 1960 opinione

633 105 999 143 Μοιωιις.7
1429 120 1475 161 335

33 147 35 187 ἶ
84 155 195 193 *ramur
207 184 218 200 ,
237 167 306 192 non
321 153 365 191 ab
376 157 468 192 omni
485 153 569 191 v'itio
587 153 698 191 abest:
718 168 790 191 cum
804 146 1038 192 deliberate&
1057 154 1205 192 consulto
1216 160 1371 206 peccandi
1392 163 1476 208 peri-

79 203 196 240 <ulum
207 206 356 240 adeamus
367 217 448 243 :nec
458 204 546 240 bona
565 202 629 239 fide
637 217 753 254 agere,
773 217 830 240 aut
841 205 960 241 sincere
969 203 1072 240 bonus
1089 206 1218 240 videtur
1230 234 1240 249 ,
1250 209 1305 254 qui
1316 208 1357 243 ab
1370 212 1473 246 afflo-

79 265 132 289 -2ne
143 253 275 302 periculi
291 254 386 303 plena
399 267 466 290 non
475 253 616 288 abstinet
627 268 636 289 ι
647 253 774 289 tametsi
783 255 910 289 interim
924 253 1040 301 aliquis
1065 254 1115 288 illi
1131 255 1258 289 videtur
1278 256 1473 295 excusationi

89 301 186 338 locus.
201 302 302 339 Unde
314 303 368 338 illa
380 303 524 351 Apostoli
536 303 674 338 tenenda
685 303 731 337 est
748 303 859 352 regula
872 330 883 346 ,
903 305 1006 337 omnia
1014 301 1166 350 probate,
1183 303 1247 338 hoc
1257 305 1299 339 est
1315 309 1473 355 expendi-

82 362 122 386 ³te
132 367 141 394 i
153 352 238 397 quod
246 349 357 386 bonum
370 353 409 396 cst
428 362 531 386 tenete
542 379 551 390 ,
569 350 609 386 ab
623 354 705 386 omni
715 355 816 401 specie
828 353 917 386 mala
928 349 1094 396 abstinete,

122 400 208 435 Cum
222 411 332 434 autem
344 402 378 436 in
391 399 537 436 moribus
548 413 618 436 non
629 401 662 435 id
672 399 795 449 semper
803 401 894 449 quod
905 411 1032 437 certum
1048 400 1091 435 est
1106 404 1140 436 ὃ(
1152 399 1288 446 evidens
1302 415 1450 440 occurrat
1461 434 1470 448 ‚

81 449 114 483 id
128 450 237 496 utique
253 450 414 497 agendum
425 450 468 484 est
478 479 488 494 ,
509 450 597 497 quod
610 448 811 497 probabilius
822 451 917 486 redtae
933 451 1079 492 rationi,
1098 454 1135 486 δε
1151 461 1280 484 aeternae
1293 450 1356 499 legi
1370 457 1470 501 magis

81 496 334 533 consentaneum
348 500 475 533 videtur
495 512 503 534 :
529 511 717 547 quanquam
735 497 816 547 saepe
839 499 971 542 accidit,
1004 508 1038 532 ut
1052 497 1336 546 perturbationum
1356 501 1443 536 aestus
1461 531 1469 545 ,

82 546 354 595 autvoluptatum
369 547 530 590 illecebrae,
551 560 609 583 nos
629 547 821 583 transversos
840 558 950 597 agant.
982 548 1075 582 Hinc
1093 549 1257 582 rationem
1278 548 1468 598 plerumque

81 605 252 630 exoramus
267 607 302 630 ut
314 595 525 640 conticescat,
541 609 596 632 aut
610 597 726 646 dejure
736 597 794 632 suo
802 595 1108 640 nonnihildecedat,
1123 600 1157 634 &
1173 596 1213 631 ad
1227 608 1342 633 nutum
1350 599 1469 636 volun..

82 646 156 679 tatis
168 672 177 686 ‚
194 655 250 679 aut
261 647 367 692 potius
379 644 523 681 libidinis
549 645 704 694 paulatim
722 644 752 680 se
765 645 889 681 inflcffi
904 647 1053 693 patiatur.

122 694 171 727 Ac
181 705 223 728 ne
244 706 353 742 pugna
361 697 543 742 appetitum
563 697 649 729 inter
660 700 694 731 &
704 696 867 730 rationem
880 695 998 729 diutius
1018 693 1203 743 perseveret
1214 721 1226 737 ‚
1247 705 1305 729 aut
1324 694 1418 730 nobis
1434 695 1470 732 fit

72 741 243 776 >molestior
259 770 269 785 ‚
292 743 325 776 id
340 743 475 778 denium
485 743 505 778 ὲ
516 746 718 790 rationeJam
727 754 878 792 corrupta
891 744 1117 792 impetratum,
1126 754 1162 777 ut
1170 744 1258 790 quod
1270 742 1399 779 libitum
1412 746 1466 790 est,

68 789 250 838 approbet.
265 793 378 838 ltaque
389 792 421 826 id
430 790 571 840 persaepe
586 793 720 835 evenit,
738 804 774 826 ut
785 794 910 828 animus
925 804 982 827 aut
1002 791 1145 827 sensuum
1167 791 1337 841 voluptate
1352 793 1468 830 delini-

74 848 150 882 zm,
169 850 224 874 aut
235 838 436 888 objectorum
455 840 658 888 impressione
669 839 841 888 impulsus,
864 841 906 875 ad
924 853 963 876 ea
982 854 1051 876 non
1076 840 1226 875 attendat
1244 853 1314 888 quae
1330 845 1465 878 rationis

76 891 110 924 &
121 887 322 923 consc1entiae
331 888 441 924 lumen
451 889 594 924 ostendit
609 900 690 932 ;nec
702 889 822 924 diutius
834 902 944 924 tamen
957 901 1023 924 tarn
1039 889 1207 925 molestum
1218 890 1309 925 velut
1323 903 1465 941 praecep-

70 942 184 982 torem
202 935 288 971 ferte
300 936 403 984 poffit.
414 940 503 972 Nam
513 937 640 986 figtave
653 936 750 971 nobis
766 938 810 971 est
820 940 854 972 in
867 937 1003 973 aliorum
1016 966 1026 980 ‚
1045 937 1235 985 quibuscum
1249 941 1400 984 vivimus,
1416 945 1465 988 ju-

72 983 158 1018 dicia
174 983 362 1029 offendere,
378 984 463 1023 &ab
483 988 522 1020 iis
532 985 726 1034 reprehendi
741 1014 751 1028 ,
768 986 804 1019 id
816 985 922 1021 multo
933 985 1029 1021 nobis
1047 987 1095 1021 est
1112 986 1363 1024 molestissimum
1377 1017 1387 1032 ‚
1408 990 1464 1025 vel

62 1035 240 1080 ‘proprium
261 1034 416 1081 judicium
430 1039 465 1070 &
479 1034 681 1069 conscientiae
697 1034 921 1069 testimonium
941 1045 1172 1078 contemnere,
1205 1036 1258 1070 vel
1285 1036 1307 1071 ὲ
1338 1039 1463 1073 ratione

68 1081 175 1116 nostra
199 1083 409 1118 condemnari
423 1111 433 1127 ‚
458 1094 512 1118 aut
532 1083 739 1119 circumferte
758 1084 888 1118 actuum
911 1082 1093 1117 nostrorum
1113 1094 1182 1118 tam
1208 1083 1353 1120 severum
1367 1087 1462 1135 Judi-

67 1141 155 1166 cem.

105 1181 152 1214 Ex
168 1180 203 1214 iis
215 1177 316 1213 soluta
325 1191 438 1215 manet
455 1179 512 1214 illa
524 1181 606 1214 inter
622 1189 751 1214 veteres
770 1180 896 1216 tamdiu
910 1182 1027 1229 agitata
1044 1181 1173 1228 quaestio
1185 1210 1195 1224 ‚
1220 1194 1262 1218 an
1281 1180 1317 1216 (it
1335 1181 1460 1230 aliquid

66 1229 181 1262 natur&
195 1226 244 1262 sua
251 1227 373 1276 justum
382 1241 438 1264 aut
455 1229 625 1277 injustum;
641 1228 807 1264 honestum
819 1241 873 1264 aut
883 1239 989 1277 turpe;
1001 1242 1042 1264 an
1060 1230 1245 1276 illudpmne
1260 1243 1298 1266 ex
1315 1233 1430 1278 opinio
1443 1257 1458 1263 -

69 1288 111 1311 ne
121 1275 291 1312 hominum
305 1305 313 1319 ,
332 1289 387 1312 aut
400 1290 440 1313 ex
452 1277 576 1314 sancitis
590 1276 718 1325 legibus
733 1307 743 1321 ,
760 1290 815 1314 aut
826 1291 866 1314 ex
875 1279 1015 1313 utilitate
1026 1277 1089 1326 ipsa
1107 1279 1294 1327 profluxerit
1307 1308 1317 1324 ,
1334 1291 1369 1315 ut
1384 1281 1455 1328 qui-

67 1324 143 1360 dam
153 1325 339 1361 Academici
354 1354 364 1370 ,
378 1331 412 1363 &
426 1326 483 1361 alii
491 1326 639 1375 plerique
654 1324 869 1375 disputarunt.
888 1329 937 1363 Sit
951 1329 1064 1374 itaque

599 1426 708 1458 Unica
729 1425 904 1471 Conclufio.

100 1521 166 1555 Lex
182 1519 270 1555 bona
281 1519 300 1556 ὲ
316 1520 400 1556 mala
416 1550 426 1564 ,
450 1525 500 1568 jus
515 1521 592 1556 item
606 1519 647 1555 ab
660 1524 771 1571 injuria
784 1550 794 1565 ,
816 1526 851 1558 δε
864 1523 1000 1558 omnino
1012 1521 1144 1557 honesta
1158 1520 1203 1557 ab
1215 1524 1253 1556 iis
1267 1535 1334 1571 quae
1350 1528 1452 1573 turpia

59 1567 134 1605 sunt
144 1598 152 1612 ‚
167 1581 233 1604 non
245 1572 399 1618 opinione
411 1570 580 1605 hominum
595 1581 605 1613 ',
624 1569 677 1605 sed
691 1572 802 1606 natura
811 1571 879 1618 ipsa
892 1572 1086 1607 dividuntur.

112 1621 208 1653 Hanc
219 1617 457 1654 conclusionem
467 1618 586 1653 Cicero
597 1619 706 1654 multis
718 1619 918 1655 demonstrat
929 1624 1126 1669 argumentis
1135 1620 1192 1657 lib.
1208 1634 1230 1657 r.
1244 1621 1284 1655 de
1297 1620 1451 1669 Legibus:

62 1666 110 1701 est
120 1670 209 1702 enim
224 1669 322 1702 totius
333 1667 548 1716 Philosophiae
559 1668 695 1703 Moralis
707 1669 798 1704 velut
809 1669 1068 1705 fundamentum.
1082 1683 1106 1706 r.
1124 1683 1165 1704 ex
1178 1672 1341 1705 communi
1355 1670 1452 1706 intel-

56 1713 196 1764 ‘ligentia
208 1728 307 1762 quam
323 1718 434 1751 animis
450 1717 560 1751 nostris
576 1717 729 1765 impressit
744 1729 858 1753 natura
870 1747 881 1763 ‚
911 1717 1088 1766 effecitque
1102 1730 1136 1754 ut
1157 1719 1292 1754 honesta
1304 1720 1336 1753 in
1350 1720 1453 1754 virtu-

62 1774 97 1798 te
115 1776 276 1812 ponantur
288 1793 297 1807 ‚
325 1767 356 1799 in
380 1767 465 1799 vitiis
482 1768 596 1812 turpia.
615 1767 691 1801 Haec
711 1778 817 1801 antem
832 1795 841 1810 ‚
870 1769 980 1814 inquit
995 1796 1005 1811 ,
1030 1771 1063 1802 in
1079 1771 1221 1816 opinione
1253 1766 1449 1810 existimare,

61 1824 123 1846 non
139 1815 174 1847 in
193 1811 311 1846 natura
326 1813 427 1862 pofita
439 1841 446 1852 ,
468 1826 545 1847 vere
568 1814 720 1848 dementis
738 1815 789 1858 est.
813 1817 905 1849 Nam
928 1830 983 1850 nec
1007 1815 1147 1854 arboris,
1167 1828 1224 1849 nec
1241 1818 1315 1861 equi
1342 1818 1449 1850 virtus

62 1873 126 1906 quae
136 1863 280 1905 dicitur(
297 1863 330 1896 in
342 1874 403 1908 quo
421 1861 586 1896 abutimur
594 1864 735 1905 nomine)
751 1866 783 1896 in
793 1864 1005 1946 ιίφὶηἱυηεβια
1016 1864 1057 1910 est
1068 1892 1078 1907 ‚
1087 1864 1150 1911 de
1161 1867 1322 1900 innatum
1336 1878 1345 1899 ε
1363 1866 1448 1913 Ergo

808 1923 867 1947 unt
879 1911 1089 1949 di'udicanda.

92 1959 215 2005 confir.
232 1973 253 1995 ε.
269 1961 303 1994 si
314 1959 454 1995 uti-litate
464 1963 577 1995 omnia
590 1961 758 1995 metienda
770 1959 887 2004 fimt‚&
913 1974 923 1995 ι
938 1973 1053 1996 natura
1065 1966 1115 2010 Jus
1126 1958 1228 2010 ipsum
1240 1973 1309 1996 non
1322 1960 1401 1997 facit
1413 1966 1447 2000 &

56 2007 282 2051 confirmat,is
301 2008 446 2057 negliget
464 2008 600 2058 leges&
611 2021 819 2058 perrumpet,
836 2012 893 2057 qui
908 2009 965 2045 fibi
984 2022 1057 2045 eam
1077 2022 1148 2045 rem
1171 2008 1364 2046 fructuosam
1406 2023 1447 2047 u-

56 2054 145 2091 tabit
157 2057 362 2104 famamque
375 2057 432 2093 fiet
441 2057 572 2093 utnulla
581 2056 618 2092 fit
628 2059 748 2106 justitia
770 2086 780 2101 ‚
802 2057 824 2093 fi
844 2071 885 2093 ea
899 2058 985 2094 nihil
999 2058 1035 2094 [it
1046 2058 1101 2095 nisi
1112 2057 1356 2107 obtemperatio
1381 2061 1446 2094 cri⁴

57 2107 122 2152 ptis
131 2105 274 2155 legibus,
299 2105 512 2154 institutisque
523 2107 728 2156 populorum.
749 2109 838 2144 Nam
855 2120 928 2156 quae
940 2110 1115 2157 opinione,
1139 2121 1206 2143 non
1225 2108 1347 2151 natura,
1357 2120 1445 2154 quae-

57 2163 123 2198 que
136 2167 269 2205 propter
278 2155 453 2191 utilitatem
467 2156 701 2191 constituuntur
713 2185 723 2200 ‚
738 2156 880 2192 utilitate
890 2157 955 2192 alia
965 2157 1205 2193 convelluntur.
1231 2157 1334 2205 Qod
1354 2155 1375 2191 fi
1397 2159 1445 2191 ita

54 2199 114 2245 fit,
136 2205 269 2239 virtutes
286 2217 401 2240 omnes
424 2204 588 2241 tollentur.
609 2203 682 2251 Uxbi
699 2208 787 2241 enirn
810 2205 987 2242 liberalitas
999 2234 1010 2249 ,
1027 2205 1084 2241 ubi
1102 2208 1211 2254 patriae
1227 2207 1338 2239 caritas
1356 2233 1367 2248 ,
1385 2204 1443 2240 ubi

56 2252 186 2299 pietaS,
204 2251 355 2288 antbene
375 2254 521 2289 merendi
535 2254 575 2288 de
590 2253 717 2297 altero,
745 2267 799 2290 aut
816 2255 996 2290 referendae
1020 2256 1129 2303 gratiae
1152 2253 1301 2289 voluntas
1321 2256 1442 2301 poterit.

56 2300 194 2334 existere
210 2309 227 2335 ξ’
242 2303 332 2338 Nam
344 2302 411 2337 haec
428 2304 597 2338 nascuntur
618 2315 657 2337 ex
674 2316 714 2337 eo
731 2302 820 2350 quod
832 2305 942 2340 natura
967 2302 1114 2353 propensi
1135 2300 1233 2337 fimus
1242 2301 1282 2336 ad
1301 2302 1440 2352 diligen-

58 2347 116 2382 dos
126 2348 296 2385 homines:
314 2351 402 2398 quod
417 2351 667 2388 fundamentum
681 2354 762 2399 juris
774 2354 832 2389 est.
1170 2398 1191 2433 b
1201 2398 1222 2433 b

1139 2401 1161 2434 B
1249 2402 1280 2447 iij
