1857 2745
402 154 473 188 244
839 124 1331 174 PHrLO'SOP'12HA

403 189 559 226 terialiter
573 186 707 233 quidem
721 213 731 229 ‚
758 184 811 220 sed
827 188 965 221 omnino
978 196 1136 234 aguntur3
1153 193 1187 224 ὃ(
1204 186 1308 222 homo
1327 185 1506 221 formaliter
1529 188 1596 236 agit
1613 199 1749 238 propter
1764 190 1809 226 fi-
1841 193 1857 224 .‘

402 251 478 275 nem
494 255 502 281 3
517 236 627 271 bestiae
643 245 742 283 agunt
759 235 895 283 quidem
906 234 979 271 finis
990 234 1120 282 aliquus
1129 238 1233 283 grati&⁴
1246 266 1255 280 ‚
1271 236 1324 271 sed
1337 235 1562 280 materialiter,
1576 247 1610 272 ut
1621 240 1722 285 aiunt,
1737 253 1807 278 non

400 285 585 323 formaliter
604 298 612 320 ι
632 283 831 334 cognoscunt
842 297 930 320 enim
942 284 975 319 id
989 285 1075 332 quod
1092 284 1160 320 finis
1176 286 1237 329 est,
1263 285 1316 320 sed
1341 297 1408 320 non
1429 286 1463 320 in
1480 287 1605 322 ratione
1622 286 1703 323 finis.

441 334 531 383 Resp.
540 336 701 382 Magnum
714 333 838 382 semper
850 335 1020 371 hominem
1033 336 1118 369 inter
1131 340 1164 372 &
1176 333 1300 371 belluas
1312 332 1373 370 effe
1386 333 1578 371 discrimen:
1594 337 1683 383 quod
1699 337 1802 373 homo

398 383 489 421 vsuuni
503 382 561 419 sibi
578 382 679 420 finem
691 384 871 432 praestituat
882 414 892 429 ‚
910 389 947 421 ὅ(
959 396 999 419 ex
1019 386 1113 419 variis
1124 396 1196 433 quae
1205 385 1246 419 ad
1258 396 1331 420 eum
1346 384 1529 432 perducunt
1543 386 1733 431 rationibus,
1748 386 1804 423 seu
1842 417 1844 422 .

399 434 535 478 mediis,
551 433 640 481 quod
659 434 730 469 vuit
752 433 853 484 eligat
864 463 874 478 ‚
894 432 957 469 sese
968 433 1010 467 ad
1020 433 1181 483 agendum
1199 445 1333 470 moveat
1351 439 1386 471 &
1399 434 1596 469 determinet
1612 449 1620 471 z
1635 447 1703 471 non
1719 439 1801 472 item

401 482 508 519 bestia:
522 512 533 528 ‚
544 495 615 532 quae
628 485 662 519 in
676 482 1050 532 praestitutumiinatura·
1058 482 1159 520 finem
1171 485 1311 533 impetu,
1325 496 1390 519 non
1400 482 1532 519 consilio
1543 483 1700 522 feruntur.
1715 486 1806 522 Cum
1840 504 1844 519 ;

398 544 593 569 autemnon
612 535 634 567 ii
649 534 752 568 modo
773 536 832 581 qui
849 532 942 568 aliter
962 532 1105 568 sentiunt
1122 563 1132 577 ,
1155 532 1206 568 secl
1225 535 1326 569 etiam
1343 535 1398 580 qui
1413 531 1590 569 Cattefium
1605 532 1778 582 sequuntur
1793 562 1805 580 ,

397 582 430 617 id
443 580 540 618 nobis
558 581 683 618 soleant
697 581 873 618 obtrudere
886 612 896 627 ,
919 583 1133 620 metuendum
1151 580 1212 617 effe
1223 595 1264 618 ne
1276 581 1298 617 fi
1314 581 1424 617 bestiis
1438 583 1662 632 cognitionem
1681 582 1754 620 finis
1768 588 1805 624 δε
1831 592 1835 615 ὲ

399 631 581 667 mediorum
591 630 770 668 tribuamus
786 662 797 676 ‚
817 631 1006 668 libertatem
1022 644 1153 680 quoque
1164 634 1370 668 &rationem
1381 633 1418 666 iis
1438 631 1607 681 largiamur
1630 649 1639 675 ;
1657 646 1724 669 non
1742 634 1805 669 erit
1834 662 1835 671 ,

403 680 546 716 alienum
569 683 726 730 praecipua
743 681 884 718 hominis
901 687 935 719 &
950 681 1126 718 bestiarum
1142 683 1257 717 tumin
1272 679 1497 731 cognoscendo
1510 710 1521 726 ,
1543 692 1614 718 tuni
1627 683 1661 718 in
1674 682 1806 733 agendo
1830 729 1833 739 y

400 729 584 765 discrimina
597 730 696 780 paulo
709 731 902 780 explicatius
913 731 1083 781 colligere.

436 782 551 827 Itaque
560 791 680 816 caeterae
696 793 878 817 animantes
894 793 1042 831 1mpetu,
1064 791 1102 815 ut
1122 780 1245 817 dietum
1263 780 1325 824 est,
1344 779 1508 825 feruntur3
1526 792 1588 816 nec
1606 780 1678 816 sunt
1690 779 1736 817 sui
1748 784 1806 830 ju-¹
1832 803 1841 814 i.

398 830 462 872 ris,
485 828 537 864 secl
553 827 594 864 ab
611 827 749 877 objeetis
765 843 796 865 ra
825 833 953 875 iuntur,
979 832 1155 878 omniaque
1163 830 1202 865 ad
1218 841 1332 879 corpus
1352 828 1507 867 referunt.
1537 831 1619 878 Qiae
1638 829 1708 866 sunt
1724 829 1805 880 ejus·
1841 835 1843 839 ’

801 845 876 916 ῗᾶιιε
887 881 986 915 modo
997 891 1182 928 operantur.
1202 881 1292 915 Nam
1305 879 1361 913 has
1377 878 1525 914 videmus
1539 878 1631 915 simili
1644 880 1749 915 modo
1765 884 1805 918 Bc
1832 895 1840 917 s.

398 878 476 913 dem
484 881 613 928 generis
624 907 634 923 ,
648 879 767 914 eodem
780 893 799 928 p

394 927 506 962 moliri
518 927 660 971 cubilia,
674 933 708 965 δε
721 929 814 965 nidos
826 941 936 964 texere
953 958 963 972 ,
982 935 1016 965 &
1035 927 1172 963 educare
1188 927 1286 962 foetus
1307 941 1314 962 :
1345 926 1432 974 quod
1455 928 1624 977 angustam
1646 929 1743 964 valde
1767 934 1804 967 δε

396 979 601 1014 contractam
627 976 745 1016 ibrtitae
763 976 824 1014 sint
845 990 1015 1021 naturam,
1042 982 1268 1026 &perpaucas
1296 977 1456 1025 imagines
1483 980 1679 1027 acceperint.
1706 980 1804 1015 Nun-

398 1038 496 1071 quam
515 1040 590 1076 apes
604 1041 676 1075 quae
690 1040 758 1064 tam
772 1041 848 1078 apte
862 1027 993 1064 cellulas
1004 1025 1164 1075 effingunt
1182 1025 1386 1074 hexagonas,
1407 1025 1536 1062 alterius
1556 1039 1608 1062 eas
1628 1027 1738 1076 figurae
1751 1027 1803 1063 ef.
1833 1054 1836 1059 -

397 1073 532 1123 fingent.
553 1078 617 1111 Sed
626 1077 728 1112 homo
742 1082 852 1113 omnia
866 1078 935 1113 fere
949 1089 988 1112 ex
1004 1087 1083 1112 nutu
1101 1073 1277 1109 voluntatis
1295 1075 1384 1122 agiu
1423 1075 1674 1112 innumerabiles
1697 1089 1757 1125 pro
1782 1088 1802 1112 e
1830 1090 1837 1112 ‘t

396 1135 480 1158 artes
492 1127 677 1173 excogitat3
695 1124 760 1174 ipse
773 1125 834 1160 sese
846 1128 996 1174 corrigit,
1019 1126 1164 1159 affiones
1180 1122 1244 1158 suas
1260 1124 1425 1158 examinat
1438 1153 1447 1168 ‚
1470 1130 1504 1162 &
1521 1127 1553 1160 in
1565 1124 1596 1159 se
1606 1127 1694 1161 varie
1706 1089 1802 1162 reflfe-
1832 1152 1834 1158 .

395 1174 492 1208 Ctitur
507 1186 514 1208 ε
530 1186 601 1221 quae
618 1177 767 1223 concepit
779 1187 913 1218 mente,
937 1174 1053 1210 eadem
1076 1172 1224 1209 sermone
1244 1174 1408 1221 exprimit.
1437 1176 1474 1210 In
1495 1173 1600 1209 bestiis
1625 1174 1713 1211 nulla
1728 1175 1800 1213 sunt

395 1220 481 1268 figna
491 1234 531 1256 ex
540 1224 688 1259 instituto
704 1223 777 1259 :sed
791 1223 811 1259 fi
829 1237 899 1272 quse
913 1223 981 1259 sunt
994 1223 1079 1273 figna
1092 1252 1102 1267 ,
1126 1235 1165 1258 ea
1180 1222 1313 1258 'fuerunt
1324 1231 1344 1259 a
1359 1233 1472 1259 natura
1487 1223 1642 1273 impressa.
1671 1227 1800 1276 Qiam-

394 1270 610 1307 obreminter
624 1272 792 1310 hominem
808 1279 842 1311 δε
856 1273 1000 1309 belluam
1016 1303 1026 1317 ‚
1052 1284 1089 1307 ut
1104 1271 1257 1321 praeclare
1275 1275 1324 1308 Μ.
1343 1273 1469 1309 Tullius
1480 1303 1489 1317 ,
1512 1274 1575 1309 hoc
1590 1277 1730 1311 maxime
1747 1288 1800 1313 in·
1829 1300 1833 1309 .

398 1320 512 1363 terest‚
531 1321 617 1368 quad
633 1323 695 1357 illa
708 1323 835 1357 tantiam
849 1352 859 1366 ,
874 1322 1028 1370 quantiam
1045 1323 1134 1369 finsn
1154 1332 1302 1356 movetur
1314 1350 1321 1360 ,
1354 1323 1400 1356 ad
1415 1323 1566 1368 idsblum
1585 1325 1672 1370 quod
1690 1325 1800 1370 adest,
1830 1327 1847 1358 :⁴

399 1370 550 1416 quodque
562 1373 686 1418 praefins
700 1371 803 1418 esl‚se
821 1371 1051 1410 accommodae,
1066 1370 1237 1419 paululum
1259 1370 1580 1418 admodumsbntiens
1597 1377 1797 1422 praeteritum
1822 1390 1831 1407 ·,

399 1427 457 1450 am
468 1418 619 1461 futurum
633 1435 642 1453 :
657 1421 742 1455 homo
759 1433 864 1454 antem
885 1423 940 1468 qui
956 1422 1091 1455 ratiOm's
1115 1419 1154 1465 est
1173 1422 1334 1468 particeps
1348 1446 1358 1459 ‚
1385 1430 1444 1469 per
1460 1434 1557 1466 quam
1579 1423 1798 1468 consequentia
1827 1438 1830 1457 t

398 1470 502 1499 cernit
517 1494 526 1508 ‚
545 1471 708 1516 principia
720 1469 758 1503 &
775 1471 880 1515 causas
895 1482 999 1503 rerum
1015 1469 1107 1502 videt
1119 1494 1128 1504 ,
1145 1479 1317 1514 earumque
1325 1479 1383 1516 pro
1383 1471 1501 1516 grefftts
1516 1498 1525 1513 ,
1544 1468 1583 1504 ὠ·
1600 1471 1690 1516 quast
1705 1483 1797 1507 ante.
1820 1487 1829 1502 Ὶε
1842 1487 1843 1513 3

396 1513 534 1557 ceffiones
548 1529 610 1549 non
627 1519 756 1565 ignorat
767 1545 777 1560 ‚
792 1518 1024 1563 fimilimdines
1042 1525 1204 1564 comparat
1219 1543 1228 1555 ‚
1264 1515 1414 1564 rebusque
1430 1516 1630 1567 praeftntibus
1643 1520 1799 1570 adjungi?
1842 1535 1843 1538 ¹

395 1572 493 1609 atque
508 1564 649 1599 anneffit
658 1566 813 1611 futura5;
829 1565 931 1613 facil&
945 1569 1043 1601 totins
1057 1566 1129 1599 vim
1149 1566 1269 1610 curftcm
1278 1566 1396 1604 videt,
1415 1567 1461 1601 ad
1476 1578 1606 1614 eamque
1618 1568 1796 1617 degendam

392 1622 553 1659 praeparat
570 1626 618 1647 res
640 1616 832 1663 necessarias.
858 1615 922 1650 Sed
937 1616 978 1650 de
990 1614 1172 1650 discrimine
1189 1614 1332 1650 hominis
1350 1619 1384 1652 δι
1398 1614 1580 1652 belluarum
1591 1617 1730 1667 plutima
1741 1618 1795 1653 di-
1824 1642 1827 1652 .

394 1672 502 1695 cemus
517 1691 527 1705 ,
545 1674 617 1698 cum
634 1661 674 1697 de
688 1674 802 1699 natura
823 1667 936 1700 animae
950 1663 1117 1700 rationalis
1134 1675 1276 1711 agemus.

433 1710 563 1753 Instant,
582 1711 686 1748 Nullo
703 1712 807 1757 sensu,
826 1726 866 1749 ne
877 1716 1032 1749 interiore
1042 1712 1178 1761 quidem
1193 1714 1300 1747 media
1314 1724 1350 1748 ut
1370 1713 1478 1749 media
1489 1712 1641 1760 cognosci
1656 1714 1799 1763 possunt.¹
1842 1739 1843 1742 =

396 1759 498 1806 Qod
514 1762 601 1795 enim
619 1763 788 1797 interiores
799 1762 902 1798 sensus
913 1775 1046 1800 movere
1056 1761 1161 1811 potest
1174 1789 1184 1804 ‚
1206 1763 1295 1798 idem
1310 1774 1460 1798 externos
1475 1754 1594 1798 afficiat
1605 1763 1728 1801 neceffe
1738 1767 1793 1803 est:

392 1811 457 1843 Sed
471 1807 528 1842 ille
540 1810 621 1844 ordo
631 1812 812 1847 mediorum
830 1813 870 1846 ad
885 1811 984 1848 finem
997 1811 1088 1848 nullo
1106 1809 1193 1846 sensu
1208 1814 1366 1847 exteriore
1383 1814 1566 1861 percipitur.

432 1858 520 1904 Rtsp-
534 1858 820 1907 Dist.mal'.Qi0d
837 1860 957 1898 sensum
977 1873 1091 1897 movet
1102 1862 1311 1903 interiorem,
1330 1861 1362 1894 id
1380 1861 1500 1896 sensum
1514 1872 1683 1895 externum
1706 1873 1792 1908 quo-
1816 1876 1824 1903 i
1841 1874 1843 1894 a

394 1918 457 1954 que
467 1905 565 1941 afficit
578 1935 587 1950 ‚
605 1920 661 1943 aut
685 1922 742 1957 per
756 1910 806 1954 se,
822 1922 877 1945 aut
889 1924 946 1959 per
959 1911 1044 1945 :iliud
1058 1939 1068 1952 ,
1091 1911 1132 1944 C.
1149 1920 1206 1955 per
1218 1907 1266 1950 se,
1284 1911 1329 1944 N.
1344 1911 1460 1956 Itaque
1476 1921 1550 1943 cum
1571 1909 1659 1943 videt
1680 1909 1791 1946 hirun-
1820 1931 1824 1944 -.

393 1956 435 1989 do
446 1955 553 2003 paleas
564 1986 573 2000 ‚
587 1957 693 1992 statim
705 1971 752 1992 vis
764 1961 968 2007 imaginati-ix
983 1960 1141 1992 excitatur
1153 1984 1162 1997 ,
1186 1967 1241 1989 aut
1255 1956 1384 2000 colore,
1404 1969 1456 1991 aut
1472 1956 1676 1992 flexibilitate
1691 1959 1789 2007 paleae
1820 1975 1823 1990 l
1840 1974 1841 1985 ι

393 2005 433 2038 ad
448 2004 531 2039 illius
544 2009 790 2054 perceptionem
803 2037 813 2050 ,
831 2019 866 2041 ut
881 2007 967 2041 utilis
984 2006 1061 2041 nido
1075 2003 1277 2040 conficiendo
1290 2034 1299 2049 ,
1318 2006 1416 2053 idque
1440 2005 1482 2040 ab
1505 2007 1655 2042 instinetu
1670 2020 1791 2058 conge-
1840 2025 1841 2045 ς

392 2055 463 2088 nito
475 2082 484 2096 ,
501 2056 560 2101 qui
574 2065 609 2089 ut
621 2055 839 2103 explicativix
851 2055 946 2104 possit
957 2085 966 2099 ‚
987 2057 1096 2104 negari
1109 2065 1218 2089 tamen
1235 2067 1301 2089 non
1317 2055 1430 2103 potest.
1449 2057 1571 2102 Neque
1591 2056 1711 2091 idcirco
1722 2058 1787 2094 ulla

392 2101 444 2138 hic
454 2104 660 2138 ratiocinatio
671 2106 848 2142 intervenit
866 2120 873 2141 :
898 2104 950 2141 sed
962 2116 1084 2140 naturae
1101 2101 1230 2139 tantum
1251 2106 1391 2155 impetus
1405 2102 1447 2139 ab
1459 2104 1607 2140 Authore
1619 2104 1708 2154 ipsius
1726 2119 1786 2143 na-
1838 2129 1839 2138 1

393 2162 468 2186 turae
487 2152 662 2199 proferitus.

428 2203 550 2234 Contra
567 2229 575 2239 ,
595 2204 754 2249 inqnv'unt.
775 2203 889 2239 Belluae
908 2202 1006 2238 finem
1019 2216 1055 2239 ut
1075 2205 1173 2241 finem
1186 2234 1195 2248 ,
1217 2205 1281 2239 hoc
1300 2203 1346 2238 est
1365 2215 1422 2252 per
1441 2202 1471 2238 se
1489 2203 1700 2251 expetibilem
1715 2218 1783 2242 non

391 2249 584 2296 cognoscunt
595 2280 603 2294 ‚
621 2263 727 2298 neque
740 2253 823 2288 adeo
837 2253 943 2287 media
953 2265 987 2288 ut
999 2255 1122 2299 media,
1142 2255 1194 2289 vel
1209 2253 1298 2288 utilia
1308 2255 1500 2301 percipiunt.
1522 2255 1624 2299 Qod
1636 2256 1723 2289 enim
1734 2256 1781 2290 est

391 2296 488 2343 perse
505 2299 682 2347 expetibile
694 2330 703 2344 ‚
719 2305 928 2349 negationem
938 2303 1093 2348 includit,
1113 2303 1200 2352 quod
1213 2304 1252 2338 ad
1263 2302 1448 2336 ulteriorem
1463 2300 1563 2338 finem
1577 2317 1643 2340 non
1656 2304 1779 2339 refera-

395 2356 444 2379 tur
461 2360 468 2380 :
488 2349 548 2381 Sed
565 2351 697 2397 negatio
712 2349 732 2384 a
750 2349 866 2387 belluis
879 2352 1016 2401 intelligi
1035 2366 1099 2388 non
1115 2355 1229 2401 potest.

424 2395 513 2444 Resp,
528 2398 748 2446 Negationem
760 2400 779 2436 a
798 2400 911 2440 belluis
921 2404 1043 2452 percipi
1053 2415 1118 2438 non
1130 2401 1218 2450 poss'e
1229 2403 1353 2437 ratione
1364 2400 1425 2446 sui,
1448 2412 1486 2436 ut
1498 2401 1545 2436 est
1564 2404 1694 2450 negatio
1706 2431 1715 2445 ,
1738 2402 1778 2437 C.
