1857 2745
349 158 406 199 5226
744 150 1267 188 METAPHYSICAE

349 202 436 249 poris
454 197 544 232 nullo
562 198 663 234 modo
677 201 819 248 pertinet
832 227 842 242 ,
856 211 917 234 nec
929 200 969 235 de
985 200 1082 236 rebus
1098 200 1168 249 ipsis
1190 202 1284 237 aliter
1300 203 1439 250 judicate
1457 202 1614 252 poffurnus
1630 204 1733 255 quam

349 261 386 283 ex
402 248 483 281 ideis
500 260 579 293 quas
590 247 747 283 habemus
757 249 870 283 animis
882 249 998 284 nostris
1015 250 1207 286 informatas
1224 266 1232 288 :
1260 252 1359 288 restat
1378 254 1475 301 igitur
1494 264 1530 288 ut
1549 266 1625 290 veta
1644 256 1735 292 causa

350 296 457 332 motus
471 308 538 330 non
550 295 585 332 fit
599 308 709 333 natura
722 310 876 347 corporea
885 327 895 342 ,
912 298 964 333 sed
980 299 1136 348 spiritalis.

384 360 410 382 2.
428 344 489 379 Sed
502 357 609 393 neque
621 346 766 395 spiritalis
778 359 889 382 natura
901 360 1005 395 eaque
1021 347 1236 394 finita‚motfis
1251 349 1341 385 causa
1354 352 1509 400 praecipua
1523 349 1584 387 esse
1602 353 1708 399 potest
1723 367 1733 389 ι

349 393 426 430 cum
446 394 534 428 nulla
557 394 594 430 fit
609 395 779 431 neceffatia
801 399 965 432 connexio
993 401 1076 433 inter
1101 398 1303 434 voluntatem
1329 400 1445 449 Angeli
1461 414 1491 436 v,
1506 414 1536 449 g.
1555 407 1589 438 &
1607 413 1735 437 motum

350 446 495 492 corporis
512 460 521 487 3
541 456 645 492 eaque
665 448 826 481 connexio
842 447 926 481 inter
934 449 1027 482 unius
1039 450 1103 483 Dei
1118 447 1321 484 voluntatem
1332 478 1343 492 ,
1363 461 1432 496 quae
1456 449 1505 484 lex
1518 451 1559 484 est
1573 449 1735 486 universa-

351 493 389 528 lis
415 504 548 537 naturae,
571 499 604 531 δε
624 506 747 530 motum
757 507 930 543 corporum
949 494 1009 531 effe
1026 496 1128 545 poffir.
1153 499 1204 532 Sic
1229 498 1359 547 Angelo
1379 498 1511 533 volente
1529 512 1641 548 corpus
1666 513 1737 535 mo-

352 554 444 577 vetur
459 556 468 578 ε
497 542 586 590 quod
603 557 675 579 eam
691 544 798 594 legem
814 547 905 580 Deus
915 546 1120 582 constituerit
1133 549 1218 582 inter
1234 548 1436 583 voluntatem
1451 547 1567 596 Angeli
1582 576 1592 592 ‚
1618 554 1652 586 δέ
1663 560 1738 583 cot-

352 594 437 640 poris
456 603 593 629 motum.
622 596 674 629 Sic
696 607 827 630 manum
849 608 1020 631 movemus
1038 625 1047 639 ‚
1080 609 1156 631 cum
1171 596 1318 631 volumus
1331 626 1340 640 ,
1372 610 1438 632 non
1464 596 1555 645 quod
1572 600 1681 633 anima
1701 596 1739 634 fit

351 639 443 678 causa
452 643 600 691 princeps
618 642 711 691 hujus
722 645 852 681 motus:
875 657 942 692 quo
960 645 1160 681 enimrnodo
1174 649 1199 680 is
1213 645 1269 681 fiat
1286 675 1295 690 ,
1317 649 1446 695 penitus
1459 649 1586 696 ignorat
1604 660 1611 682 :
1627 647 1669 682 est
1688 658 1739 682 ta.

352 703 430 725 men
442 688 530 725 causa
549 703 586 726 ex
608 691 773 727 occafione
795 693 908 742 :quod
922 698 1012 730 Deus
1029 707 1100 730 eam
1119 695 1225 744 legem
1241 707 1363 730 naturae
1383 695 1520 744 posuerit
1533 725 1543 739 ‚
1565 708 1600 731 ut
1617 696 1657 730 ad
1677 709 1739 731 nu-

353 741 547 791 tum-animae
556 753 681 785 manus,
695 754 751 777 aut
761 755 818 791 pes
834 756 1013 778 moveatur.
1030 746 1084 779 Sic
1103 744 1218 791 globus
1231 747 1287 792 qui
1307 747 1340 780 in
1357 745 1649 793 aliumimpingitur
1660 774 1669 789 ,
1695 746 1740 780 est

353 792 444 823 caula
455 788 606 824 naturalis
626 792 737 827 motus
750 794 787 826 in
798 792 883 828 aliud
897 805 1010 842 corpus
1021 793 1161 830 transsati
1176 809 1183 830 ε
1201 807 1269 829 non
1287 794 1376 841 quod
1390 797 1423 829 in
1442 807 1483 829 eo
1495 793 1530 828 fit
1543 797 1590 828 vis
1607 796 1740 838 rnotrix,

352 849 408 872 aut
423 849 519 884 quam
531 838 632 875 habet
647 840 886 889 impreffionem
904 872 914 886 ‚
938 843 1032 877 alteri
1050 845 1274 878 communicet
1291 858 1298 879 :
1318 842 1369 877 sed
1390 845 1464 891 quia
1480 843 1660 878 Authotem
1682 855 1741 878 na-

355 899 431 921 turae
450 888 694 935 quodammodo
710 891 907 927 determinat
922 920 931 935 ‚
947 904 982 927 nt
996 894 1028 927 in
1044 905 1080 927 ea
1098 891 1264 927 occasione
1277 903 1402 927 motum
1417 904 1503 927 certa
1522 895 1648 927 ratione
1671 891 1742 928 effi-

352 939 424 972 ciat.
441 939 540 971 Motu
550 939 686 986 quidem
699 942 812 974 cun-sta
830 953 1056 988 procreantur,
1080 954 1220 989 quaeque
1234 943 1348 989 majori
1360 953 1453 976 rnotu
1475 943 1637 989 agitantur
1650 970 1660 984 ‚
1687 954 1741 977 ea-

355 986 429 1020 dem
446 988 547 1035 magis
565 987 635 1023 sunt
653 988 779 1024 actuosa
801 1004 808 1026 :
828 989 880 1024 sed
899 992 947 1023 vis
963 989 1018 1024 illa
1043 993 1163 1025 motrix
1182 1003 1250 1025 non
1264 990 1349 1024 aliud
1367 991 1522 1038 quiddam
1538 991 1666 1025 videtur
1692 989 1742 1025 es-

356 1034 409 1078 se,
433 1036 531 1082 quam
559 1038 709 1074 voluntas
734 1040 824 1083 Dei,
848 1038 898 1074 seu
919 1038 970 1078 lex
989 1039 1053 1087 ipsa
1075 1052 1206 1075 naturae.
1247 1042 1348 1088 Leges
1376 1038 1454 1074 vero
1483 1038 1545 1074 illae
1567 1051 1715 1074 motuum
1732 1069 1742 1083 ‚

355 1097 434 1131 quas
456 1089 545 1120 Deus
573 1086 728 1130 sancivit,
757 1088 826 1123 sunt
850 1088 994 1124 efficaces
1017 1101 1024 1122 :
1050 1090 1140 1123 dixit
1166 1091 1246 1123 em'm
1267 1088 1305 1123 (ῥ’
1319 1089 1496 1135 faeslafimt
1517 1106 1526 1130 3
1547 1088 1593 1123 hae
1612 1087 1703 1133 solae,
1721 1088 1742 1123 fi

357 1137 485 1182 proprie
506 1140 538 1170 δε
567 1136 605 1169 ad
625 1136 730 1184 legem
749 1139 894 1171 veritatis
916 1137 1006 1184 loqui
1032 1137 1201 1181 volumus,
1239 1149 1338 1187 agunt
1354 1165 1364 1180 ,
1386 1151 1452 1173 non
1473 1149 1609 1186 corpora
1627 1153 1635 1181 3
1655 1151 1745 1186 quae..

357 1195 421 1229 que
444 1184 463 1218 a
493 1182 586 1217 nobis
606 1186 638 1218 in
668 1184 861 1233 corporibus
885 1186 1001 1220 affivae
1029 1186 1201 1233 qualitates
1218 1216 1228 1231 ,
1263 1199 1319 1222 aut
1355 1189 1439 1223 vires
1473 1185 1653 1236 finguntur,
1671 1186 1744 1224 sunt

357 1234 476 1279 ingenii
500 1234 594 1267 nostri
618 1232 719 1268 foetus
735 1263 745 1278 ,
769 1247 828 1270 nec
850 1236 1023 1282 quicquam
1054 1247 1167 1283 corpus
1189 1248 1227 1270 ex
1245 1235 1275 1269 se
1296 1239 1380 1271 iners
1408 1236 1514 1271 moliri
1536 1236 1653 1285 potest.

396 1282 437 1317 R.
450 1281 530 1328 Dfst.
541 1287 614 1318 min.
629 1285 742 1319 Motus
757 1286 861 1318 omnis
873 1297 940 1319 non
950 1283 1077 1319 aliunde
1097 1283 1198 1331 quarn
1208 1284 1227 1319 a
1241 1287 1315 1319 Deo
1328 1284 1550 1333 proficiscitur,
1566 1297 1601 1320 ut
1614 1285 1634 1320 ὲ.
1647 1285 1739 1320 causa

356 1336 459 1381 prima
468 1334 583 1367 omniu
591 1334 737 1382 principe
748 1336 782 1366 C.
800 1345 834 1367 ut
844 1332 863 1367 ἒι
873 1332 962 1368 causa
972 1335 1118 1381 proxima
1129 1332 1490 1382 naturali,N.Qaeque
1503 1335 1535 1367 in
1546 1336 1744 1369 contrarium

354 1382 611 1422 afferuntur,non
632 1381 718 1416 aliud
731 1381 999 1428 evincunt‚qu{tm
1013 1394 1149 1428 corpora
1165 1395 1231 1417 non
1246 1382 1367 1417 habere
1386 1386 1419 1417 in
1431 1381 1533 1430 seipsis
1546 1385 1686 1430 primum
1700 1382 1744 1418 sui

354 1430 465 1466 motfis
482 1434 796 1478 principium,eaqt1e
805 1432 900 1464 certis
917 1429 1042 1478 legibus
1053 1429 1095 1464 ab
1110 1430 1256 1466 Authore
1273 1442 1391 1465 naturae
1406 1431 1587 1465 constitutis
1603 1434 1744 1468 moveri:

355 1480 509 1529 quaeultro
523 1479 738 1515 fatemut.Sed
749 1492 790 1514 ex
804 1481 843 1514 iis
859 1492 924 1514 non
939 1477 1072 1514 efficitur
1082 1477 1187 1514 causas
1198 1479 1355 1514 naturales
1366 1483 1417 1528 agi
1428 1480 1662 1523 duntaxat,non
1673 1492 1749 1528 age-

355 1541 465 1573 re‚nec
476 1531 539 1563 vim
550 1528 647 1563 ullam
657 1529 767 1563 motus
783 1528 981 1564 effeffiicem
990 1528 1032 1563 ab
1042 1528 1179 1563 authore
1195 1540 1315 1563 naturae
1330 1527 1670 1578 accepiffe:quafiDeus
1680 1542 1748 1565 non

358 1580 503 1629 potuerit
515 1579 582 1612 vim
597 1579 760 1625 quandam
779 1577 978 1613 effedkricem
1003 1584 1037 1615 &
1055 1577 1217 1613 ae‘tuosam
1233 1607 1241 1621 ‚
1265 1577 1355 1613 velut
1367 1578 1423 1613 suae
1436 1579 1604 1626 potestatis
1622 1579 1748 1614 radium

359 1632 398 1664 iis
419 1629 596 1674 impertiri:
615 1627 696 1661 adeo
714 1640 750 1662 ut
763 1641 829 1663 non
843 1626 947 1663 so'um
959 1626 1034 1663 fint.
1061 1626 1113 1662 sed
1126 1633 1158 1664 &
1171 1639 1347 1675 operentur
1364 1657 1374 1671 ,
1394 1627 1616 1676 dependenter
1638 1638 1748 1662 tamen

359 1679 380 1715 a
402 1680 502 1725 prima
528 1679 681 1712 oxnnium
702 1676 803 1714 causa.
828 1680 961 1724 Inque,
979 1688 1014 1711 ut
1029 1677 1113 1712 infra
1138 1675 1229 1711 fufius
1250 1677 1362 1712 dietari
1389 1675 1493 1712 sumus
1507 1706 1517 1720 ,
1535 1689 1585 1712 res
1609 1688 1749 1725 quaeque

358 1731 480 1776 primos
502 1739 610 1760 motus
628 1726 647 1761 ἐι
665 1729 739 1761 Deo
756 1728 917 1775 accipiunt
929 1757 937 1771 ‚
953 1725 1003 1761 sed
1020 1724 1171 1761 secundos
1190 1738 1297 1761 motus
1315 1725 1357 1760 ab
1371 1725 1439 1761 aliis
1462 1725 1653 1775 corporibus
1676 1738 1749 1761 mu-

362 1788 491 1811 tuantur
504 1804 513 1817 ,
529 1777 629 1822 idque
644 1778 675 1809 in
691 1774 821 1823 Physica
844 1775 901 1810 fiet
924 1777 1076 1824 apertius·

396 1827 482 1873 Opp.
500 1838 528 1859 2.
546 1828 632 1860 Deus
644 1825 686 1858 est
698 1824 789 1858 causa
802 1826 948 1859 omnium
961 1837 1031 1872 quae
1042 1823 1124 1859 fiunt
1139 1840 1147 1867 3
1168 1836 1244 1872 ergo
1259 1823 1372 1859 frustra
1383 1823 1450 1858 aliae
1465 1823 1560 1859 causae
1571 1824 1750 1859 admittun-

363 1887 411 1910 tur
424 1888 493 1922 quae
506 1875 650 1908 divinam
665 1876 863 1920 potentiam,
880 1879 913 1910 δε
933 1874 1019 1921 quod
1032 1875 1085 1908 uni
1105 1876 1179 1909 Deo
1194 1877 1359 1921 pro-prium
1376 1873 1420 1906 est
1439 1902 1448 1916 ‚
1474 1884 1510 1907 ut
1528 1873 1623 1907 rebus
1641 1874 1749 1908 omni.

363 1924 420 1959 buz
436 1925 489 1958 det
502 1921 562 1957 else
572 1953 580 1966 ‚
603 1922 689 1970 quasi
702 1936 739 1957 ex
750 1936 841 1971 aequo
852 1923 1007 1958 dividant·
1020 1925 1110 1960 Nam
1123 1934 1158 1957 ut
1176 1924 1220 1956 ait
1236 1922 1404 1971 Apostolus
1417 1951 1427 1965 ‚
1454 1925 1493 1956 ln
1513 1924 1572 1969 [pso
1585 1924 1729 1956 vivimus
1740 1949 1749 1960 ‚

366 1987 548 2008 mavemur,
571 1972 609 2006 6*
630 1975 742 2012 finnus.

406 2023 489 2067 Resp,
510 2015 697 2057 Deum‘effe
710 2021 834 2055 causam
852 2023 1001 2055 omnium
1011 2034 1081 2069 quae
1095 2021 1187 2058 fiunt.
1203 2030 1230 2054 Ρ
1247 2018 1348 2066 Qod
1365 2022 1397 2054 in
1407 2020 1510 2067 prirna
1529 2017 1639 2051 mundi
1654 2021 1750 2068 origi-

362 2073 477 2106 cuncta
495 2068 835 2118 produxerit.z⁰Qod
845 2081 1014 2104 concurrat
1022 2070 1096 2105 cu'rn
1110 2069 1262 2104 omnibus
1279 2067 1374 2102 rebus
1387 2068 1529 2110 creati5.3
1550 2067 1649 2112 Qiod
1666 2068 1748 2102 solus

363 2133 402 2155 ea
414 2117 532 2154 efficiat
541 2117 658 2166 quibus
671 2117 781 2154 desunt
794 2116 890 2152 caulie
908 2116 1050 2153 secundae
1070 2132 1077 2152 :
1102 2119 1184 2152 adde
1202 2118 1280 2152 illud
1294 2129 1425 2164 quoque
1443 2128 1517 2149 eum
1531 2117 1647 2150 cuneh
1669 2129 1750 2151 con-

364 2169 490 2204 servare
513 2174 547 2205 δέ
565 2170 658 2203 tueri.
680 2168 742 2202 Sed
768 2167 867 2202 multa
888 2170 986 2201 etiam
1012 2165 1107 2203 caufis
1128 2167 1272 2202 secundis
1295 2165 1450 2213 relinquit
1463 2164 1631 2208 facienda,
1655 2177 1691 2200 ut
1708 2167 1749 2200 de

364 2217 516 2254 vitalibus
535 2216 716 2252 :ustionibus
734 2216 874 2251 dubitari
891 2229 959 2250 non
976 2217 1092 2264 potest.

399 2269 544 2309 Contra,
567 2268 717 2313 inquiunt
734 2294 740 2304 ,
765 2268 851 2301 aetus
868 2266 1000 2307 vitales,
1020 2276 1076 2299 aut
1099 2264 1167 2299 sunt
1189 2265 1358 2309 corporei,
1377 2274 1431 2297 aut
1453 2261 1606 2308 spiritales
1625 2277 1633 2299 :
1652 2261 1702 2297 sed
1717 2264 1748 2297 in

367 2316 506 2362 utrisque
533 2318 590 2350 vix
630 2317 808 2362 quicquam
828 2313 922 2349 causae
951 2313 1095 2351 secundae
1124 2313 1321 2359 relinquitur.
1359 2313 1447 2347 Nam
1464 2314 1518 2359 qui
1541 2311 1611 2346 sunt
1638 2324 1752 2359 corpo·

368 2367 414 2398 rei
428 2393 436 2407 ‚
455 2365 533 2400 nihil
552 2364 623 2399 sunt
646 2376 761 2412 praeter
783 2375 890 2398 motus
911 2363 1029 2397 locales
1051 2364 1178 2410 organis
1204 2359 1367 2408 impr-ellos
1382 2390 1391 2403 ‚
1434 2367 1466 2397 δε
1489 2373 1610 2395 certam
1637 2363 1750 2395 animae

369 2413 669 2457 modificationem,
691 2426 761 2461 quae
787 2412 828 2447 ab
853 2411 922 2461 ipsis
950 2410 1087 2459 objeffis
1116 2412 1193 2447 oriri
1218 2423 1285 2446 non
1308 2411 1435 2459 potest,
1456 2409 1507 2445 sed
1533 2414 1607 2448 Deo
1626 2411 1678 2444 uui
1698 2421 1748 2443 re-
