1857 2745
394 159 445 194 552
833 143 1319 180 METAPHYSICAE

395 193 606 241 microscopio
632 191 673 228 eo
692 192 798 240 plures
822 205 927 242 partes
944 193 1136 241 deteguntur
1150 221 1159 236 ,
1181 193 1247 241 quo
1265 197 1383 230 vitrum
1401 195 1444 230 est
1467 196 1566 242 magis
1581 197 1782 243 exquifitum.

428 243 535 277 Multa
549 242 662 285 objicit
676 241 872 286 Gaffendus‚
899 254 971 290 quae
987 241 1050 277 huc
1064 241 1161 290 plane
1182 243 1317 278 redeunt
1334 272 1343 287 ‚
1365 245 1424 278 tria
1448 244 1509 279 effe
1528 244 1670 280 idearum
1683 260 1782 296 gene-

392 303 426 325 ra
444 306 451 327 ε
479 292 628 339 quaedam
646 293 732 326 enim
745 290 817 327 sunt
835 293 953 327 innatae
971 318 980 333 ‚
1005 290 1074 324 aliae
1091 291 1275 327 adventitiae
1291 322 1301 336 ,
1326 293 1432 341 plures
1449 292 1469 328 ὸ.
1487 291 1582 328 nobis
1603 292 1779 344 finguntur.

390 344 503 389 ltaque
518 340 597 376 nihil
611 339 737 375 obstare
759 343 936 389 quominus
957 341 1029 374 idea
1047 341 1087 374 de
1108 353 1173 388 qua
1188 341 1351 389 loquimur
1367 371 1376 386 ‚
1401 345 1486 377 inter
1503 355 1555 376 eas
1573 356 1780 390 numeretur,

388 403 465 437 quas
478 389 664 425 intelleerus
678 389 815 425 fabricat
826 404 833 426 :
844 402 880 425 ut
893 402 965 424 cum
979 389 1142 425 infinitum
1157 392 1312 426 muudum
1326 390 1475 441 fingimus
1489 409 1498 435 3
1511 403 1566 426 aut
1582 404 1670 427 certe
1685 397 1781 430 notio

388 442 472 474 entis
490 438 613 474 summe
627 439 764 488 perfecti
776 441 837 474 erit
850 440 1029 474 adventitia
1048 455 1057 483 3
1079 450 1134 474 aut
1159 442 1235 487 quia
1251 453 1293 476 ex
1312 440 1382 474 aliis
1404 442 1515 476 audivi
1534 453 1603 476 rem
1620 442 1779 488 ejufinodi

386 489 517 523 existere
530 507 538 533 3
550 499 606 523 aut
625 491 699 536 quia
715 501 755 524 ex
770 490 865 524 variis
884 487 1141 536 perfectionibus
1159 518 1167 532 ‚
1186 502 1258 536 quse
1275 492 1306 524 in
1327 490 1389 524 hoc
1406 490 1553 525 universo
1566 519 1575 533 ,
1588 491 1649 525 rvel
1666 494 1699 526 in
1716 506 1779 529 no-

357 560 362 562 Δ
385 536 434 572 bis
449 538 519 574 sunt
536 538 664 573 diversit
681 567 690 581 ‚
704 538 787 573 hanc
805 537 932 573 confeci
949 539 1126 586 imaginem
1139 540 1185 572 rei
1202 551 1240 572 ex
1259 542 1349 574 omni
1361 551 1452 587 parte
1464 538 1629 587 perfeetae⁸

422 588 614 636 Responderi
629 588 732 636 potest
751 587 840 622 illam
860 588 966 622 ideam
983 600 1049 621 non
1075 585 1136 622 effe
1164 586 1334 632 fidutiam,
1358 591 1434 635 quia
1459 588 1610 623 omnibus
1630 589 1776 626 homini-

373 636 442 672 'bus
454 639 510 684 qui
521 638 665 672 animum
684 638 856 673 attendunt
870 638 1050 672 communis
1062 637 1122 672 est:
1142 649 1216 671 nam
1229 635 1248 671 si
1266 638 1495 686 complicatam
1509 640 1574 674 Dei
1588 641 1773 685 notionem,

380 698 416 720 ut
436 685 579 732 loquitur
591 686 728 728 Cicero,
744 686 847 722 velint
863 685 1036 729 evolvere,
1063 699 1178 721 omnes
1194 689 1261 721 Dei
1278 689 1411 722 nomine
1435 699 1502 722 rem
1517 700 1559 722 ex
1574 690 1665 723 omni
1682 701 1775 737 parte

379 734 562 784 perseditam
581 735 777 783 intelligent.
798 738 935 783 Qque
952 738 1062 770 Deum
1084 747 1118 770 ut
1132 748 1247 784 corpus
1271 735 1327 771 fibi
1343 735 1471 785 fingunt
1488 765 1498 780 ‚
1520 737 1607 771 ideas
1634 739 1718 773 inter
1741 738 1774 774 se

380 796 561 832 pugnantes
573 783 639 820 una
652 789 873 834 conjungunt,
895 787 942 818 rei
957 787 1092 819 omnino
1107 785 1260 833 perfeetae
1275 815 1284 829 ,
1304 791 1338 822 &
1360 788 1503 833 corporis
1527 800 1534 822 :
1558 799 1632 822 cum
1657 799 1770 835 corpus

367 832 539 868 divisibile
557 833 592 868 sit
605 835 639 869 in
655 846 761 882 partes
775 864 783 877 ,
808 846 916 882 neque
929 834 1011 868 adeo
1023 833 1156 882 fimplex
1168 862 1178 877 ,
1206 845 1260 869 aut
1279 846 1376 870 unum
1392 834 1452 869 esse
1467 834 1571 882 poffit.
1593 839 1627 870 In
1640 837 1720 871 ideis
1733 836 1771 871 fi-

377 884 475 918 <stiriis
494 897 561 919 non
574 896 688 918 omnes
701 883 796 931 plane
812 885 1034 919 conveniunt:
1052 895 1126 918 nam
1139 895 1175 918 ut
1190 885 1307 930 cuique
1323 882 1451 918 libitum
1463 883 1526 927 est,
1551 886 1596 919 ita
1615 883 1768 935 effingun-

377 944 439 967 tur.
458 932 590 967 Deinde
605 944 711 981 partes
723 931 847 968 habent
858 945 928 980 quae
937 932 1050 966 divelli
1061 931 1081 966 a
1093 931 1122 966 se
1139 934 1280 968 invicem
1294 931 1431 980 poffunt.
1455 934 1507 966 Sic
1522 931 1578 967 ubi
1594 933 1700 968 ideam
1714 935 1768 970 ef.

375 981 465 1031 fingo
480 984 556 1030 equi
572 981 649 1017 alati
665 1011 674 1026 ,
687 980 811 1030 poffum
821 982 886 1016 alas
909 979 951 1015 ab
965 993 1005 1014 eo
1015 982 1216 1030 cogitatione
1226 980 1390 1016 secernere
1401 1010 1410 1024 ‚
1424 987 1457 1018 &
1470 993 1589 1027 equum
1605 980 1707 1018 solum
1717 984 1766 1018 di-

374 1032 488 1066 stinele
499 1034 667 1081 percipere
681 1046 688 1067 ς
700 1031 751 1066 sed
766 1043 804 1066 ex
815 1032 890 1065 idea
912 1031 958 1064 rei
968 1028 1088 1064 summe
1098 1031 1252 1078 perfeflae
1263 1030 1344 1066 nihil
1355 1029 1479 1079 poffum
1489 1030 1671 1066 detrahere:
1684 1034 1764 1077 imo,

375 1092 411 1115 ut
427 1081 566 1116 diximus
582 1110 592 1126 ,
606 1081 674 1117 haec
692 1080 896 1117 existentiam
912 1078 1085 1116 neceffario
1102 1081 1236 1117 includit
1257 1094 1264 1117 :
1287 1080 1375 1129 quod
1392 1080 1432 1115 de
1451 1079 1539 1115 nulla
1555 1080 1627 1115 idea
1648 1080 1763 1118 fiffltia

376 1130 438 1163 dici
455 1130 571 1178 potest.

407 1180 471 1213 Sed
491 1191 596 1225 neque
608 1180 676 1215 haec
692 1181 762 1216 idea
772 1182 856 1216 inter
865 1180 1060 1217 adventitias
1071 1179 1182 1217 haberi
1201 1180 1320 1230 potest.
1340 1178 1522 1227 Qomodo
1543 1181 1629 1215 enim
1651 1193 1693 1217 ex
1709 1183 1761 1217 di-

371 1226 464 1264 verfis
479 1227 609 1263 dotibus
620 1242 691 1277 quae
704 1232 799 1265 variis
812 1229 905 1263 rebus
922 1230 1027 1265 insunt
1037 1244 1136 1265 unum
1150 1231 1315 1277 quoddam
1329 1228 1447 1263 summe
1467 1229 1650 1277 perfeetum
1667 1234 1759 1279 potui

369 1290 566 1326 componere
585 1289 594 1313 ἒ
619 1291 659 1314 an
677 1279 761 1315 forte
777 1278 1007 1326 ampliando&
1021 1279 1111 1314 velut
1129 1278 1334 1313 extendendo
1344 1277 1414 1313 illas
1429 1280 1606 1324 imagines?
1633 1279 1684 1314 sed
1695 1293 1757 1317 un-

368 1327 408 1360 de
421 1327 499 1361 milii
512 1326 564 1360 illa
577 1330 624 1361 vis
643 1327 682 1362 fic
694 1327 869 1376 ampliandi
879 1340 993 1362 omnes
1007 1328 1227 1376 perfeffiones
1252 1337 1372 1361 creatas
1387 1355 1396 1368 ‚
1425 1338 1460 1360 ut
1484 1327 1637 1373 quiddam
1657 1328 1754 1378 long-e

366 1375 541 1424 perfeffins
552 1404 561 1419 ‚
583 1376 683 1423 quam
712 1388 825 1411 revera
845 1374 881 1409 fit
896 1404 904 1418 ‚
922 1387 1034 1411 mente
1047 1378 1250 1422 concipiam?
1264 1375 1393 1410 Deinde
1407 1373 1527 1408 summa
1544 1378 1609 1409 Dei
1625 1378 1755 1424 perfec-

366 1427 414 1459 tio
431 1427 464 1459 in
476 1424 538 1459 hoc
551 1424 706 1468 consistit,
724 1437 759 1459 ut
776 1436 890 1459 omnes
913 1424 996 1459 illius
1016 1425 1106 1458 dotes
1121 1423 1177 1458 fint
1198 1426 1284 1458 inter
1304 1422 1333 1457 se
1349 1435 1421 1457 cum
1432 1421 1553 1457 summa
1570 1422 1753 1472 simplicita-

363 1485 396 1508 te
409 1475 586 1517 conjune‘tae
602 1488 608 1509 :
636 1474 782 1522 alioquin
795 1475 884 1509 enim
896 1487 964 1509 non
976 1475 1038 1508 erit
1050 1486 1098 1508 res
1115 1472 1235 1508 summe
1245 1472 1392 1521 perfecta
1407 1486 1414 1507 :
1432 1471 1483 1506 sed
1501 1472 1583 1508 nihil
1597 1474 1752 1521 ejusmodi

363 1526 395 1558 in
414 1521 506 1557 rebus
523 1525 635 1558 creatis
647 1523 931 1571 deprehendimus,

398 1572 563 1606 Postremo
573 1584 635 1606 nec
655 1573 763 1607 ideam
778 1571 887 1607 habeo
897 1574 944 1607 rei
958 1572 1082 1607 summae
1095 1571 1249 1621 perfedh‘e
1262 1601 1272 1615 ,
1298 1571 1386 1619 quod
1404 1569 1446 1605 ab
1463 1570 1532 1605 aliis
1548 1584 1615 1608 rem
1627 1573 1750 1622 ejusmo

361 1622 393 1655 di
406 1618 466 1655 effe
486 1621 662 1656 audiverim
677 1636 684 1657 :
702 1620 826 1656 tametsi
839 1623 927 1657 enim
942 1622 1097 1671 ejusmodi
1119 1622 1198 1656 ideae
1215 1623 1347 1656 excitari
1362 1619 1502 1663 debent,
1520 1620 1640 1669 alioqui
1657 1622 1748 1658 velut

360 1671 470 1718 sopita:
484 1674 648 1717 jacerent3
670 1683 778 1705 tamen
794 1670 1155 1719 id=me1·itoquaeri1nuS‚
1168 1671 1251 1706 unde
1273 1670 1318 1704 illi
1338 1682 1376 1704 ex
1399 1669 1515 1716 quibus
1535 1671 1654 1714 audivi,
1665 1671 1749 1707 hanc

357 1721 527 1754 notionem
540 1719 718 1763 hauserint,
740 1725 773 1756 &
786 1720 899 1754 eadem
911 1720 1034 1769 semper
1051 1731 1191 1755 recurret
1199 1718 1376 1755 difficultas.
1389 1719 1519 1754 Deinde
1532 1732 1602 1755 cum
1621 1721 1746 1767 aliquid

355 1767 397 1803 ab
410 1768 479 1802 aliis
494 1770 667 1816 accipimus
679 1799 687 1811 ‚
708 1771 806 1816 idque
817 1769 1033 1817 approbamus
1047 1798 1055 1811 ‚
1071 1769 1133 1804 hoc
1144 1781 1231 1803 certe
1251 1768 1317 1802 fieri
1334 1781 1398 1803 non
1414 1768 1516 1815 potest
1530 1798 1539 1812 ‚
1559 1772 1636 1816 quin
1658 1770 1743 1805 illius

356 1821 400 1852 tei
414 1816 605 1864 implicitam
616 1817 727 1852 {altem
744 1820 914 1853 notionem
933 1818 1121 1853 habeamus.
1134 1819 1233 1854 Unde
1250 1817 1268 1852 fi
1286 1820 1356 1864 quis
1371 1818 1452 1852 mihi
1467 1818 1583 1852 dixerit
1600 1818 1742 1855 obsidio.

355 1880 395 1903 ne
406 1866 540 1901 solutam
555 1866 616 1902 effe
635 1867 861 1909 Vsslobonam,
874 1880 939 1902 non
954 1868 1060 1901 statim
1076 1867 1148 1902 huic
1163 1867 1260 1902 fidem
1270 1866 1411 1901 adhibeo
1424 1896 1432 1909 ‚
1450 1865 1504 1900 nisi
1517 1868 1621 1914 idjam
1633 1867 1740 1903 aliun,-

353 1917 393 1950 de
404 1918 583 1964 acceperim
603 1934 612 1959 3
629 1927 684 1951 aut
702 1917 741 1950 de
755 1918 930 1952 veracitate
943 1917 1030 1965 hujus
1042 1917 1182 1951 hominis
1195 1916 1275 1950 mihi
1290 1915 1424 1950 constet.
1445 1917 1497 1949 Sic
1516 1917 1576 1949 rite
1601 1918 1737 1950 interro-

352 1966 460 2013 gando
478 1965 578 1999 multa
592 1966 762 2009 docemur,
791 1968 870 2000 utin
891 1965 976 2000 libro
990 1967 1029 2000 de
1042 1966 1194 2012 mngistro
1203 1965 1338 2000 ostendit
1358 1967 1388 1999 S.
1410 1964 1541 2013 August.
1559 1975 1595 1998 ut
1617 1964 1736 2011 probet

353 2027 409 2049 nos
422 2017 533 2048 omnia
543 2015 651 2049 doceri
665 2016 706 2050 ab
717 2028 757 2049 eo
775 2017 920 2050 noetore
935 2044 944 2057 ,
962 2018 1018 2061 qui
1029 2015 1222 2049 Carlwdmm
1234 2012 1329 2047 habet
1351 2015 1382 2047 in
1394 2014 1466 2047 coelo
1480 2040 1488 2051 ,
1514 2015 1634 2059 qriique
1649 2016 1735 2049 intus

351 2077 407 2097 nos
419 2063 520 2097 docet.
543 2064 659 2096 Nolite
672 2092 681 2105 ‚
695 2066 800 2110 inquit
814 2064 975 2105 Christus,
988 2065 1098 2096 vocari
1113 2062 1253 2109 magistri
1268 2077 1276 2097 ;
1300 2074 1379 2096 unus
1401 2063 1483 2094 enim
1506 2060 1656 2102 maaisler
1676 2075 1733 2096 ve-

346 2112 412 2156 ster
420 2111 472 2155 est„
485 2113 573 2146 Hinc
584 2113 666 2160 Aug.
680 2114 867 2146 Admonere
878 2140 887 2149 ,
907 2114 1022 2159 inquit,
1036 2113 1188 2158 possumus
1211 2122 1271 2158 per
1278 2109 1444 2158 strepitum
1466 2112 1552 2143 vocis
1566 2110 1668 2155 nostrae
1678 2138 1688 2150 ,
1698 2111 1731 2156 fi

351 2160 463 2205 nonfit
481 2163 565 2194 imm
578 2165 635 2205 qni
649 2162 773 2199 doceat,
792 2163 895 2194 inanis
907 2160 947 2198 es?
968 2160 1112 2207 strepitus
1125 2159 1233 2199 noster.

387 2213 500 2257 Qare
519 2209 594 2243 licet
612 2210 643 2244 id
671 2207 1033 2245 Cartefio'raffintiamur
1045 2238 1054 2252 ,
1080 2208 1232 2243 omnibus
1244 2219 1451 2242 communem
1465 2205 1526 2240 else
1542 2209 1605 2242 Dei
1618 2209 1730 2243 notio..

350 2272 442 2301 nem,
462 2259 561 2306 idque
575 2261 683 2294 Patres
698 2272 783 2307 pene
795 2271 909 2293 omnes
924 2257 1036 2306 passim
1050 2259 1246 2292 admoneant
1259 2286 1267 2300 ‚
1283 2268 1317 2290 ut
1329 2255 1421 2289 facile
1435 2254 1511 2290 effer
1524 2256 1726 2291 demonstra..

350 2320 383 2340 re
396 2336 404 2348 ‚
417 2306 470 2341 nisi
482 2307 659 2342 titionibus
676 2311 786 2356 magis,
803 2309 902 2355 quam
914 2308 1043 2349 locis,&
1056 2308 1289 2342 authoritatum
1300 2305 1443 2350 pondere
1456 2306 1619 2351 agendum
1630 2306 1724 2340 nobis

348 2357 448 2391 foret:
466 2356 543 2391 illud
559 2369 666 2392 tamen
675 2359 878 2392 concedimus
894 2371 957 2393 non
970 2357 1074 2391 ideam
1087 2358 1147 2391 Dei
1160 2355 1350 2391 absolutam,
1367 2352 1415 2387 stu
1428 2356 1509 2388 entis
1523 2353 1641 2388 summ?
1653 2367 1724 2402 per-

349 2405 427 2440 fecti
441 2404 535 2440 nobis
550 2403 610 2441 effe
628 2410 858 2455 congenitam,
877 2419 932 2442 aut
949 2405 1110 2443 mentibus
1125 2405 1238 2440 nostris
1257 2402 1443 2451 insculptam
1464 2421 1472 2447 3
1504 2416 1610 2451 neque
1634 2405 1722 2440 enim
