1857 2745
559 103 919 140 MORALIS.
1407 118 1458 152 ιτ,

504 202 600 249 Qu
627 205 666 238 AE
691 204 712 238 s
737 204 768 238 T
792 205 806 237 1
829 203 864 239 o
925 183 975 239 1'1.

425 301 519 349 Qud
528 301 574 346 fit
598 315 699 351 gent-ts
714 301 918 350 Philosophia
935 302 1093 340 Moralis.

16 410 19 411 ’
61 406 218 492 CUm
239 399 378 437 Moralis
395 399 604 450 Philosophia
626 399 661 435 fit
686 402 813 439 habitus
832 401 1060 439 intelleeiualis
1076 432 1084 447 ,
1113 403 1221 452 palam
1245 403 1292 438 est
1310 415 1382 440 eam
1400 418 1460 441 nec

147 451 405 500 Intelligentiarn
422 450 484 485 esse
499 453 750 500 principiorum,
763 467 823 489 nec
837 456 1037 502 Sapientiam
1051 481 1059 495 ‚
1073 466 1181 502 neque
1196 455 1310 489 Artem
1332 458 1460 502 proprie

53 506 195 548 dietam,
212 498 290 536 curn
307 501 413 535 activa
431 498 468 534 sit
484 529 495 544 ,
521 514 590 537 non
607 502 760 538 effcchva
774 518 782 539 :
801 515 900 551 quare
913 505 947 537 in
965 501 1028 537 hoc
1038 506 1144 538 omnis
1165 503 1298 551 quaestio
1314 506 1460 547 vertitur,

53 555 233 592 Prudentia
243 548 297 594 fit,
311 562 353 587 an
363 551 526 596 Serennia,
552 564 594 587 an
608 551 771 600 utriusque
785 566 908 590 nomen
926 557 959 590 ὅ(
976 552 1138 590 tationem
1151 551 1210 590 sibi
1220 557 1288 602 jure
1305 552 1458 590 vindicer.

55 607 103 643 Sit
132 606 229 655 igitur
828 641 831 643 ,

601 652 717 686 Prima
729 651 915 700 Conclufio..

91 751 206 790 Ethica
219 750 266 786 est
283 749 418 786 scientia
434 750 566 798 proprie
584 748 679 784 dicka.

28 835 37 838 ,
91 800 232 837 Probari
241 799 341 850 potest
360 799 512 845 conclufio
543 797 657 834 iisdem
677 797 876 845 rationibus,
917 796 1036 848 quibus
1055 801 1211 837 ostensum
1233 799 1293 835 fuit
1309 801 1468 851 Logicam

54 849 118 888 effe
134 850 312 887 scientiam.
329 847 463 892 Primo,
488 847 577 896 quod
592 860 629 883 ex
638 851 737 883 certis
751 854 784 885 ὃ(
800 849 988 886 inconcussis
1004 853 1168 900 principiis
1195 862 1299 886 certas
1318 857 1350 889 δε
1371 852 1465 887 indu-

54 900 177 937 bita'tas
198 896 417 934 conclusiones
438 909 540 933 eruat.
562 897 657 933 Nihil
669 899 758 932 enim
773 899 821 933 est
836 901 868 933 in
879 898 1018 935 scientiis
1035 912 1092 935 aut
1107 902 1221 935 cereus
1236 929 1245 944 ‚
1261 913 1317 936 aut
1328 901 1467 936 eviden-

56 952 121 985 tius
133 979 142 993 ‚
169 947 273 996 quilm
286 946 491 982 reddendum
503 944 564 980 effe
580 948 754 993 unicuique
766 948 853 994 quod
865 948 957 983 snum
971 950 1032 992 (ὦ,
1050 961 1199 998 parentes
1218 949 1282 984 coli
1300 962 1467 999 oporrere;

56 1001 133 1036 Deo
149 1009 185 1033 ut
197 996 358 1032 conditori
367 995 476 1031 nostro
487 1024 496 1038 ,
521 997 572 1029 cui
589 1008 648 1030 nos
667 996 841 1043 nostraque
858 999 968 1031 omnia
987 998 1146 1033 debemus
1161 1028 1170 1042 ‚
1193 1001 1369 1047 parendum
1383 997 1445 1033 else
1456 1026 1467 1042 ‚

57 1053 93 1085 &
109 1047 171 1082 alia
186 1057 272 1094 pene
293 1046 464 1079 innumera
477 1072 487 1086 ‚
509 1055 548 1078 ex
566 1043 687 1090 quibus
699 1055 794 1078 certae
808 1044 1026 1081 conclufiones
1044 1059 1207 1083 eruuntur.
1223 1050 1306 1096 Ergo
1319 1046 1468 1082 Philoso-

55 1096 134 1147 phia
146 1093 284 1131 Motalis
295 1094 338 1128 est
352 1091 482 1128 scientia
497 1094 596 1127 etiam
615 1093 743 1142 proprie
754 1093 860 1136 dicia,
882 1094 1012 1141 qualem
1028 1095 1214 1130 Aristoteles
1241 1098 1272 1130 in
1287 1096 1467 1145 Analyticis

57 1144 254 1182 definitione
265 1142 320 1178 su&
331 1155 406 1178 com
434 1141 523 1177 lexus
548 1142 608 1186 est,
625 1141 774 1179 Habitus
781 1155 899 1191 nempe
913 1143 1186 1180 demonstratione
1200 1144 1383 1193 acquisitus,

31 1223 35 1226 .
68 1220 70 1223 ,
95 1193 247 1240 Confirm.
266 1194 387 1228 Omnis
415 1190 620 1240 yllogismu5‚
639 1203 673 1226 ut
686 1192 878 1227 Aristoteles
892 1193 989 1228 docet
1007 1197 1038 1229 in
1058 1194 1238 1242 Analyricis
1250 1223 1262 1237 ‚
1278 1207 1333 1230 aut
1348 1195 1395 1229 est
1410 1195 1469 1230 de-

61 1244 308 1285 monstrativus,
325 1254 381 1276 aur
399 1243 524 1290 topicus
537 1271 545 1285 ,
567 1240 816 1290 antsophisticus
839 1257 847 1278 :
867 1254 967 1290 atque
981 1247 1085 1279 omnis
1108 1243 1236 1278 hibitus
1260 1243 1467 1288 discnifivus‚

61 1300 96 1332 &
113 1305 168 1344 pet
182 1290 404 1341 syllogismum
415 1289 582 1339 acquisitus
593 1320 603 1334 ,
617 1292 658 1325 ad
672 1291 787 1340 triplex
805 1290 868 1326 hoc
885 1304 986 1341 genus
1006 1294 1120 1328 referri
1142 1295 1244 1342 potest
1259 1308 1267 1330 :
1287 1293 1338 1328 scd
1356 1293 1469 1329 Ethica

27 1367 30 1371 ·
62 1356 130 1380 non
143 1343 186 1378 est
201 1340 331 1377 habitus
345 1340 531 1389 sophisticus
544 1371 554 1384 ‚
582 1353 641 1376 nec
655 1353 744 1376 rnere
757 1343 880 1390 topicus
896 1356 904 1378 :
928 1355 1001 1378 cum
1015 1356 1053 1378 ex
1071 1345 1235 1392 principiis
1256 1346 1350 1378 certis
1366 1349 1397 1379 8<
1415 1355 1468 1380 ne.

61 1390 194 1427 ceffariis
211 1391 353 1426 constet:
375 1402 454 1440 ergo
468 1389 564 1426 restat
585 1402 622 1426 ut
641 1389 678 1426 fit
696 1402 773 1426 vera
787 1396 821 1428 &
837 1395 967 1441 proprie
977 1392 1063 1429 dieba
1079 1392 1231 1437 scientia,
1259 1392 1313 1428 scu
1339 1391 1468 1428 habitu„

62 1440 348 1478 demonstrativus.
358 1467 362 1470 .

607 1488 759 1522 Secunda
778 1488 953 1533 Conclusio.

102 1587 316 1638 Philosophia
329 1583 479 1628 Moralis,
491 1583 665 1620 Prudentia
678 1595 810 1631 quoque
825 1584 889 1619 dici
911 1584 1044 1633 potest}

99 1637 264 1674 Probatur
276 1635 439 1679 conclusio.
458 1634 631 1669 Prudentia
650 1631 806 1667 definitur
830 1632 872 1668 ab
890 1634 1061 1670 Aristotele
1083 1633 1211 1671 habitus
1232 1647 1308 1670 vera
1327 1649 1400 1673 cum
1419 1650 1469 1672 ra-

67 1689 162 1724 tione
173 1689 296 1723 activus
315 1688 399 1720 circa
417 1696 456 1719 ea
471 1695 543 1731 quae
571 1681 641 1718 sunt
660 1683 785 1718 homini
805 1681 893 1717 bona
907 1683 960 1718 vel
973 1683 1067 1719 mala.
1089 1686 1151 1719 Sed
1171 1683 1377 1735 Philosophia
1389 1690 1469 1722 Mo-

69 1737 145 1772 ralis
162 1736 208 1771 est
225 1735 354 1771 habitus
375 1746 450 1770 vera
467 1744 542 1767 cum
560 1733 688 1767 ratione
707 1733 849 1767 activus:
866 1745 942 1768 nam
959 1735 1047 1769 actus
1063 1733 1240 1769 voluntatis
1253 1737 1337 1784 regit
1356 1753 1365 1779 ς
1397 1749 1469 1783 quae

69 1785 161 1833 sequi
175 1784 368 1828 debeamus,
392 1795 460 1831 quae
474 1781 628 1830 fugienda
639 1783 809 1829 praecipir3
827 1794 927 1830 atque
941 1781 982 1818 eo
1005 1785 1112 1831 potius
1124 1784 1252 1827 tendit,
1274 1796 1310 1818 ut
1329 1798 1387 1819 nos
1407 1785 1472 1819 bo-

69 1847 152 1879 nos,
179 1834 279 1882 qudm
314 1846 349 1868 ur
365 1834 480 1867 doeros
503 1842 560 1864 aut
576 1833 698 1878 peritos
718 1829 847 1868 efficiat.
867 1834 950 1880 Ergo
975 1832 1088 1867 Ethica
1108 1845 1175 1867 non
1196 1831 1301 1868 solilm
1318 1833 1445 1869 scientia
1459 1863 1471 1879 ,

72 1883 125 1921 scd
147 1889 179 1920 &
201 1883 372 1932 prudentia
387 1878 583 1916 dicimerito
594 1881 706 1928 potest.
723 1881 822 1917 Unde
842 1887 876 1918 &
902 1882 1057 1924 politica,
1083 1894 1153 1929 quae
1175 1882 1221 1917 est
1239 1894 1311 1931 pars
1334 1883 1470 1920 Moralis

73 1932 314 1982 Philosophiae'‚
334 1945 403 1968 non
416 1929 458 1966 ab
470 1929 640 1965 Aristotele
657 1932 777 1975 modo,
799 1929 852 1964 sed
869 1936 903 1968 &
923 1929 1022 1980 vulgo
1039 1931 1145 1966 civilis
1168 1933 1343 1967 Prudentia
1362 1934 1469 1967 nomi-

74 1994 179 2019 natur.
298 1988 305 1995 ”

106 2031 259 2077 Confirm.
279 2032 378 2067 Aetio
398 2030 436 2064 ad
449 2029 656 2078 prudentiam
668 2058 678 2072 ‚
695 2040 731 2066 ut
753 2028 886 2066 effectio
902 2030 942 2065 ad
957 2043 1060 2066 artem
1075 2033 1205 2079 proprie
1224 2033 1368 2080 pertinet
1392 2046 1399 2067 :
1418 2031 1474 2068 illa

76 2080 124 2114 est
146 2080 320 2116 voluntaris
332 2110 342 2125 ‚
357 2086 390 2117 ὃ(
409 2092 466 2128 per
481 2078 511 2113 se
530 2079 732 2126 expetenda,
752 2092 888 2128 quaeque
909 2092 1064 2129 agentem
1078 2080 1261 2128 simpliciter
1284 2080 1408 2116 bonum
1422 2082 1473 2117 ef.

77 2128 169 2166 ficit:
188 2128 318 2166 effeffio
336 2131 378 2164 est
396 2130 543 2177 operat-io
567 2126 735 2162 artificiosa
747 2158 757 2173 ‚
778 2142 849 2176 quae
863 2129 906 2164 ab
925 2132 1056 2178 ingenio
1068 2160 1077 2173 ,
1100 2130 1150 2164 seu
1170 2128 1211 2163 ab
1226 2130 1396 2165 intellecstu
1412 2144 1473 2179 po-

82 2180 141 2212 tius
153 2206 163 2220 ,
187 2180 288 2226 quarn
313 2179 334 2215 ἐι
360 2178 530 2215 voluntate
548 2176 779 2225 proficiscitur:
801 2179 885 2214 unde
901 2179 1037 2213 adaiiud
1052 2177 1272 2221 referrisolet,
1289 2192 1393 2227 neque
1416 2193 1473 2228 per

83 2224 115 2259 se
129 2255 138 2268 ,
161 2239 196 2261 ut
214 2231 299 2263 affio
315 2229 450 2264 honesta
462 2257 472 2271 ,
499 2238 658 2274 expetitur
681 2243 690 2269 3
717 2239 816 2275 atque
835 2241 873 2263 ex
889 2227 1063 2263 effeffione
1075 2228 1177 2262 homo
1200 2241 1268 2262 non
1292 2227 1473 2278 simpliciter

86 2272 191 2308 bonus
210 2305 220 2318 ‚
244 2277 293 2311 sed
315 2277 487 2312 secundum
501 2277 575 2323 quid
587 2276 720 2319 dicitur,
734 2288 769 2310 ut
782 2276 887 2312 bonus
900 2278 1091 2311 ambite-<stus
1101 2306 1110 2319 ,
1123 2288 1177 2310 aut
1186 2280 1298 2325 pieros.
1315 2279 1378 2313 Sed
1393 2280 1474 2313 Mo-

87 2322 160 2356 ralis
172 2323 370 2373 Philosophia
381 2329 461 2361 circa
478 2325 657 2362 voluntatis
671 2328 816 2361 aetiones
830 2326 970 2361 versatur
984 2355 993 2368 ,
1018 2328 1048 2359 in
1066 2324 1182 2368 quibus
1197 2330 1296 2375 magis
1314 2329 1454 2362 intentio
1464 2357 1474 2370 ,

86 2370 187 2419 qudrn
198 2373 358 2420 industria,
372 2380 405 2412 &
422 2389 489 2425 quo
505 2377 615 2412 animo
626 2378 697 2424 quis
713 2388 788 2424 agat
799 2404 809 2421 ,
831 2376 931 2424 qn'am
945 2375 1021 2423 quid
1032 2373 1150 2411 efficiat
1161 2404 1170 2420 ‚
1197 2375 1385 2424 spestirnus.
1399 2379 1474 2414 Un-

1218 2428 1269 2460 Ee
1298 2428 1316 2474 ij
