1857 2745
387 144 453 182 140·
885 132 916 167 T
935 132 966 167 R
985 131 1014 167 Α
1030 130 1060 167 C
1077 133 1107 168 T
1125 133 1153 169 A
1170 134 1200 169 T
1216 133 1253 169 U
1267 133 1289 167 S

384 196 475 233 pater
494 184 697 226 nominatur3
717 182 870 216 terminus
884 181 929 215 est
941 211 950 225 ‚
971 193 1071 229 quem
1089 182 1203 218 relatio
1215 182 1343 232 respicit
1363 195 1371 218 ε
1396 193 1432 217 ut
1449 181 1550 218 horno
1564 186 1705 232 genitus,
1720 197 1776 222 aut

387 233 467 268 filius
483 248 491 273 3
506 231 755 266 fundamentum
768 260 777 275 ,
802 242 842 265 ut.
850 230 987 266 ‘diximus
998 259 1008 273 ,
1027 232 1070 266 est
1081 234 1184 276 ratio,
1209 244 1264 267 aut
1280 231 1370 266 causa
1387 231 1472 266 illius
1485 232 1602 267 ordinis
1618 262 1627 277 ‚
1649 234 1703 269 vel
1719 245 1775 270 re.

381 282 523 316 lationis,
542 283 595 315 De
607 280 821 316 fundamento
835 285 867 317 ἃ
881 279 1027 330 subjecto
1043 281 1201 319 diximus:
1217 281 1313 316 restat
1325 294 1360 316 ut
1371 294 1441 329 quse
1458 281 1498 315 ad
1513 287 1686 318 terminum
1698 297 1778 333 pet-¹

380 341 511 372 tinent,
542 342 751 377 exequamur.

415 379 510 414 Circa
530 381 705 414 terminum
723 380 787 414 duo
798 377 995 428 potiffimum
1005 378 1336 426 quaerisolent.*1⁰‘An
1347 379 1382 415 fit
1394 381 1435 415 de
1448 377 1578 416 elsentia
1592 379 1776 426 relationis;

383 440 417 465 20
432 430 483 464 An
504 430 657 464 terminus
671 429 835 464 telamonis
850 427 887 464 fit
906 430 981 477 quid
997 429 1179 465 absolutum
1191 459 1200 474 ‚
1229 430 1280 465 vel
1298 430 1481 466 relativum.
1510 432 1561 466 Sit
1581 431 1692 479 itaque

947 481 1059 514 Prima
1084 479 1255 524 Conclnsto.

417 527 626 563 Connotatio
644 530 774 564 termini
790 530 836 564 est
856 528 897 563 de
915 527 1044 564 effentia
1057 529 1222 564 relationis
1236 557 1246 572 ,
1264 528 1411 576 non-ipse
1423 529 1591 564 terminus.

418 576 624 614 Probatur&
636 576 724 612 simul
737 579 915 627 explicatur
927 576 1096 614 conclusio.
1111 578 1245 613 Relatio
1266 578 1313 612 est
1334 578 1416 612 ordo
1439 576 1572 626 iubjesti
1599 577 1639 611 ad
1653 579 1775 613 termi-

379 640 460 664 num
478 641 487 663 ε
514 638 591 676 ergo
606 627 647 661 de
662 627 748 662 illius
765 627 896 664 elsentia
909 628 956 663 est
969 639 1171 662 utconnotet
1189 629 1384 663 terminum:
1398 638 1432 661 ut
1447 627 1489 660 de
1506 623 1637 660 essentia
1655 626 1701 660 est
1718 627 1772 661 fa-

377 676 508 712 cultatis
520 705 530 720 ‚
549 675 603 711 vel
616 675 755 712 scientiae
769 679 859 726 quod
870 677 1039 727 objcerum
1049 677 1141 712 suum
1154 675 1311 725 respiciat.
1334 677 1399 711 Sed
1412 675 1691 723 quemadmodum
1709 674 1775 710 ob-

374 728 501 773 jectum
515 738 583 762 non
601 725 775 761 includitur
806 730 841 763 in
873 727 1015 763 scientiae
1030 756 1040 770 ,
1063 739 1120 761 aut
1135 726 1297 761 facultatis
1323 724 1476 760 effentia:
1507 737 1579 759 cum
1596 724 1775 771 aliquando

379 774 485 824 ipsum
497 788 564 811 non
573 775 700 812 existat:
711 775 750 811 fic
768 779 922 812 terminus
930 789 1004 811 ²non
1015 775 1186 810 includitur
1197 777 1231 810 in
1243 774 1376 810 effentia
1383 773 1564 808 relationis.
1575 773 1670 808 Ordo
1681 776 1776 822 quip-

377 836 419 872 pe
433 828 610 861 terminum
624 838 691 861 non
706 826 853 870 includit,
869 825 921 861 sed
939 838 1014 860 eum
1032 836 1188 860 connotat
1207 838 1214 860 :
1239 836 1316 873 ergo
1333 825 1499 868 terminus,
1513 835 1545 859 v,
1562 836 1593 873 g.
1607 821 1690 858 filius
1703 836 1775 860 non

380 874 554 910 includitur
571 877 603 910 in
615 873 775 910 relatione
789 905 799 920 ‚
816 887 852 910 ut
869 877 902 910 in
927 876 1136 923 paternitate.

411 923 570 969 Confirm.
586 924 705 958 Relata
720 923 778 958 fibi
792 936 1001 972 opponuntur
1022 937 1029 957 :
1049 936 1128 971 ergo
1149 935 1215 957 non
1238 922 1299 957 sese
1314 935 1429 958 mutuo
1444 921 1611 957 includunt
1628 950 1638 965 ‚
1662 925 1775 970 neque'

375 984 478 1007 unum
491 972 536 1007 est
547 973 589 1006 de
601 971 730 1009 alterius
745 973 885 1011 effentra,
902 972 1002 1011 Unde
1016 974 1194 1021 paternitas
1209 971 1319 1009 divina
1328 986 1396 1009 non
1407 971 1543 1007 includit
1550 969 1658 1006 filium
1671 985 1679 1007 :
1694 984 1772 1007 curn

376 1019 418 1054 ab
438 1033 480 1055 eo
492 1022 707 1068 distinguatur.

413 1070 497 1117 Opp.
513 1069 598 1103 Illud
617 1070 661 1103 est
678 1071 718 1105 de
736 1073 784 1105 rei
801 1070 934 1106 effentia
946 1099 955 1113 ‚
973 1068 1037 1105 fine
1048 1081 1115 1116 quo
1133 1080 1182 1102 res
1198 1068 1259 1104 effe
1275 1082 1331 1105 aut
1344 1072 1471 1118 concipi
1487 1071 1603 1117 nequit
1618 1085 1626 1107 :
1646 1069 1700 1106 sed
1717 1082 1772 1105 re-

376 1116 454 1152 latio
464 1116 526 1153 fine
538 1120 678 1154 termino
694 1119 755 1155 effe
770 1133 837 1157 non
847 1119 956 1170 potest
968 1148 978 1165 ‚
993 1130 1048 1154 aut
1062 1120 1189 1166 concipi
1209 1133 1217 1155 :
1238 1130 1316 1169 ergo
1343 1121 1497 1155 terminus
1517 1120 1559 1154 est
1574 1120 1614 1155 de
1637 1118 1786 1156 effentia.

376 1166 555 1203 relationis,

424 1218 516 1262 Resp.
535 1217 615 1261 Dtst.
628 1218 734 1262 maj.fi
750 1218 829 1253 illud
846 1218 1027 1254 includatur
1042 1219 1075 1252 in
1087 1230 1120 1251 re
1139 1217 1202 1266 ipsa
1216 1247 1226 1259 ,
1248 1218 1288 1253 C.
1302 1216 1323 1252 fi
1345 1230 1538 1253 connotetur
1557 1229 1701 1263 tantum,
1719 1220 1766 1257 N.

376 1266 509 1312 Imque,
528 1278 563 1300 ut
579 1267 716 1302 diximus
734 1269 774 1302 de
799 1267 931 1303 scientia
950 1273 984 1304 &
997 1266 1129 1316 objecto
1143 1297 1153 1310 ‚
1175 1269 1367 1303 connotatio
1381 1270 1513 1302 termini
1525 1268 1568 1302 est
1580 1268 1621 1302 de
1635 1267 1769 1303 relatio-

373 1316 423 1348 nis
436 1313 576 1352 elsentia.
595 1317 643 1351 Est
653 1320 739 1352 enim
751 1317 781 1351 id
798 1318 887 1365 quod
903 1317 1071 1364 distinguit
1089 1316 1282 1351 relationem
1301 1316 1322 1351 ἒι
1338 1316 1467 1363 reliquis
1486 1317 1743 1365 praedicamentis
1758 1346 1771 1363 ,

373 1374 472 1409 atque
487 1394 496 1408 ‚
524 1377 558 1399 ut
580 1364 754 1412 loquuntur
769 1395 779 1410 ‚
805 1367 916 1413 cffi’ad
926 1395 934 1408 ,
947 1365 1132 1400 relationis:
1153 1365 1367 1400 sedterminus
1381 1364 1445 1413 ipse
1455 1379 1525 1401 -non
1543 1366 1714 1404 includitur
1733 1369 1770 1406 in

374 1409 506 1447 effe-ntia
530 1415 697 1449 relationis
715 1430 722 1451 :
742 1428 814 1450 cum
833 1414 869 1449 sit
891 1415 969 1462 quid
983 1413 1204 1451 extrinsecum.

421 1464 520 1496 Nunc
535 1463 714 1498 videndum
725 1464 771 1498 est
784 1493 793 1506 ,
817 1476 858 1498 an
876 1464 993 1498 relatio
1009 1466 1198 1497 terminetur
1213 1464 1254 1497 ad
1268 1463 1453 1499 absolutum
1463 1493 1473 1507 ‚
1489 1475 1530 1498 an
1544 1465 1647 1511 potius
1665 1465 1705 1498 ad
1715 1478 1769 1500 re„

372 1507 511 1544 lativum
522 1529 531 1554 3
544 1523 651 1545 utrum
663 1510 836 1546 similitudo
847 1541 856 1555 ‚
871 1526 902 1546 v.
912 1524 958 1560 gr.
973 1524 1043 1558 quse
1055 1513 1096 1546 est
1107 1514 1141 1546 in
1152 1512 1265 1559 aliquo
1283 1512 1416 1548 homine
1426 1543 1436 1557 ,
1456 1515 1647 1547 terminetur
1665 1513 1705 1547 ad
1719 1513 1770 1549 aL-

374 1561 471 1592 terius
488 1559 630 1595 hominis
643 1558 900 1604 fimilitudinem‚
920 1573 961 1595 an
987 1562 1094 1608 potius
1110 1561 1151 1595 ad
1166 1560 1308 1609 figuram
1319 1591 1328 1605 ,
1345 1574 1418 1609 quae
1433 1562 1475 1597 est
1488 1561 1573 1597 illius
1589 1560 1771 1597 similitudi.

371 1609 420 1641 nis
436 1607 685 1644 fundamentum
700 1627 710 1654 3
724 1621 835 1644 utrum
849 1621 942 1658 pater
961 1612 1154 1645 terminetur
1169 1611 1211 1645 ad
1222 1610 1325 1645 filium
1337 1611 1536 1654 formaliter,
1553 1622 1710 1658 quatenus
1721 1612 1768 1647 est

373 1654 455 1691 filius
480 1673 488 1701 3
502 1670 543 1693 an
560 1660 687 1693 ratione
713 1658 937 1699 fundamenti,
959 1661 1035 1706 quia
1054 1663 1181 1707 genitus
1200 1660 1264 1694 fuit
1275 1659 1295 1694 a
1312 1662 1417 1696 Patre.
1437 1662 1498 1696 His
1515 1659 1689 1696 intellectis
1703 1689 1713 1704 ‚
1729 1659 1768 1696 fit

640 1720 643 1725 ¹
903 1707 1053 1742 Secunda
1067 1709 1238 1754 Conclufi0‚

406 1754 542 1789 Relatio
556 1759 743 1792 terminatur
759 1758 799 1792 ad
816 1757 941 1804 aliquid
958 1755 1141 1793 absolutum
1157 1760 1265 1806 potius
1284 1756 1384 1805 quam
1399 1758 1439 1792 ad
1456 1757 1639 1795 relativum.

401 1803 564 1837 Probatur
579 1807 742 1850 conclnsto.
765 1809 938 1842 Terminos
959 1805 1125 1841 relationis
1155 1808 1201 1841 est
1224 1808 1299 1855 quid
1315 1810 1401 1855 prius
1421 1806 1483 1855 ipsa
1499 1807 1657 1842 relatione
1671 1807 1765 1852 :lcum

369 1850 560 1887 sirconditio
573 1854 611 1887 ad
632 1854 825 1891 relationem
842 1855 991 1903 requisita
1003 1884 1012 1898 ,
1032 1868 1095 1902 qua
1109 1856 1208 1903 posita
1220 1856 1334 1890 relatio
1350 1856 1414 1902 ipsa
1432 1857 1537 1890 statim
1551 1857 1697 1902 emergit:
1709 1855 1764 1890 sed

369 1900 486 1936 relatio
501 1901 646 1949 opposita
661 1932 670 1945 ‚
689 1918 722 1940 v.
743 1918 790 1952 gt.
809 1904 925 1939 filiatio
947 1916 1013 1938 non
1034 1904 1075 1936 est
1096 1904 1219 1949 aliquid
1249 1906 1333 1950 prius
1354 1906 1572 1950 paternitate;
1600 1915 1637 1937 ac
1649 1915 1765 1939 neutra

367 1953 498 1998 proprie
509 1951 629 1998 pendet
641 1950 682 1984 ab
700 1951 802 1985 altera
823 1966 831 1986 z
857 1964 931 1985 cum
952 1950 1011 1984 sint
1029 1948 1116 1984 fimul
1136 1963 1249 1985 natura
1275 1964 1282 1986 :
1310 1964 1387 1999 ergo
1416 1953 1572 1987 terminus
1593 1952 1763 1990 relationis

367 2012 434 2034 non
452 2000 498 2033 est
515 1999 578 2033 alia
596 1999 712 2034 relatio
726 2029 737 2042 ‚
763 1998 816 2034 sed
832 1999 1081 2034 fundamentum
1100 2002 1208 2048 potius
1227 1999 1380 2047 opposita:
1405 2000 1584 2038 relationis.
1761 1995 1764 1999 ⁴

403 2047 554 2093 Confirm.
565 2050 597 2082 Si
608 2048 722 2084 relatio
735 2049 892 2098 penderet
902 2047 945 2082 ab
963 2046 1108 2096 oppofita
1117 2048 1275 2086 relatione
1285 2078 1295 2092 ,
1305 2061 1463 2096 tanquam
1474 2049 1493 2085 Ξι
1507 2053 1645 2087 termino
1654 2060 1765 2101 oppoe

366 2095 446 2140 fito,
469 2097 490 2132 ὲ
508 2096 539 2132 se
563 2097 627 2145 ipfii
648 2099 805 2146 penderet
821 2097 941 2134 *relatio
961 2111 969 2133 :
991 2109 1067 2135 narn
1083 2096 1102 2133 fi
1118 2101 1294 2146 paternitas
1314 2099 1334 2135 ὲ
1367 2098 1524 2134 filiatione
1539 2128 1547 2140 ‚
1567 2112 1602 2135 ut
1624 2101 1762 2138 viciffim

367 2144 485 2181 filiatio
498 2146 719 2195 &paternitate
730 2148 889 2196 pendeat,
910 2146 1050 2194 sequitur
1067 2150 1295 2194 paternitatem
1312 2147 1375 2193 {ise
1390 2146 1453 2195 ipsa
1470 2149 1621 2196 pendere.
1641 2149 1763 2186 Absur-

368 2194 445 2228 dum
462 2208 540 2229 vero
558 2196 603 2229 est
619 2209 687 2231 rem
708 2197 854 2244 aliquam
872 2196 892 2232 ἐι
912 2196 943 2231 se
964 2196 1029 2244 ipsa
1047 2197 1249 2244 dependere:
1274 2196 1349 2231 effer
1373 2199 1458 2231 enim
1486 2196 1516 2231 se
1541 2196 1605 2243 ipsa
1622 2201 1709 2247 prior
1724 2205 1762 2236 δε

366 2244 520 2288 posterior
536 2259 543 2280 z
562 2258 639 2292 ergo
664 2245 837 2281 absurdum
859 2257 993 2293 quoque
1029 2245 1156 2280 videtur
1184 2245 1378 2280 relationem
1393 2245 1434 2279 ab
1455 2245 1598 2294 opposita
1619 2249 1762 2295 pendere

367 2289 542 2335 relatione,
566 2293 622 2328 nisi
639 2294 724 2330 forte
737 2325 747 2338 ,
768 2307 802 2330 ut
826 2295 961 2330 diximus
974 2324 984 2338 ,
1004 2295 1256 2343 dependentiam
1280 2297 1490 2330 connexionis
1520 2295 1759 2346 intelligamus,

365 2338 443 2374 cum
455 2354 516 2375 una
529 2342 591 2377 fine
601 2343 703 2378 altera
713 2342 774 2379 esse
785 2357 852 2379 non
864 2343 943 2392 poffi
949 2356 968 2379 t.

397 2388 752 2430 ProbatnrffRelatio
771 2392 924 2432 definitur
944 2407 1002 2442 per
1019 2393 1109 2432 suum
1135 2397 1308 2434 terminum
1328 2409 1335 2431 :
1353 2394 1404 2430 sed
1423 2394 1552 2433 definiri
1568 2408 1634 2431 non
1652 2394 1757 2443 potest
