1857 2745
375 122 431 144 ιι
681 140 687 144 ,
820 102 1276 143 PHILOSOFHIA

377 122 534 191 cbntenra
551 154 605 197 fit,
630 165 666 188 ut
680 154 786 187 Stoici
803 153 1000 201 pertendunt
1019 169 1026 188 ;
1047 152 1099 189 sed
1112 157 1190 202 quia
1203 155 1246 190 est
1268 158 1302 190 in
1319 154 1415 189 bonis
1437 153 1590 190 omnibus
1606 159 1777 206 optimum.

376 208 465 242 Nam
481 203 638 238 surmnum
648 202 773 239 bonum
785 202 967 238 cumulatur
986 215 1025 237 ex
1038 204 1224 252 integritate
1246 206 1388 253 corporis
1405 209 1440 241 ὃ(
1453 216 1492 238 ex
1509 207 1629 240 mentis
1651 209 1780 245 ratione

374 253 531 305 pei-festa.
560 253 622 288 His
636 250 822 300 explicatis,
845 251 925 301 quid
945 249 1152 289 sentiendum
1162 252 1218 300 sit,
1242 254 1424 291 videamus,
1450 255 1498 289 Sit
1517 256 1611 304 igitur
1779 303 1786 324 ἲ

895 352 1046 387 Secunda
1066 353 1238 401 Conclusto.

406 451 553 488 Felicitas
563 463 672 499 neque
692 453 724 486 in
738 449 802 486 sola
819 455 939 487 vii-tute
952 481 961 496 ,
982 463 1018 488 ut
1030 455 1149 489 Sto'i'cis
1166 453 1295 488 videtui·
1312 481 1321 497 ,
1339 463 1446 500 neque
1464 453 1497 487 in
1520 455 1556 488 iis
1575 466 1643 501 quae
1669 455 1792 491 virtuti·

378 553 452 590 test.

408 601 574 638 Probatur
590 598 739 644 conclusto
766 613 805 636 ex
826 613 868 638 eo
882 602 936 639 vel
952 604 1095 639 maxime
1110 632 1121 648 ‚
1146 601 1236 652 quod
1252 602 1373 638 docent
1393 603 1500 637 Sto‘l'ci
1521 605 1681 639 virtutem
1698 598 1785 637 suffi-
1832 599 1838 650 l·

375 663 448 688 cere
457 651 498 686 ad
510 651 596 686 bene
607 650 769 697 beateque
781 653 969 689 vivendum.
996 655 1085 688 Hinc
1099 655 1189 689 enim
1204 652 1343 700 sequitur
1353 680 1362 694 ‚
1385 665 1407 688 ι.
1431 665 1497 688 non
1512 664 1645 702 propter
1658 651 1688 687 se
1701 680 1711 695 ‚
1729 650 1784 686 sed
1832 652 1835 667 ²

375 712 508 751 propter
520 699 651 736 beatam
665 700 768 735 vitam
782 705 893 751 expeti
913 720 921 747 3
940 702 992 738 seu
1009 703 1099 737 illam
1118 701 1179 738 esse
1201 702 1368 737 felicitatis
1389 701 1515 737 causam
1527 731 1536 745 ‚
1559 702 1613 737 vel
1637 701 1784 737 medium
1834 707 1837 719 '

376 764 444 799 quo
459 751 499 785 ad
516 749 673 785 summum
691 748 816 785 bonurn
830 755 992 800 perveniri
1006 752 1110 801 potest
1123 781 1133 795 ,
1145 764 1212 787 non
1227 750 1420 786 felicitatem
1431 750 1548 800 ipsam,
1575 763 1630 786 aut
1643 751 1795 786 hominis·
1837 766 1840 771 ·

377 800 479 838 finem
494 800 656 835 ultimum.
672 812 698 833 2.
714 802 834 835 virtute
850 814 909 837 nos
926 804 972 837 uti
995 813 1148 849 tanquam
1159 801 1270 836 medio
1280 829 1290 844 ,
1305 812 1373 834 non
1396 798 1478 836 frui:
1497 814 1571 836 cum
1582 812 1693 835 tamen
1707 799 1796 838 bea-1

265 899 271 913 ι
289 891 333 914 hh
378 851 487 886 titudo
503 848 540 885 sit
551 849 663 885 fruitio
672 848 787 884 summi
802 851 891 887 boni.
908 853 1000 887 Hinc
1011 852 1109 885 docet
1126 850 1313 886 Aristoteles
1324 878 1334 894 ,
1360 847 1448 896 quod
1471 851 1598 885 virtutis
1616 850 1794 898 praemium'

262 931 284 946 ζ’
302 931 337 948 ω’
377 948 513 986 subinde
533 947 696 983 bonorum
712 959 834 996 genera
851 949 1016 998 distinguit
1034 964 1041 985 z
1058 949 1210 995 quaedam
1234 957 1367 1004 propter
1382 946 1413 981 se
1426 975 1437 990 ‚
1458 960 1526 982 non
1549 959 1683 996 propter
1699 946 1785 982 aliud

378 1009 571 1047 expetuntur
584 1026 594 1041 ,
617 1009 652 1032 ut
662 997 835 1032 beatitudo
851 1014 860 1041 3
875 1000 1021 1046 quaedam
1035 997 1166 1032 alterius
1183 1009 1284 1045 gratia
1294 1026 1304 1040 ,
1318 1009 1384 1031 non
1398 1008 1531 1045 propter
1542 997 1574 1032 se
1586 1027 1596 1041 ,
1610 997 1786 1040 utdivitiae3

377 1048 525 1095 quaedam
539 1052 573 1083 &
584 1058 717 1094 propter
734 1045 764 1079 se
783 1073 793 1088 ,
818 1051 854 1082 δε
865 1059 999 1094 propter
1011 1046 1117 1087 aliud,
1141 1057 1177 1079 ut
1190 1048 1298 1081 virtus,
1326 1045 1418 1080 Plato
1441 1046 1580 1082 eandem
1593 1046 1670 1082 ante
1692 1045 1786 1080 adhi-

378 1097 494 1132 buerat
512 1096 755 1129 distinetionem
766 1121 776 1136 ,
792 1105 891 1140 atque
904 1098 940 1130 in
954 1093 1142 1141 exemplum
1154 1105 1268 1129 eorum
1286 1106 1354 1141 quae
1365 1105 1498 1142 propter
1518 1094 1550 1130 se
1570 1123 1579 1137 ‚
1602 1100 1636 1132 &
1651 1105 1785 1143 propter

375 1145 462 1181 aliud
475 1155 670 1192 expetuntur
684 1171 694 1186 ‚
717 1141 783 1178 haec
797 1142 950 1179 attulerat
960 1172 970 1188 ,
995 1143 1108 1179 videre
1120 1171 1130 1187 ,
1147 1142 1267 1188 valere,
1285 1142 1394 1193 sapere
1410 1171 1421 1187 ,
1435 1144 1523 1192 quod
1537 1145 1584 1179 est
1601 1147 1722 1180 virtute
1735 1141 1792 1190 es-⁴
1843 1176 1844 1183 ,

374 1194 404 1230 se
432 1194 613 1242 praeditum.

338 1276 341 1280 ,
413 1245 527 1292 Qiare
548 1254 584 1277 ut
603 1240 776 1290 magnifice
788 1270 798 1285 ,
819 1240 859 1277 sic
870 1245 976 1278 minus
988 1253 1135 1278 accurate
1152 1244 1297 1286 Seneca,
1319 1254 1406 1276 erras
1420 1271 1429 1282 ‚
1455 1245 1564 1291 inquit
1577 1272 1587 1287 ,
1606 1256 1676 1278 cum
1687 1244 1786 1278 inter-

264 1277 370 1333 &gangim
380 1307 473 1342 rogas
494 1291 629 1339 qtcidfit
649 1291 735 1325 illud
746 1293 974 1340 propterquod
985 1295 1143 1327 virtutem
1160 1302 1268 1341 petam
1283 1309 1292 1326 .·
1314 1296 1425 1338 qnaeris
1443 1294 1523 1326 enim
1539 1293 1668 1339 aliquid
1681 1291 1785 1342 supra

362 1345 534 1390 fitmmum.
548 1343 735 1387 Interrogas
752 1341 950 1390 quidpetam
965 1354 1005 1376 ex·
1019 1344 1154 1377 virtute:
1173 1343 1279 1389 ipsium.
1303 1341 1405 1374 Nihil
1423 1344 1506 1375 enim
1521 1340 1564 1386 est
1577 1342 1702 1376 melius,⁴
1719 1343 1787 1389 ipfh

372 1393 513 1439 pretium
521 1392 577 1435 sui
597 1388 643 1433 cst.
664 1390 737 1425 Nos
755 1392 870 1437 utique
887 1390 1028 1426 fatemur
1041 1389 1124 1426 nihil
1138 1390 1199 1424 elle
1207 1382 1323 1424 melin}
1338 1391 1458 1424 virtute
1470 1402 1586 1437 praeter
1599 1388 1697 1438 ipsam
1708 1388 1797 1424 bea··
1844 1395 1845 1398 ’

377 1440 573 1475 titudinem:
594 1436 646 1471 sed
666 1450 819 1485 negamus
837 1441 868 1474 in
886 1438 952 1474 sola
969 1442 1090 1474 virtute
1108 1437 1263 1474 summum
1278 1437 1405 1472 bonum
1425 1437 1486 1473 effe
1523 1437 1650 1474 ositum.

413 1487 515 1535 Qod
527 1489 627 1521 etiam
637 1488 743 1520 Stoici
755 1499 874 1535 negant
888 1487 1040 1522 morbum
1051 1516 1059 1530 ‚
1082 1486 1230 1521 dolorem
1243 1515 1252 1530 ‚
1274 1487 1446 1536 egestatem
1464 1452 1526 1522 esslg
1537 1487 1623 1523 mala
1633 1516 1643 1531 ‚
1661 1485 1714 1522 sed
1732 1497 1785 1521 re-

374 1539 525 1585 jectanea
540 1565 550 1578 ‚
569 1546 605 1570 ut
614 1537 705 1569 aiunt
720 1563 730 1577 ,
751 1547 821 1582 quae
833 1535 956 1585 sapiens
975 1550 1041 1573 non
1053 1536 1156 1584 fugit,
1180 1535 1233 1570 sed
1246 1535 1391 1572 secernit.
1410 1539 1492 1570 Item
1512 1549 1585 1584 quae
1606 1535 1694 1571 bona
1704 1536 1784 1570 dici.

375 1600 448 1622 mus
465 1615 474 1629 ,
493 1598 528 1620 ut
542 1584 666 1619 bonam
681 1583 902 1621 valetudinem
913 1615 922 1630 ‚
937 1588 1161 1635 integritatem
1171 1584 1620 1633 oculorum,te1iquotumque
1629 1584 1786 1631 sensuum,

376 1633 545 1685 praepofita
559 1632 620 1669 effe
634 1663 644 1677 ‚
665 1646 732 1669 non
751 1631 840 1669 bona
855 1652 865 1679 3
882 1636 914 1670 id
931 1665 942 1679 ‚
960 1637 1095 1682 inquam
1106 1664 1114 1678 ‚
1130 1635 1150 1671 ὲ
1168 1637 1335 1670 communi
1350 1637 1498 1670 omnium
1512 1634 1601 1671 sensu
1619 1633 1784 1670 abhorret.

377 1685 479 1719 Nihil
489 1684 529 1729 est
546 1712 551 1720 ‚
569 1685 675 1730 inquit
684 1686 801 1727 Zeno,
825 1686 946 1718 malum
957 1685 1016 1730 mfi
1042 1685 1129 1731 quod
1149 1693 1241 1732 turpe
1262 1682 1301 1718 (¹²5⁶
1323 1685 1470 1731 vitiofimz
1492 1683 1544 1728 est.
1569 1685 1632 1718 Ad
1647 1686 1785 1732 ineptias

387 1736 488 1771 redis,
511 1735 557 1767 ait
571 1733 700 1769 Cicero.
725 1732 818 1767 Illud
827 1735 909 1768 enim
926 1733 1011 1781 quod
1024 1731 1181 1780 angebat,
1197 1745 1255 1766 non
1267 1734 1393 1769 eximis.
1419 1735 1488 1766 Scio
1501 1733 1637 1767 dolorem
1652 1745 1712 1767 non
1728 1733 1782 1779 effe

379 1784 558 1829 ncqnitiam
573 1797 582 1814 .·
601 1781 704 1826 define
720 1794 766 1814 me
790 1781 826 1816 id
848 1782 978 1826 docere,
993 1781 1049 1816 hoc
1060 1781 1135 1816 doce
1151 1809 1156 1817 .
1184 1781 1307 1815 doleam
1319 1810 1328 1825 ‚
1352 1794 1462 1816 nec-ne
1479 1809 1487 1820 ‚
1515 1781 1599 1816 nihil
1611 1783 1750 1828 interesse
1767 1783 1782 1813 ?

381 1832 464 1866 Illud
480 1833 590 1878 itaque
606 1835 638 1866 &
654 1830 768 1865 melius
780 1833 927 1867 &verius
944 1860 953 1875 ,
979 1836 1088 1867 omnia
1105 1843 1178 1880 quae
1194 1841 1306 1866 natura
1324 1829 1509 1881 aspernatur
1524 1858 1534 1873 ,
1551 1833 1584 1865 in
1597 1829 1688 1864 malis
1707 1829 1783 1873 effe,

383 1893 454 1929 quae
473 1880 637 1922 adsciscit,
657 1882 692 1915 in
717 1879 821 1917 bonis.

427 1931 512 1976 Qae
528 1927 548 1963 si
563 1941 638 1963 vera
649 1928 736 1972 sunt,
783 1928 869 1963 alam
881 1929 923 1963 est
932 1942 991 1964 nos
1008 1930 1201 1965 felicitatem
1215 1929 1246 1962 in
1258 1928 1318 1962 hac
1336 1931 1404 1962 vita
1416 1926 1570 1974 consequi
1585 1940 1651 1963 non
1670 1924 1755 1976 posse
1772 1941 1781 1963 :

380 1993 455 2013 cuni
469 1991 526 2013 nos
543 1978 688 2023 undique
704 1977 747 2012 ob
763 1977 873 2012 ideant
886 1977 974 2012 mala
993 1995 1004 2021 5
1029 1991 1065 2012 ac
1079 1977 1162 2012 bene
1180 1976 1348 2012 nobiscum
1374 1988 1487 2025 agatur
1501 2005 1511 2020 ,
1530 1975 1551 2011 fi
1570 1989 1667 2023 quam
1687 1977 1785 2011 mini-

381 2028 471 2063 mum
482 2026 587 2062 miseri
599 2025 691 2060 simus
706 2027 811 2061 :adeo
829 2037 865 2060 ut
877 2025 990 2062 felices
1006 2026 1098 2061 nobis
1119 2027 1302 2069 videamur,
1319 2039 1391 2060 cum
1409 2025 1527 2060 sortem
1546 2026 1690 2061 nostram
1707 2037 1781 2060 curn

270 1774 291 1789 z.
302 1764 369 1788 Tusc-

378 2078 515 2112 aliorum
544 2075 734 2110 conditione
751 2086 987 2122 comparamus.
1014 2075 1157 2110 Abunde
1178 2078 1299 2124 igitur,
1323 2077 1368 2110 ait
1387 2075 1504 2110 Plinius
1522 2104 1532 2118 ‚
1556 2085 1653 2121 atque
1673 2073 1779 2110 indul.

295 2134 299 2155 ὶ
319 2142 342 2161 7-
386 2138 499 2176 genter
502 2125 639 2170 fortuna
657 2123 779 2157 decidit
795 2136 865 2157 cum
888 2136 919 2156 eo
932 2152 940 2162 ,
962 2126 1015 2171 qui
1029 2129 1099 2164 jnre
1119 2125 1184 2158 dici
1210 2138 1269 2158 non
1287 2124 1401 2170 infelix
1420 2125 1527 2169 potest.

430 2173 660 2221 Quamobrem
682 2170 745 2207 szve
764 2171 1001 2207 beatitudinem
1015 2175 1048 2208 in
1069 2175 1136 2208 vita
1149 2172 1292 2220 undique
1304 2172 1470 2220 perfecta,
1497 2179 1530 2211 δι
1557 2175 1589 2207 in
1607 2173 1782 2222 complexu

383 2227 529 2257 omnium
545 2222 709 2258 bonorum
724 2220 863 2256 fortunae
879 2249 888 2264 ‚
912 2225 1055 2271 corporis
1074 2228 1107 2259 &
1119 2225 1238 2265 animi,
1253 2227 1325 2270 'quae
1337 2222 1377 2256 ad
1391 2224 1519 2257 virtutis
1533 2224 1678 2258 actiones
1689 2235 1793 2268 exer--

383 2274 497 2305 condis
512 2268 760 2307 fimtneceffaria
773 2299 782 2313 ‚
796 2270 968 2305 statuamus
985 2284 1059 2306 cum
1075 2271 1241 2307 Aristotele
1251 2289 1260 2312 3
1279 2269 1343 2304 sive
1362 2284 1434 2305 cum
1454 2274 1574 2306 Stoicis
1591 2274 1624 2306 in
1643 2271 1707 2306 sola
1719 2274 1779 2306 vir-

385 2331 452 2354 tute
473 2349 481 2362 ‚
512 2334 545 2354 ut
559 2321 752 2355 felicitatem
764 2317 804 2353 sic
815 2317 942 2356 bonum
955 2334 1054 2356 omne
1068 2321 1266 2356 collocemus
1288 2333 1295 2354 :
1318 2320 1350 2353 id
1366 2323 1503 2356 omnino
1518 2321 1689 2356 fatendum
1708 2321 1751 2356 est
1769 2347 1779 2362 ,

389 2371 463 2403 dum
474 2369 556 2403 banc
576 2372 677 2405 vitam
693 2370 832 2404 vivimus
845 2398 854 2413 ‚
871 2368 1063 2406 felicitatem
1077 2369 1176 2418 ipsam
1199 2371 1300 2417 magis
1317 2367 1378 2403 effe
1405 2371 1439 2404 in
1459 2384 1538 2406 voto
1560 2369 1659 2417 quam
1678 2371 1711 2406 in
1732 2381 1778 2405 re.

376 503 555 553 adjungunt
567 503 804 550 Peripatetici,
814 501 916 552 posita
929 503 1062 547 est‚11ec
1072 504 1202 539 demum
1215 506 1249 539 in
1259 503 1322 539 hac
1336 504 1407 539 vita
1422 500 1538 537 habeti
1557 503 1704 553 perfeeta
1720 513 1790 554 po:
1832 503 1834 538 ζ

379 912 479 947 atque
496 898 568 935 finis
579 928 588 942 ,
602 899 765 946 optimum
777 900 944 947 quidpiam
956 930 966 944 ‚
987 901 1201 946 divinumque
1221 904 1254 935 ὃ(
1266 898 1400 932 beatum
1415 897 1476 932 effe
1486 910 1650 947 appareat.
1661 900 1708 934 Ac
1724 899 1785 932 tria
1801 907 1805 913 ·

1832 175 1857 199 ,ιἸ

1836 216 1857 303 ἐι

1841 315 1851 339 0
