1857 2745
430 136 501 174 DE
538 133 1036 173 PRAEDICAMENTIS.
1373 156 1385 179 1
1418 159 1430 165 -

596 187 703 219 Vnica
719 185 878 231 conclusto.
1388 158 1427 192 4,

83 236 175 278 Nihil
189 233 330 285 impedit
343 235 516 283 quominus
531 236 566 270 in
581 237 657 272 Deo
670 233 729 270 sint
746 233 850 270 reales
875 233 1047 271 relationes
1064 233 1104 270 ad
1118 245 1275 273 creaturas
1290 266 1301 282 ,
1329 239 1432 277 etiam

48 290 243 338 'categorica

92 340 140 376 Ac
160 338 299 386 primum
309 334 442 383 quidem
457 332 608 369 dubitare
626 347 691 370 non
709 332 888 383 possumus,
913 336 992 381 quin
1017 336 1050 369 in
1078 337 1153 371 Deo
1170 333 1231 371 fint
1259 335 1435 375 relationes

37 386 213 435 ficundum
231 385 294 420 dict
328 382 391 419 five
409 383 468 418 sint
479 382 771 419 transcendentales
786 412 796 427 ‚
821 395 877 418 aut
891 382 1070 420 elsentiales
1084 412 1095 428 ,
1112 384 1224 431 quales
1245 383 1316 421 sunt
1331 386 1435 424 scien-

47 438 115 480 tiae,
134 446 192 470 aut
203 435 451 482 omnipotentiae
466 433 582 468 divinae
598 433 638 466 ad
655 445 704 467 res
719 445 789 481 quae
808 432 879 468 fieri
892 463 901 478 ‚
919 444 976 467 aut
996 431 1065 467 sciri
1085 431 1212 482 possunt
1230 452 1239 478 3
1259 433 1325 470 sive
1348 439 1436 471 acci-

45 483 191 520 dentales
207 512 215 527 ‚
235 488 321 532 qu'us
337 484 465 532 generis
483 481 554 517 sunt
567 485 720 516 creatoris
733 512 742 526 ‚
762 494 817 517 aut
835 482 1027 531 reparatoris
1043 510 1052 525 ,
1068 493 1125 516 aut
1139 482 1372 518 conservatoris
1386 497 1438 520 re.

43 533 194 570 l'ationes.
218 534 300 569 Non
313 534 416 567 minus
434 533 524 566 enim
539 543 665 566 creator
678 544 882 580 comparatur
893 544 967 567 cum
975 534 1126 565 creaturis
1140 559 1150 573 ,
1174 531 1275 578 quam
1291 532 1438 578 viciffim‚

44 594 82 617 ac
91 594 205 617 neutra
221 580 338 616 relatio
351 579 414 617 fine
425 579 528 616 altera
543 583 669 630 concipi
681 581 799 631 potest.
823 582 924 629 Qod
937 590 1045 616 autem
1058 582 1092 616 in
1103 582 1181 616 Deo
1193 579 1251 616 fint
1264 580 1438 619 relationes

45 633 248 679 categoricae,

82 679 252 714 Probatur.
277 679 470 717 Relationes
489 681 689 723 identitatis,
713 690 771 714 aut
789 677 978 714 diversitatis
1004 678 1073 714 sunt
1096 682 1285 729 categoricae
1313 695 1321 717 :
1346 683 1442 730 atqui

43 726 198 776 ejusmodi
216 728 388 764 relationes
406 728 475 764 sunt
490 733 526 766 in
540 733 614 766 Deo
630 728 777 775 respeohi
788 738 1005 763 creaturarum
1022 742 1031 764 t
1052 740 1119 763 tam
1135 732 1222 765 enim
1236 730 1376 766 diversus
1393 731 1440 766 est

44 777 67 812 ὲ
79 779 228 812 creaturis
245 805 254 820 ‚
275 777 376 825 quam
390 777 545 814 vicissim:
573 790 634 814 nec
650 776 808 821 1·osl'um11s
822 788 1001 812 creaturam
1019 777 1177 815 diversam
1203 780 1223 814 ὲ
1239 782 1315 815 Deo
1329 783 1441 816 conci-

45 838 141 876 pere,
167 827 250 874 quin
267 828 377 861 Deum
387 839 519 875 quoque
532 827 557 863 ὲ·
566 827 718 862 creaturis
730 826 892 861 diversum
904 829 995 861 conci
1024 829 1124 863 iamus
1136 842 1144 864 :
1157 840 1236 878 ergo
1247 829 1329 865 nihil
1344 829 1442 866 obest

48 878 222 923 quominus
241 877 275 911 in
289 879 365 911 Deo
383 875 555 912 relationes
578 878 678 911 etiam
694 878 890 924 categoricas
909 840 1129 924 agnofiamus.

85 923 237 970 Confirm.
253 924 387 959 Relatio
408 937 474 961 non
488 925 534 959 est
556 925 634 972 quid
646 925 831 959 distinctum
847 924 868 959 ὲ
892 924 1132 961 fundamento:
1166 923 1219 960 sed
1246 925 1440 965 relationum

48 972 257 1009 fundamenta
275 973 389 1009 suntin
409 976 483 1008 Deo
498 987 505 1009 :
527 986 604 1022 ergo
620 973 837 1009 &relationes
853 975 885 1008 in
906 987 947 1009 eo
965 972 1025 1008 effe
1042 971 1176 1022 poffimt.

94 1023 179 1070 Qae
196 1034 309 1057 contra
323 1025 443 1069 opponi
460 1021 585 1070 possunt
596 1052 604 1066 ,
629 1021 725 1056 facile
742 1020 903 1056 diluentur
914 1051 924 1065 ,
949 1021 970 1055 fi
990 1024 1230 1056 meminerimus
1246 1024 1327 1060 nihil
1356 1027 1441 1060 novi

47 1070 125 1106 Deo
135 1072 282 1106 accidere
297 1069 406 1117 quoad
429 1073 599 1105 entitatem
612 1098 619 1107 ,
645 1069 767 1104 nullam
785 1081 919 1117 quoque
936 1082 1056 1105 novam
1078 1070 1273 1106 relationem
1291 1085 1364 1107 cum
1382 1086 1437 1108 ac-

47 1119 187 1155 eeffione
208 1119 412 1155 fundamenti
429 1121 459 1153 ei
479 1119 683 1168 supervenire
705 1116 791 1167 polse
807 1146 818 1161 ,
839 1117 891 1154 sed
907 1131 1028 1155 novam
1045 1119 1202 1155 duntaxat
1219 1122 1297 1156 Deo
1315 1134 1442 1158 conno-

50 1171 213 1207 tationem
232 1172 316 1205 citra
326 1167 427 1203 ullam
441 1171 664 1205 mutationem
675 1167 840 1203 accedere.

563 1250 746 1284 Solvuntur
762 1247 963 1293 objee'liones,

84 1317 206 1367 Oppm
217 1316 353 1352 Relatio
368 1317 550 1365 categorica
572 1315 618 1351 est
633 1315 780 1350 accidens
801 1315 969 1362 quoddam
990 1328 998 1350 ε
1030 1315 1081 1351 sed
1101 1319 1135 1352 in
1158 1319 1235 1353 Deo
1249 1318 1376 1355 nullum
1397 1320 1444 1355 est

51 1368 199 1403 accidens
223 1382 231 1403 ε
261 1380 339 1416 ergo
357 1369 390 1401 in
406 1368 482 1401 Deo
499 1364 587 1400 nulla
612 1364 728 1399 relatio
742 1367 923 1413 categorica
945 1362 1006 1400 effe
1023 1367 1134 1414 potest.

89 1417 165 1465 Reffp
198 1416 281 1460 Dist.
304 1419 380 1457 maj.
398 1414 533 1449 Relatio
553 1414 600 1448 est
618 1414 767 1448 accidens
781 1412 1035 1462 metaphysicum
1054 1444 1063 1457 ‚
1085 1417 1174 1462 quod
1198 1416 1317 1452 scilicet
1337 1416 1445 1466 subje-

54 1467 142 1502 &tum
163 1464 390 1499 tantummodo
403 1463 611 1505 denominat,
634 1475 743 1508 neque
757 1462 797 1496 ad
812 1461 898 1496 illius
921 1460 1085 1498 elsentiam
1100 1468 1241 1511 pertinet
1259 1496 1268 1509 ‚
1288 1468 1330 1506 C,
1360 1470 1446 1500 acci-

55 1515 133 1549 dens
147 1511 334 1560 physicum,
352 1511 442 1557 quud
460 1510 602 1557 subjeo'to
622 1510 777 1543 inhaereat
789 1537 798 1551 ,
824 1512 872 1545 N.

94 1561 168 1606 Inst.
182 1561 337 1595 Accidens
356 1570 455 1593 etiam
477 1555 731 1606 metaphyficurn
748 1570 814 1592 non
838 1557 950 1604 potest*
964 1560 1011 1591 rei
1024 1559 1179 1593 advenire
1194 1563 1273 1594 citra
1299 1560 1444 1608 aliquam

55 1611 140 1647 illius
159 1611 375 1644 mutationem
392 1622 400 1643 :
421 1606 472 1641 sed
490 1606 578 1641 nulla
599 1609 634 1640 in
648 1609 722 1641 Deo
746 1606 851 1654 potest
869 1604 929 1641 effe
944 1610 1100 1643 mutatio:
1126 1621 1203 1657 ergo
1220 1622 1307 1645 nova
1327 1610 1446 1645 relatio

55 1664 131 1698 Deo
149 1671 216 1693 non
229 1657 336 1706 potest
355 1657 525 1691 accedere..
672 1700 675 1701 ⁷

91 1709 177 1755 Resp.
208 1707 368 1741 Accidens
391 1704 469 1739 illud
491 1701 744 1752 metaphysicum
757 1732 766 1747 ‚
784 1702 836 1738 seu
864 1702 1057 1739 relationem
1075 1734 1083 1747 ,
1097 1705 1219 1741 nullam
1239 1710 1314 1743 Deo
1331 1707 1386 1743 affi
1396 1719 1447 1742 tre

57 1758 295 1799 mutationem,
310 1754 418 1802 quoad
438 1755 634 1789 entitatem:
657 1753 733 1788 licet
747 1765 836 1789 nova
851 1751 888 1787 fit
907 1756 1097 1788 connotatio
1114 1767 1154 1790 ex
1176 1759 1353 1791 mutatione
1377 1769 1450 1804 quae

58 1806 150 1842 estin
167 1816 311 1840 creatura
326 1833 336 1847 ‚
356 1816 425 1838 non
451 1804 483 1836 in
507 1805 590 1838 Deo.

95 1856 183 1902 Oop.
203 1868 233 1890 20
253 1857 338 1889 Deus
353 1864 418 1886 non
433 1851 553 1898 pendet
567 1852 586 1885 a
608 1854 760 1885 creaturis
777 1863 877 1898 :ergo
896 1853 927 1886 in
941 1853 1015 1886 Deo
1035 1850 1121 1886 nulla
1142 1852 1188 1886 est
1217 1851 1332 1885 relatio
1349 1851 1449 1887 trans-

58 1900 259 1939 cendentalis
267 1902 307 1936 ad
317 1911 474 1935 creaturas
486 1928 495 1942 ,
519 1911 592 1946 quae
605 1912 678 1934 cum
694 1899 850 1935 elsentiali
864 1900 1083 1947 dependentia
1093 1902 1266 1949 conjuncta
1279 1900 1321 1934 est
1337 1915 1345 1936 :
1368 1914 1450 1948 qua-

59 1952 99 1988 lis
111 1953 156 1986 est
172 1953 254 1987 inter
271 1951 436 1986 scientiam
453 1953 486 1984 &
500 1947 679 1994 objectum,

95 2002 188 2044 Reffi.¹
199 2001 277 2036 ΟΠΞ.
288 2011 353 2035 ant.
372 2001 461 2034 Deus
474 2010 538 2031 non
556 1998 679 2045 pendet
694 1998 876 2034 &creaturis
886 2009 923 2032 ut
944 1996 1076 2032 effeetus
1092 1998 1112 2034 ἒι
1126 1998 1216 2034 causa
1230 2028 1237 2042 ,
1258 1999 1298 2034 C.
1314 2009 1350 2032 ut
1367 1997 1450 2032 rela-

63 2045 164 2084 tuma
177 2049 336 2084 correlato
351 2078 360 2089 ‚
393 2050 438 2083 N.
457 2049 571 2091 Itaque
593 2047 810 2095 dependentia
824 2047 880 2081 illa
895 2047 938 2081 est
953 2058 1077 2081 tantum
1092 2051 1299 2084 connexionis
1317 2076 1326 2089 ,
1346 2047 1451 2094 qualis

64 2101 164 2132 etiam
175 2097 219 2132 est
234 2101 318 2135 inter
328 2094 478 2148 personas
493 2095 617 2131 divinas
630 2125 639 2139 ,
654 2109 786 2145 quaeque
797 2095 919 2132 nullam
933 2098 966 2131 in
981 2098 1054 2132 Deo
1067 2097 1353 2146 imperfectionem
1373 2108 1454 2144 prx-

66 2146 226 2196 supponit.

498 2194 862 2232 ARTICU'LUS
912 2197 980 2231 IV.

550 2271 604 2304 De
622 2272 753 2304 termino
771 2270 961 2304 Relationis.

74 2339 226 2426 CUm
238 2343 352 2380 relatio
377 2349 410 2382 in
425 2348 558 2390 ordine,
577 2356 634 2380 aut
658 2341 802 2390 respestu
816 2346 906 2378 unius
932 2343 974 2376 ad
994 2341 1132 2376 alterum
1152 2339 1253 2390 pofita
1276 2338 1312 2376 fit
1333 2352 1341 2375 :
1365 2338 1453 2386 quod

158 2390 313 2472 ‘Cfess'f’
333 2393 468 2443 subjeeti
483 2396 538 2434 vel
555 2395 651 2432 relati
663 2391 765 2429 habet
783 2393 942 2430 rationem
965 2406 974 2428 τ
1002 2402 1037 2428 ut
1058 2390 1160 2427 homo
1176 2393 1231 2440 qui
1248 2390 1360 2475 gssuit
1378 2415 1388 2431 ‚
1419 2391 1454 2423 δε

264 2454 328 2474 ome
341 2444 366 2478 l.
