1857 2745
296 136 361 166 60⁷.
767 125 1267 163 METAPHYSICAE-

295 190 364 213 tam
383 176 521 223 objicit,
552 187 619 210 non
643 174 727 210 aliud
745 176 793 209 est
811 175 912 222 quam
940 186 996 209 aut
1025 187 1090 210 vox
1114 177 1189 210 inco
1212 178 1280 211 nita
1300 202 1309 218 ‚
1348 186 1403 211 aut
1420 176 1575 221 confusa,
1592 189 1628 213 ut
1648 180 1687 213 iis

298 225 415 260 accidit
435 224 644 270 quilinguam
667 223 767 272 ipsam
790 236 860 258 non
883 189 1225 272 intelliguntzsedugi
1237 227 1327 260 vocis
1337 222 1527 274 significatio
1546 225 1584 261 fit
1594 239 1687 275 apet-

299 277 384 315 tior‚
406 284 472 306 tum
499 275 555 318 qui
575 272 681 316 audit,
703 272 868 320 loquentis
881 284 1026 307 mentem
1049 275 1086 307 iis
1102 273 1196 308 .velut
1218 273 1391 308 involucris
1409 276 1592 322 expeditam
1605 287 1686 311 con-

300 321 455 369 sequitur.
482 321 579 356 Tolle
596 333 674 365 ergo
696 320 782 370 stgna
797 334 868 369 quae
884 322 979 357 utilia
993 321 1053 357 effe
1078 335 1144 357 non
1166 321 1292 371 potsunt
1306 352 1316 366 ‚
1341 321 1396 358 nifi
1417 327 1527 359 animo
1553 336 1688 371 corpore

299 370 448 405 concluso
464 397 474 412 ,
499 369 578 405 nihil
591 360 679 405 alind
700 373 870 418 requiritur
891 372 931 405 ad
955 373 1162 419 cogitationis
1180 371 1308 406 alterius
1328 375 1572 421 perceptionem
1588 373 1693 420 quam

302 419 453 454 voluntas
470 419 552 453 illius
580 420 635 466 qui
652 421 889 467 cogitationem
903 419 988 454 suam
1002 419 1070 455 vult
1084 423 1219 469 aperire.
1243 422 1326 454 Haec
1349 423 1436 456 enim
1457 421 1604 456 voluntas
1622 433 1688 456 tam

303 467 426 503 occafio
445 469 646 516 percipiendi
665 468 727 503 effe
746 469 847 516 potest
860 496 869 512 ,
900 469 999 515 quam
1017 468 1205 504 verberatus
1216 472 1290 512 aer,
1307 481 1363 504 aut
1378 470 1464 505 aliud
1486 470 1606 519 signum
1625 482 1695 517 quo

303 519 445 560 utimur,
467 529 504 552 ut
517 518 619 551 animi
645 515 731 552 sensa
787 529 947 553 ornamus,
1619 517 1630 520 ’

343 566 433 614 Resp.
452 578 482 602 τ
500 564 568 600 fieri
579 567 676 601 etiam
688 530 784 614 ροίῖἱέῑτ
792 578 829 600 ut
839 567 926 601 idem
940 566 1067 601 accidat
1076 578 1150 601 cum
1164 567 1306 615 Angelus
1322 566 1374 601 vel
1387 568 1510 601 animus
1529 564 1692 614 separatus

306 614 379 650 vult
387 614 527 650 alterum
547 614 608 649 suae
621 617 826 664 cogitationis
847 617 1038 664 participem
1053 614 1142 658 fieri,
1161 617 1248 662 quod
1266 622 1355 664 juxta
1373 617 1570 651 recentiores
1595 613 1693 661 quos-

306 664 382 698 dam
399 665 432 698 in
451 676 622 712 corporum
650 663 815 699 collisione
832 667 1005 713 contingit.
1030 666 1118 700 Nam
1139 676 1174 698 ut
1198 666 1233 698 iis
1249 666 1383 711 quidem
1404 664 1530 698 videtur
1544 692 1554 707 ‚
1583 675 1692 698 motus

306 711 349 747 ab
374 725 440 747 uno
459 724 595 761 corpore
624 714 656 748 in
679 713 766 748 aliud
786 726 853 748 non
873 713 1064 749 transfertur
1086 728 1095 749 ι
1116 711 1167 748 sed
1186 725 1225 748 ex
1243 713 1297 748 illa
1312 711 1474 748 collifione
1497 741 1506 756 ‚
1537 712 1627 747 velut
1652 724 1695 746 cit

307 760 472 796 occasione
487 762 629 808 quadam
654 773 762 797 motus
777 761 801 797 a
819 765 924 810 prima
944 761 1034 797 causa
1049 764 1081 797 in
1098 774 1233 810 corpore
1245 764 1384 798 immoto
1403 762 1587 811 producitur
1601 775 1610 796 .·
1623 763 1693 795 exi-

307 810 437 845 stimant
457 813 546 845 enim
565 822 680 859 corpus
718 823 760 846 ex
782 810 880 859 seipso
905 813 988 846 iners
1004 840 1014 855 ,
1038 822 1176 845 motum
1208 823 1379 860 procreare
1404 824 1471 846 non
1491 808 1586 858 posse.
1612 811 1698 846 Non

305 857 444 894 diffimili
458 861 586 894 ratione
604 888 613 904 ,
637 864 648 904 (
668 860 829 908 quidquid
849 859 886 895 fit
906 861 948 894 de
967 859 1107 908 exempli
1132 863 1272 895 veritate
1291 862 1303 902 )
1329 859 1403 895 cum
1424 862 1530 894 anima
1554 858 1697 907 separata.

309 907 383 943 vult
397 908 490 943 alteri
519 908 586 943 suas
601 911 818 957 cogitationes
841 911 964 957 aperire
979 937 988 952 ‚
1015 908 1099 943 illius
1125 908 1300 943 voluntatis
1331 906 1496 943 occasione
1514 910 1603 943 Deus
1627 905 1696 942 effr-

312 959 356 991 cit
374 968 410 991 ut
438 960 546 992 anima
563 969 634 992 eam
658 959 892 1007 cogitationem
910 960 1072 1006 percipiat.
1106 960 1218 1005 Qre
1247 957 1389 1005 Angelus
1416 956 1512 991 alium
1535 956 1671 991 illustrat
1686 983 1700 999 ,

312 1017 366 1040 aut
390 1008 425 1041 in
451 1018 526 1041 eum
547 1008 638 1055 agit,
659 1019 731 1042 cum
753 1005 876 1041 occatio
904 1007 1050 1054 quaedam
1081 1007 1123 1042 est
1139 1035 1149 1049 ‚
1185 1018 1221 1041 ut
1249 1007 1324 1041 huic
1345 1018 1440 1041 novae
1470 1007 1696 1054 perceptiones

312 1055 480 1091 accedant.
516 1056 618 1103 Qod
642 1057 688 1089 ita
708 1068 823 1091 verum
840 1066 956 1104 putant
973 1083 982 1098 ,
1008 1066 1045 1090 ut
1066 1057 1098 1091 in
1119 1055 1181 1090 hoc
1203 1055 1285 1090 statu
1298 1055 1405 1097 idem,
1421 1066 1455 1089 ut
1474 1053 1583 1089 multis
1604 1054 1698 1089 vide-

315 1114 364 1137 tur
377 1132 386 1146 ,
416 1102 512 1138 nobis
539 1106 712 1152 contingat
733 1119 743 1141 ε
773 1117 833 1138 non
856 1107 939 1138 enim
952 1106 1061 1150 fiamus
1071 1103 1259 1151 fitfficientes
1279 1118 1320 1139 ex
1345 1102 1433 1138 nobis
1450 1131 1459 1142 ‚
1486 1113 1641 1150 tanquam
1659 1115 1699 1137 ex

316 1150 404 1185 nobis
429 1153 559 1198 aliquid
581 1155 721 1200 cogitare
739 1181 747 1192 ‚
771 1164 807 1187 ut
822 1154 867 1187 ait
881 1152 1076 1201 Apostolus:
1109 1164 1146 1186 ac
1165 1152 1259 1187 nullae
1285 1155 1318 1188 in
1355 1151 1451 1187 nobis
1473 1149 1534 1185 esse
1569 1150 1700 1200 poffunt

315 1202 542 1248 perceptiones
561 1202 640 1234 citra
659 1203 723 1235 Dei
747 1203 974 1248 operationem
996 1215 1006 1236 z
1030 1212 1218 1248 quanquam
1230 1230 1240 1245 ,
1259 1213 1293 1236 ut
1316 1199 1397 1249 saepe
1410 1201 1568 1244 diximus,
1589 1201 1698 1235 detet-

316 1250 455 1283 minatio
471 1260 527 1296 ant
542 1247 609 1282 usus
634 1248 811 1284 voluntatis
826 1251 860 1284 in
882 1249 984 1284 nostra
1010 1251 1146 1284 omnino
1165 1251 1321 1298 potestate
1345 1248 1541 1295 relinquitur.
1574 1253 1698 1284 Verum

315 1309 480 1343 utcunque
495 1308 533 1330 ea
554 1296 630 1339 fint,
645 1298 676 1331 id
696 1311 796 1332 unum
808 1298 946 1340 constat,
974 1298 1060 1345 quod
1074 1296 1095 1331 fi
1114 1300 1147 1332 in
1161 1300 1327 1334 communi
1348 1297 1418 1332 luce
1440 1310 1508 1345 quae
1534 1297 1700 1333 illuminat

316 1357 448 1379 omnem
459 1345 628 1380 hominem
640 1373 649 1387 ,
671 1345 826 1393 liquidam
841 1348 1011 1380 veritatem
1023 1357 1234 1390 contuemur,
1250 1347 1354 1381 multo
1367 1347 1398 1380 id
1416 1347 1516 1392 magis
1529 1347 1562 1381 in
1578 1345 1701 1396 separa-

317 1405 347 1428 ta
365 1395 470 1427 anima
493 1394 690 1429 statuendum
712 1394 870 1430 videatur.

362 1445 390 1475 ls
415 1454 524 1476 tamen
552 1442 638 1477 locus
656 1442 825 1491 Apostoli,
850 1453 885 1478 ut
905 1441 968 1476 alia
985 1454 1059 1488 quae
1071 1441 1178 1478 afferri
1196 1441 1321 1489 poffunt
1334 1441 1482 1491 plurima,
1499 1444 1701 1479 commodius

317 1490 448 1525 forsitan
458 1492 497 1525 de
513 1490 727 1526 illustratione
743 1490 973 1539 supernaturali
982 1491 1119 1540 intelligi
1135 1490 1270 1539 polsunt.
1290 1495 1401 1538 Atque
1418 1504 1454 1527 ut
1468 1496 1556 1528 Deus
1576 1492 1612 1528 fit
1628 1493 1701 1528 fons

320 1545 353 1575 &
364 1542 457 1588 origo
470 1542 716 1587 perceptionum
729 1570 739 1583 ,
758 1539 846 1588 quod
859 1542 927 1575 vim
940 1540 1138 1588 percipiendi
1152 1538 1246 1575 nobis
1261 1540 1438 1575 contulerit
1450 1570 1461 1584 ‚
1483 1541 1534 1576 vel
1554 1544 1630 1590 quia
1641 1544 1703 1576 mi-

320 1590 361 1621 ris
376 1589 478 1622 modis
489 1617 497 1631 ‚
511 1588 586 1623 licet
598 1591 773 1637 incognitis
787 1602 846 1624 nos
857 1590 1006 1632 irradiat,
1027 1587 1085 1623 ubi
1096 1601 1186 1623 mens
1199 1602 1248 1624 res
1263 1601 1397 1624 aeternas
1407 1594 1440 1625 &
1453 1589 1603 1638 spiritales
1621 1602 1702 1625 con-

322 1636 495 1684 templatur
509 1653 518 1681 3
539 1649 574 1671 ut
586 1636 693 1672 solaris
705 1637 784 1672 lucis
797 1637 959 1673 beneficio
969 1636 1092 1685 reliqua
1103 1636 1312 1685 conspicimus
1323 1667 1334 1681 ,
1353 1643 1388 1674 &
1399 1638 1503 1673 multo
1526 1639 1559 1673 id
1577 1651 1679 1687 magis
1693 1667 1704 1682 ‚

321 1697 354 1720 nt
374 1684 418 1719 sol
433 1685 497 1733 ipse
518 1685 702 1734 inspiciatur
718 1700 726 1721 :
743 1689 788 1721 uti
801 1687 947 1722 Plotinus
968 1689 1049 1722 Emi.
1069 1701 1092 1733 5.
1113 1686 1132 1723 l.
1147 1702 1175 1734 5.
1186 1688 1301 1722 diserte
1315 1686 1455 1735 explicat
1475 1701 1484 1723 ε
1502 1700 1574 1722 cum
1591 1698 1702 1723 tamen

319 1733 409 1768 causa
421 1737 616 1783 cognitionis
630 1736 737 1770 nostrae
755 1738 941 1783 inquiritur,
964 1748 1001 1769 ac
1016 1737 1171 1784 praecipue
1185 1737 1316 1782 quando
1333 1738 1439 1770 anima
1465 1737 1508 1771 est
1525 1735 1668 1785 separata
1684 1735 1705 1771 ἐι

321 1795 455 1830 corpore
468 1811 476 1824 ‚
498 1796 564 1818 non
577 1783 640 1817 alia
660 1784 744 1820 forte
753 1785 921 1831 quaetenda
934 1784 997 1827 est,
1012 1784 1112 1832 quam
1125 1784 1208 1819 illius
1219 1797 1351 1828 natura,
1379 1796 1434 1819 aut
1451 1787 1499 1820 vis
1522 1787 1703 1833 percipien-

323 1832 353 1865 di
369 1831 410 1865 ab
429 1833 574 1867 Authore
590 1844 707 1867 natura:
721 1831 877 1870 concessa.

354 1882 427 1916 Nec
445 1880 603 1916 continuo
618 1880 780 1916 facultatis
792 1884 924 1916 nomine
935 1879 1096 1917 abutimur
1105 1911 1115 1926 ‚
1132 1893 1169 1917 ut
1180 1894 1253 1917 cum
1266 1881 1399 1916 dicimus
1410 1881 1529 1917 fen-um
1540 1881 1560 1918 ὲ
1569 1893 1619 1916 ma
1667 1892 1703 1916 e-

323 1940 356 1963 te
370 1929 463 1974 trahi,
484 1928 571 1977 quod
585 1933 619 1965 in
628 1942 781 1979 magnete
796 1929 833 1965 sit
843 1933 892 1967 vis
906 1932 1072 1967 attraetn'x
1083 1931 1159 1966 ferri
1177 1946 1185 1967 :
1199 1943 1266 1966 tum
1278 1932 1362 1964 enim
1378 1930 1543 1965 manifeste
1556 1928 1625 1965 nihi
1653 1931 1703 1964 di-

323 1980 421 2013 cimus
436 2007 445 2022 ,
470 1979 648 2027 priusquam
661 1979 755 2014 nobis
780 1981 974 2024 innotuerit,
998 1982 1076 2027 quid
1095 1979 1132 2016 fit
1148 1984 1180 2016 in
1203 1979 1290 2014 ferto
1302 1979 1354 2013 illa
1368 1980 1517 2014 attractio
1534 2007 1544 2022 ,
1571 1984 1605 2015 &
1623 1979 1703 2026 quid

322 2039 456 2075 magnes
475 2027 622 2062 conferat
639 2045 646 2070 ·,
673 2027 726 2062 sed
761 2027 984 2063 difficultatem
1002 2029 1184 2074 effligimus.
1221 2032 1263 2064 At
1295 2027 1315 2063 fi
1339 2027 1469 2076 idipsum
1481 2026 1500 2063 ὲ
1516 2027 1611 2063 nobis
1630 2028 1709 2063 ante

323 2075 423 2110 fuerit
439 2075 633 2124 explicatum
650 2104 659 2119 ‚
680 2088 746 2110 tum
762 2076 874 2111 licebit
888 2076 981 2111 nobis
995 2076 1154 2113 facultatis
1172 2090 1293 2112 nomen
1309 2076 1466 2123 usurpare.
1489 2077 1534 2111 Ac
1557 2075 1577 2110 si
1591 2088 1704 2111 verum

325 2123 361 2159 fit
372 2125 401 2157 id
413 2123 481 2158 fieri
501 2136 632 2173 propter
643 2136 763 2159 certam
777 2128 914 2170 partium
937 2132 970 2163 δ(
981 2139 1146 2162 meatuum
1159 2129 1192 2162 in
1215 2137 1364 2174 magnete
1388 2123 1675 2173 configurationem
1692 2153 1703 2168 ,

327 2185 396 2207 tum
412 2173 520 2208 frustra
534 2176 605 2221 quis
625 2170 788 2221 rogaverit
798 2186 853 2207 cur
866 2187 897 2209 in
912 2174 998 2210 ferro
1014 2182 1046 2211 ὃ(
1058 2188 1208 2224 magnete
1217 2186 1339 2209 meatus
1349 2175 1392 2207 ita
1406 2172 1463 2208 fint
1478 2172 1629 2222 dispositi,
1643 2185 1704 2208 nec

327 2225 437 2269 inepte
451 2222 490 2256 ad
505 2234 651 2257 naturam
666 2222 748 2257 illius
760 2223 975 2271 confugimus,
1003 2227 1081 2260 Non
1103 2221 1190 2259 enim
1203 2236 1306 2258 rerum
1325 2224 1463 2257 rationes
1480 2224 1513 2257 in
1537 2221 1704 2258 infinitum

327 2271 505 2315 qnaerendae
516 2270 594 2305 sunt.
616 2272 717 2306 Simili
734 2274 857 2306 ratione
869 2284 982 2308 notum
999 2276 1044 2308 est
1059 2286 1129 2308 eam
1140 2274 1202 2307 effe
1213 2282 1355 2307 naturam
1365 2274 1481 2305 mentis
1491 2283 1525 2306 ut
1537 2273 1705 2320 percipiat,

330 2330 525 2366 qut-:cunque
543 2318 577 2354 sit
595 2332 686 2368 origo
700 2322 927 2368 perceptionis.
953 2324 1092 2370 Optime
1112 2324 1204 2370 igitur
1222 2333 1294 2355 eam
1312 2319 1372 2356 effe
1391 2322 1456 2356 vim
1473 2320 1706 2360 &facultatem

330 2368 442 2402 aniinae
461 2370 559 2403 etiam
574 2368 722 2418 separata:
738 2370 972 2406 contendimiu.
