1857 2745
98 193 176 228 dum
197 203 352 236 movenS,
369 191 459 240 quod
476 205 543 229 non
560 203 674 227 movet
692 189 748 226 nifi
769 202 908 228 motum.

124 244 203 291 jam
228 241 446 291 respondimus
463 240 566 277 causas
575 240 758 276 secundas&
770 242 873 289 prima
883 239 1009 275 suorum
1019 251 1167 276 motuum
1187 241 1278 275 initia
1289 251 1401 288 capere
1416 254 1423 276 :
1435 239 1488 274 sed

100 304 212 327 tamen
230 305 277 326 eae
292 305 357 326 non
372 291 444 326 sunt
457 289 681 339 spe-standaeut
695 302 772 338 pura
785 290 1017 333 instrumenta,
1038 301 1075 323 ut
1093 288 1204 324 securis
1220 291 1252 324 in
1270 301 1368 324 manu
1387 287 1487 323 artifi-

101 343 158 384 cis,
175 353 247 389 quae
267 354 333 376 non
350 351 502 376 movetur
522 338 577 374 nisi
594 338 753 388 applicata
764 354 775 375 τ
789 339 839 374 sed
852 338 922 374 sunt
938 339 1147 373 instrumenta
1164 338 1412 380 naturalia‚Qtiae
1422 341 1490 373 vim

101 391 220 439 agendi
235 390 257 425 ἐι-
269 392 370 438 prima
381 387 470 423 causa
483 400 678 438 acceperunt
697 418 706 432 ,
717 394 749 425 &
759 387 822 424 fine
835 388 916 423 illius
927 386 1080 422 concursu
1089 386 1310 435 nihilipoffunt
1325 385 1465 423 efficere.

137 438 214 483 lnst.
228 441 327 473 acrius
341 452 350 473 :
363 437 492 473 nullum
502 438 746 473 instrumentum
760 436 885 473 causam
896 438 1077 486 principem
1088 437 1294 472 determinat.

145 489 236 537 Refp.
256 487 649 524 Nulluminstrumentum
662 489 805 522 inanime
822 492 855 524 &
876 489 967 522 iners.
986 485 1149 522 C.nullum
1165 486 1411 521 instrumentum
1427 487 1495 519 ani-

104 548 240 580 matum,
259 543 291 574 &
305 539 418 572 vivum
428 566 437 580 ,
453 537 507 572 N..
523 539 573 571 Sic
584 537 693 571 oculus
705 537 746 571 est
775 537 1025 572 instrumentum
1038 537 1151 569 animae
1164 563 1173 578 ,
1197 547 1333 582 eamque
1350 534 1391 568 ad
1402 533 1498 568 visio—

105 599 184 623 nem
195 587 392 621 determinat
408 585 574 622 :voluntas
591 599 672 621 veto
688 586 793 621 nostra
811 595 1011 635 comparatur
1023 584 1156 632 quidem
1168 597 1240 619 cum
1253 587 1327 620 Deo
1343 595 1377 618 ut
1391 583 1498 618 instru-

105 646 257 672 mentum
273 665 282 679 ‚
294 635 383 682 quod
395 637 515 670 virtute
533 647 633 683 quam
651 634 671 670 ὲ.
681 638 758 671 Deo
766 638 904 684 accepit,
917 637 987 669 imo
1001 639 1035 672 δε
1049 635 1198 668 motione
1208 663 1217 676 ,
1228 632 1278 668 seu
1292 631 1496 682 impressione

108 697 179 732 quae
192 684 324 733 aprima
349 683 439 720 causa
463 686 577 733 incipit
590 713 599 728 ‚
622 696 795 733 operatur:
825 683 877 720 sed
896 685 927 719 id
947 697 1013 721 non
1030 682 1138 718 obstat
1157 685 1328 730 quominus
1348 680 1498 716 voluntas

106 732 211 769 libere
227 736 410 769 motionem
428 735 495 770 Dei
509 734 706 769 determinet
719 752 730 778 ·,
741 747 809 770 non
827 735 913 783 quod
928 733 1074 769 voluntas
1091 734 1173 782 ptius
1190 743 1263 782 agat
1281 743 1377 779 quam
1398 733 1501 779 prima

107 781 207 818 causa.
220 785 309 818 Nam
320 794 355 817 ut
370 782 450 831 saepe
462 783 611 819 diximus.
632 783 782 818 voluntas
793 787 914 833 primos
929 782 1020 818 velut
1034 783 1172 830 impetus
1188 810 1197 825 ,
1216 794 1338 830 primos
1353 791 1458 815 motus
1480 779 1501 815 ὲ

108 830 199 866 causa
209 833 311 879 prima
337 833 471 881 accipit:
485 830 536 866 sed
551 833 573 865 ii
585 845 652 867 non
665 829 735 867 sunt
745 831 851 881 liberi,
862 834 965 868 donec
980 830 1109 880 seipsam
1119 831 1159 865 ad
1173 831 1335 879 agendum
1350 829 1503 878 applicet.

111 880 213 927 Qod
228 882 369 927 primum
380 881 463 916 velit
479 879 658 915 deliberare
671 910 681 924 ‚
696 882 727 915 id
746 881 848 919 habet
864 882 885 919 ὲ,
903 885 980 918 Deo
991 897 1001 925 3
1013 881 1102 929 quod
1120 878 1332 915 deliberando
1350 877 1502 928 eligat,s1c

115 928 219 965 habet
231 930 250 964 a
263 927 362 977 seipsa
371 957 380 969 ,
392 941 427 964 ut
437 932 501 965 Dei
513 929 666 965 concurfii
680 942 786 978 egeat.

153 978 241 1026 Opp.
257 992 283 1013 2.
303 979 406 1025 Qod
425 978 501 1013 exse
514 979 557 1013 est
575 978 762 1014 indifferens
781 985 814 1016 &
836 977 1141 1022 indeterminatum,
1166 990 1332 1026 nunquam
1351 978 1455 1025 potest
1473 978 1504 1013 se

113 1028 352 1071 determinare,
369 1026 425 1063 nisi
437 1026 567 1062 aliunde
580 1026 705 1075 aliquid
714 1029 876 1077 acceperit
890 1041 898 1063 :
911 1039 946 1063 ut
956 1039 1047 1076 patet
1060 1031 1093 1063 in
1110 1027 1191 1062 libra
1203 1056 1215 1071 ,
1238 1039 1294 1061 aut
1310 1028 1341 1061 in
1358 1026 1507 1070 bilance,

113 1088 189 1123 quae
204 1075 249 1110 est
269 1078 304 1111 in
316 1076 513 1123 aequilibrio:
537 1088 571 1111 at
585 1076 732 1111 voluntas
749 1089 792 1112 ex
808 1077 837 1112 se
852 1075 897 1111 est
915 1076 1101 1112 indifferens
1129 1091 1139 1113 τ
1159 1080 1242 1125 Ergo
1259 1074 1382 1110 necesse
1403 1076 1450 1110 est
1473 1087 1507 1110 ut

115 1129 206 1163 Deus
225 1137 297 1159 eam
310 1126 524 1168 determinet,
539 1127 683 1161 maxime
695 1138 768 1160 cum
782 1127 812 1160 id
825 1126 914 1173 quod
927 1125 972 1159 est
985 1128 1017 1160 in
1055 1128 1178 1160 otentia
1193 1154 1202 1169 ,
1219 1125 1328 1159 reduci
1344 1125 1384 1158 ad
1399 1127 1507 1160 aetum

114 1187 184 1211 non
191 1172 286 1222 posfit
299 1173 354 1209 m'fi
364 1187 419 1222 per
432 1175 461 1208 id
473 1175 560 1221 quod
576 1175 618 1209 est
629 1176 702 1210 actu
715 1191 725 1218 -,
744 1187 804 1210 nec
812 1172 900 1209 causa
911 1186 1017 1209 creata
1031 1139 1162 1222 {ipsam
1173 1175 1387 1209 determinare
1399 1185 1509 1221 queat:

116 1235 194 1260 nam
211 1221 300 1258 fimul
317 1221 392 1258 esset
405 1225 480 1258 aestu
494 1229 527 1260 &
542 1224 693 1270 potentia
711 1223 854 1272 respectu
873 1221 1026 1263 eiusdem.

158 1273 247 1318 Resp.
265 1272 423 1316 distanai.
434 1273 535 1321 Qiod
556 1272 603 1307 est
622 1272 808 1308 indifferens
823 1270 1042 1307 indifferenti&
1052 1270 1173 1321 passiva
1188 1301 1198 1315 ,
1213 1270 1255 1305 ab
1269 1271 1334 1305 alio
1353 1272 1510 1306 determi-

118 1323 187 1357 nati
198 1321 302 1356 debet
315 1350 323 1363 ,
344 1323 381 1358 C.
398 1320 418 1356 fi
437 1320 655 1357 indifferentia
671 1321 706 1356 sit
722 1322 830 1355 activa
842 1350 850 1364 ,
867 1320 970 1368 qualis
982 1322 1023 1355 est
1038 1323 1069 1355 in
1079 1333 1198 1369 agente
1215 1319 1330 1363 libero,
1346 1322 1395 1356 N.
1408 1321 1511 1367 Qod

119 1370 243 1404 addunt
253 1371 390 1404 eandem
401 1383 469 1404 rem
479 1369 567 1404 simul
580 1382 649 1404 non
665 1368 754 1404 fimul
765 1369 870 1404 else'in
880 1370 955 1403 astu
964 1398 973 1412 ‚
995 1375 1029 1405 &
1039 1371 1186 1418 potentia
1199 1368 1339 1412 ejusdem
1352 1369 1515 1416 respedstu,

119 1423 184 1468 jam
199 1417 381 1466 responsum
395 1419 437 1453 cst
450 1448 460 1462 ‚
479 1418 685 1453 voluntatem
703 1417 765 1452 effe
781 1420 816 1452 in
833 1417 907 1452 actu
926 1421 1032 1465 primo
1048 1447 1057 1461 ,
1085 1422 1120 1454 &
1138 1419 1205 1452 vini
1221 1416 1343 1453 habere
1355 1417 1386 1452 fe
1406 1419 1513 1453 deter-

122 1468 285 1510 minandi,
312 1479 451 1514 eamque
461 1468 500 1501 ad
516 1468 625 1501 aetum
636 1466 820 1510 secundum,
830 1479 896 1501 non
905 1465 968 1501 fine
981 1469 1046 1503 Dei
1058 1469 1206 1502 motione
1217 1472 1251 1504 ὃ(
1261 1466 1411 1502 concursu
1423 1479 1515 1502 com-

123 1529 243 1552 meare.
256 1519 344 1552 Nam
356 1528 391 1551 ut
406 1519 452 1551 ait
465 1519 494 1551 S.
508 1516 653 1551 Thomas
667 1530 689 1551 1.
704 1516 851 1564 2.quaest.
866 1529 898 1558 9.
910 1526 970 1551 art.
981 1531 1018 1563 4.
1029 1518 1100 1564 Ipfiz
1111 1517 1355 1564 movetfi’ipfhm
1367 1519 1399 1550 in
1414 1529 1512 1563 qnan-

125 1576 193 1599 tum
209 1576 267 1613 per
280 1565 336 1599 hoc
351 1563 625 1611 quodvultfinem
642 1593 650 1603 ,
670 1565 933 1613 reducitftr'pfam
954 1566 999 1600 ad
1010 1564 1182 1600 volendum
1204 1577 1240 1598 ea
1255 1568 1402 1611 quaestmt
1416 1564 1514 1609 adfi-

125 1627 203 1651 nem.
221 1617 331 1661 ltaque
344 1615 409 1649 haec
426 1615 532 1649 motio
546 1613 657 1649 divina
668 1614 710 1648 est
724 1613 893 1648 necessaria
902 1614 940 1647 ad
955 1617 1096 1662 primum
1106 1613 1283 1648 voluntatis
1295 1625 1421 1648 motum
1434 1643 1443 1657 ,
1458 1616 1516 1661 qui

127 1662 239 1710 sponte
254 1664 386 1710 quidem
405 1661 461 1706 fit,
483 1675 548 1697 non
566 1664 678 1697 coacte
701 1677 709 1698 :
728 1661 779 1697 sed
798 1665 822 1697 is
842 1662 926 1697 liber
941 1676 1008 1698 non
1031 1663 1096 1707 est,
1122 1675 1196 1696 cum
1215 1661 1251 1696 fit
1275 1661 1515 1699 indeliberatuS.

127 1713 226 1746 Hanc
245 1714 309 1746 Dei
321 1715 500 1747 motionem
510 1741 520 1754 ,
535 1710 556 1745 fi
566 1712 938 1759 praedetermiiiationem
950 1713 1054 1747 velint
1068 1710 1231 1762 appellare
1245 1739 1254 1752 ,
1280 1723 1337 1759 per
1355 1724 1408 1745 me
1426 1711 1517 1747 licet.

129 1764 252 1795 Verum
268 1773 306 1795 ea
324 1774 390 1796 non
407 1759 577 1796 neceffirio
589 1789 597 1803 ‚
616 1759 668 1794 sed
686 1760 785 1795 libere
801 1774 858 1796 nos
872 1762 1084 1805 determinat,
1101 1772 1238 1807 eamque
1249 1759 1329 1807 saepe
1342 1759 1520 1808 abjicimus,

130 1812 219 1845 Hinc
232 1809 309 1845 illud
322 1809 411 1845 ultro
422 1810 622 1844 admittimus
636 1810 723 1857 quod
734 1810 850 1845 eodem
869 1809 942 1845 loco
952 1811 1048 1846 docet
1061 1814 1104 1847 D.
1116 1809 1261 1845 Thomas
1276 1808 1520 1856 :Unde‚inquit.

131 1860 242 1904 neczffe
255 1858 294 1903 est
302 1869 415 1907 ponere
427 1858 512 1905 quod
522 1861 554 1893 in
563 1862 701 1907 primum
713 1870 831 1892 motum
857 1861 1008 1893 voluntas
1020 1860 1155 1908 prodeat
1170 1872 1210 1892 ex
1222 1858 1364 1903 instinfflt.
1381 1860 1518 1901 alicujus

133 1909 298 1941 εκιενῐονῐς
314 1910 476 1944 moventis.
494 1910 606 1954 Itaque
630 1908 814 1942 instinehim
834 1906 923 1942 illum
944 1909 985 1941 ad
997 1911 1137 1956 primum
1165 1908 1320 1942 duntaxat
1341 1906 1519 1942 voluntatis

133 1967 258 1992 motum
268 1958 367 1999 exigit
380 1985 388 2000 ‚
413 1969 484 1991 eum
503 1955 624 1990 scilicet
635 1954 743 2004 primo
761 1958 910 1991 volumus
926 1956 1118 1992 deliberare.

163 2004 235 2043 Inff.
251 1996 352 2040 Cauffi
365 2017 437 2052 quse
448 2005 595 2039 ultimum
607 2003 705 2039 finem
720 2003 846 2052 respicit
857 2033 866 2046 ,
890 2006 1172 2053 praedeterminare
1185 2004 1285 2039 debet
1296 2033 1305 2047 ,
1325 2009 1359 2042 &
1372 2004 1521 2039 ordinare

136 2051 241 2088 causas
252 2066 375 2089 caeteras
386 2056 418 2088 in
431 2054 571 2088 eundem
581 2052 688 2090 finem.
709 2056 795 2089 Hinc
805 2056 839 2090 S.
849 2054 993 2090 Thomas
1008 2069 1031 2092 ι.
1041 2067 1121 2104 part.
1136 2055 1240 2103 quaest.
1250 2067 1308 2099 103.
1318 2065 1374 2087 art.
1396 2057 1412 2089 8
1422 2081 1429 2089 .
1443 2054 1522 2087 Om-

138 2105 186 2136 nis
201 2104 361 2137 inclinatio
373 2131 381 2141 ‚
399 2105 518 2150 inquit,
527 2103 663 2147 alicujus
674 2104 718 2137 rei
731 2105 808 2147 ‚vel
818 2104 979 2138 naturalis
998 2106 1261 2141 velvoluntarim
1281 2102 1363 2136 nihil
1379 2102 1417 2145 est
1427 2101 1522 2136 aliud

141 2148 238 2196 qucim
252 2153 358 2199 prima
367 2151 517 2199 impressio
535 2150 555 2184 ὰ
570 2153 670 2198 primo
683 2163 826 2186 movente
842 2152 941 2198 ,ficut
956 2155 1120 2188 inclinatio
1137 2154 1258 2200 lhgittae
1275 2150 1451 2197 adfifflmm
1467 2151 1522 2184 de-

140 2203 345 2233 terminatum
357 2228 365 2238 ,
381 2201 464 2235 nihil
473 2200 566 2234 aliud
578 2199 618 2244 est
628 2198 726 2246 qadim
740 2201 881 2246 quaedam
893 2200 1043 2249 impreffio
1053 2201 1273 2249 lzfizgittante.
1299 2199 1399 2236 Unde
1411 2202 1521 2234 omnia

142 2259 212 2293 quae
230 2259 328 2294 agunt
340 2277 349 2291 ‚
368 2249 420 2283 vel
439 2248 642 2291 naturaliter,
654 2247 706 2282 vel
722 2248 926 2292 voluntarie,
945 2249 1031 2295 quasi
1045 2251 1173 2297 propria
1195 2248 1310 2297 sponte
1329 2250 1522 2295 perveniunt

143 2295 216 2329 inid
231 2324 238 2334 ,
256 2296 295 2329 ad
313 2297 400 2341 quod
415 2298 568 2332 divinitus
587 2297 787 2333 ordinantur.
811 2299 900 2332 Hinc
918 2299 1017 2333 etiam
1040 2301 1201 2347 Scriptura
1213 2326 1222 2340 ,
1256 2303 1290 2333 &
1320 2299 1373 2332 ΡΙ).
1403 2297 1524 2333 docent

144 2347 252 2381 Deum
269 2345 579 2392 omnipotentissima
591 2345 746 2381 facilitate
757 2346 1099 2388 inclinare,&flestere
1113 2347 1295 2381 voluntates
1308 2347 1424 2381 nostras
1441 2359 1524 2394 quo-

145 2404 273 2440 cunque
283 2393 420 2429 voluerit
433 2420 442 2437 ,
454 2396 561 2431 Deum
573 2397 673 2443 magis
686 2395 806 2432 habete
824 2395 1007 2432 voluntates
1032 2396 1200 2432 hominum
1228 2398 1260 2430 in
1277 2395 1328 2429 sua
1349 2396 1525 2444 potestate,

1176 2445 1301 2481 Dddd
1330 2447 1349 2492 ij

1427 145 1485 190 583
