1857 2745
398 162 760 199 T‘RACTATUS
800 162 1126 199 SECUNDUS.
1404 177 1450 207 09

65 226 186 262 vagum
205 214 335 249 existere
362 212 450 248 nullo
470 212 571 246 modo
595 212 709 259 potest.
741 211 909 258 Qudquid
937 214 1025 246 enim
1052 212 1156 245 existit
1178 240 1188 255 ‚
1214 212 1256 245 est
1272 180 1399 247 certum5
1415 219 1449 250 ὃς

65 263 245 298 definitum.
268 261 404 299 Nullum
417 260 537 296 animal
547 263 579 294 in
590 272 710 308 genere
721 289 730 303 ,
746 259 797 295 seu
805 262 839 294 in
854 260 1035 295 universum
1045 260 1172 303 existit,
1197 259 1248 294 sed
1262 262 1348 307 quod
1364 274 1450 296 certa

62 311 171 360 specie
184 314 381 347 continetur.
401 312 516 345 Forma
535 320 645 344 autern
659 309 740 344 hanc
756 308 772 343 s
791 311 894 343 eciem
910 308 1023 344 tribuit
1036 327 1045 353 3
1061 321 1118 356 per
1134 321 1205 343 eam
1225 322 1306 357 vaga
1320 309 1374 344 illa
1394 324 1452 359 po-

67 363 168 396 tentia
187 361 420 395 determinatur
435 387 444 402 ‚
465 365 498 395 &
514 358 560 392 est
575 360 647 394 aem
661 387 670 401 ,
695 370 749 392 aut
761 322 881 392 §ferrum
892 387 901 401 ,
920 369 976 392 aut
994 358 1113 406 lignum
1125 387 1134 400 ‚
1152 370 1208 392 aut
1219 358 1338 405 aliquid
1350 359 1451 408 hujus.

64 410 168 444 modl.
186 411 327 444 Materia
343 421 453 443 autem
465 406 547 443 nihil
562 408 604 442 est
618 406 805 442 nisimerum
823 406 1000 453 subjeetum
1012 434 1020 445 ‚
1032 409 1260 453 autpotentia,
1283 419 1388 453 neque
1406 410 1451 443 est

65 458 146 503 quid
160 485 170 500 ‚
189 469 295 505 neque
307 469 464 504 quantum
481 471 489 491 :
507 455 596 490 nullo
613 458 714 490 modo
730 457 773 490 est
782 457 844 491 hoc
861 456 984 504 aliquid
999 470 1007 491 :
1024 467 1085 490 nec
1099 456 1306 490 demonstrari
1320 468 1375 490 aut
1396 458 1451 491 de-

65 505 181 554 signari
193 507 307 554 potest.
333 509 417 554 Ergo
427 505 482 540 vel
499 506 662 539 mutandae
679 505 750 540 sunt
762 517 877 540 omnes
895 534 904 548 ,
928 516 1006 552 quas
1017 503 1228 551 Philosophus
1241 504 1335 538 affert
1347 517 1451 540 mate-

66 557 120 589 riae
135 560 167 591 ὃ(
178 555 288 589 formae
302 554 506 589 definitiones
518 583 527 597 ,
551 553 604 589 vel
624 555 794 589 fatendum
808 554 850 589 est
873 567 945 589 eam
962 552 1022 589 ess'e
1039 564 1154 601 puram
1171 556 1352 601 potentiam
1366 583 1374 598 ‚
1392 566 1451 590 nec

66 602 245 652 separatam
257 601 345 652 posse
371 604 513 639 existere.

555 652 738 686 Solvuntur
753 650 967 697 chabiones.-

105 753 188 798 Qae
197 762 309 785 contra
319 749 517 798 objiciuntur
528 778 538 791 ‚
562 748 656 785 facile
668 749 825 784 diluemus
839 778 848 793 ‚
865 748 886 783 fi
895 752 1140 786 meminerimus
1149 764 1207 786 nos
1220 749 1271 786 hic
1284 754 1454 786 materiam

67 799 196 848 physice
211 799 352 847 spectare
365 828 374 842 ,
398 810 434 833 ut
447 800 597 846 potentia
612 799 655 832 est
668 827 677 841 ,
699 811 771 845 quat
791 798 985 834 essentialem
1012 801 1158 835 ordinem
1173 801 1213 834 ad
1228 799 1368 835 formam
1385 812 1455 835 tan-

68 859 164 894 quam
181 849 223 882 ad
236 847 325 883 suum
345 847 541 882 correlatum
556 846 688 882 includit
700 876 708 890 ‚
726 859 763 881 ut
771 849 907 882 materia
923 849 967 883 est
991 849 1065 884 ferri
1088 861 1144 883 aur
1162 850 1236 897 ligni
1253 864 1260 884 :
1277 863 1343 884 uon
1361 848 1456 884 abso-

68 895 137 933 ‚lute
149 902 181 933 δε
193 896 410 946 metaphysice
419 925 429 940 ,
442 908 478 931 ut
491 898 595 944 prima
607 908 713 931 rerum
727 898 818 931 initia
832 925 843 939 ‚
867 909 922 931 aut
942 897 1104 932 elementa
1120 898 1346 946 complectitur
1356 928 1364 941 ‚
1386 911 1456 945 quae

67 944 237 993 separatim
250 949 350 980 creari
363 951 396 982 &
406 944 585 981 conservari
595 946 734 993 possunt,
743 957 812 980 tum
823 949 911 981 enim
924 950 1065 981 materiae
1076 949 1187 995 primae
1200 949 1285 982 vices
1295 960 1362 983 non
1374 946 1459 991 obit,

70 1005 106 1028 ut
119 995 226 1042 postea
239 996 388 1029 dicemus.
421 995 506 1029 Cum
524 996 634 1041 itaque
1061 1014 1063 1016 ·

116 1045 233 1091 opp-1·
255 1044 357 1090 Qod
377 1043 424 1077 est
442 1055 554 1091 expers
574 1044 680 1077 omnis
697 1043 786 1077 aestus
810 1047 842 1078 &
862 1044 1107 1091 propriam‘non
1126 1045 1227 1080 habet
1242 1046 1459 1090 existentiam,

68 1091 153 1127 nihil
169 1092 235 1127 est:
255 1091 308 1126 sed
328 1094 462 1126 materia
483 1091 642 1138 quiddam
663 1091 705 1124 est
723 1119 733 1133 ,
758 1104 825 1125 non
851 1103 976 1125 merum
997 1093 1079 1127 nihil
1092 1122 1102 1136 ,
1139 1106 1176 1128 ut
1190 1096 1332 1141 privatio
1349 1108 1356 1129 ι
1380 1107 1477 1142 ergo

68 1153 137 1176 non
169 1140 216 1174 est
253 1152 366 1188 expers
382 1142 489 1176 omnis
506 1139 600 1176 aestus
622 1139 735 1175 saltem
756 1138 987 1187 metaphysici,
1024 1147 1058 1178 &
1087 1154 1250 1189 propriam
1266 1141 1367 1176 habet
1393 1145 1458 1177 exi-

71 1189 230 1225 ssentiam.
676 1201 678 1204 ’
1303 1205 1309 1209 ·

104 1239 194 1286 Resp.
217 1237 508 1283 Dist.maj.Qod
518 1236 642 1272 nullum
657 1239 767 1272 acrum
782 1265 793 1280 ‚
826 1235 949 1271 nullam
969 1237 1284 1273 habet-existentiam
1309 1239 1363 1273 vel
1384 1253 1460 1288 pro-

74 1289 176 1336 priam
185 1287 405 1330 velahenam,
427 1288 473 1321 est
485 1299 608 1321 merum
623 1299 690 1321 non
704 1298 758 1321 ens
770 1313 778 1328 ‚
802 1288 837 1318 C.
855 1286 943 1332 quod
960 1299 1028 1322 non
1049 1287 1149 1322 habet
1170 1290 1278 1322 aetum
1302 1287 1359 1322 sibi
1384 1302 1460 1334 pro„

70 1338 172 1384 prium
185 1335 289 1380 ‚nihil
304 1336 368 1378 est,
394 1338 441 1370 N.
460 1337 602 1371 Materia
624 1337 734 1382 itaque
748 1334 869 1377 existit,
889 1347 955 1369 non
964 1339 1092 1384 propria
1107 1365 1116 1380 ,
1135 1336 1188 1371 sed
1208 1339 1306 1371 totius
1320 1334 1461 1373 existen.

58 1434 60 1437 y
74 1387 140 1428 tia3
160 1385 241 1420 nihil
259 1385 302 1419 est
319 1387 410 1427 aaa,
432 1384 483 1418 sed
499 1385 543 1418 est
558 1384 713 1430 quiddam
725 1384 879 1430 potentia.

115 1433 188 1478 Inst.
196 1436 234 1468 Si
253 1437 386 1467 materia
406 1432 487 1468 nihil
500 1433 543 1466 est
555 1434 647 1474 aeto,
665 1444 730 1466 non
748 1431 967 1478 magisexistit
981 1432 1078 1478 quam
1094 1444 1143 1467 res
1161 1432 1326 1481 possibilis.
1343 1434 1461 1471 Absur-

76 1483 151 1518 dum
166 1481 247 1517 *veto
258 1481 336 1516 illud
356 1483 483 1516 videtur
496 1510 506 1524 ‚
528 1479 604 1516 cum
618 1482 754 1515 materia
766 1478 801 1513 fit
812 1490 883 1526 pars
899 1481 1076 1528 compositi.
1184 1523 1188 1527 sp

126 1532 213 1579 Reffi.
231 1543 302 1579 neg.
327 1534 442 1572 major.
461 1532 551 1566 Nam
571 1542 621 1564 res
644 1540 740 1563 mere·
755 1526 909 1576 poffibilis
940 1530 984 1563 est
1015 1541 1128 1565 revera
1150 1529 1212 1565 fine
1232 1532 1402 1566 existentia
1427 1539 1461 1570 &

75 1580 138 1615 fine
156 1580 230 1615 astu
251 1593 260 1615 ι
279 1579 330 1614 sed
349 1581 484 1613 materia
503 1580 575 1613 aEtu
590 1579 693 1612 existit
706 1605 725 1620 ,¹
742 1577 818 1611 licet
836 1588 903 1612 non
927 1582 1074 1626 propria,
1102 1578 1153 1614 sed
1170 1581 1267 1614 totius
1283 1581 1455 1617 existentia,

122 1628 247 1663 Contra
258 1657 268 1672 ,
283 1629 403 1674 inquies
414 1655 422 1665 ,
439 1627 609 1661 absurdum
625 1627 667 1661 est
677 1639 745 1661 rem
761 1625 897 1660 existere
913 1639 969 1674 per
985 1628 1123 1664 alienam
1141 1628 1344 1663 existentiam
1361 1643 1369 1664 :
1391 1633 1459 1664 exi-

78 1679 131 1712 stit
149 1679 238 1712 enim
250 1676 505 1724 unumquodque
515 1688 572 1724 per
586 1676 617 1709 id
631 1675 720 1722 quod
738 1675 784 1709 est
797 1704 806 1718 ,
828 1688 895 1710 non
909 1687 966 1723 per
976 1675 1036 1711 else
1049 1676 1180 1711 alterius
1202 1691 1210 1712 z
1233 1689 1310 1725 ergo
1326 1682 1461 1713 materia

77 1727 183 1761 existit
194 1738 250 1774 per
263 1728 426 1773 propriam
442 1753 451 1768 ,
470 1738 538 1759 non
551 1737 607 1772 per
618 1724 750 1766 formae,
770 1735 825 1758 aut
844 1726 941 1759 totius
959 1725 1168 1761 existentiam.

111 1775 200 1821 Kasp,
212 1775 310 1820 {Diffi
350 1778 428 1817 maj.
455 1773 637 1809 Absurdum
657 1774 700 1807 est
720 1785 794 1808 rem
811 1773 959 1808 absolute
989 1773 1165 1822 spe&aram
1192 1804 1202 1818 ‚
1235 1780 1269 1811 δε
1291 1775 1462 1812 secundum

76 1821 107 1857 se
125 1824 260 1858 existere
275 1835 332 1871 per
348 1823 487 1857 alienam
499 1823 698 1857 existentiam
712 1850 721 1864 ‚
742 1825 779 1857 C.
800 1820 968 1858 absurdum
986 1824 1028 1857 est
1046 1836 1114 1858 rem
1131 1836 1203 1871 quae
1234 1826 1265 1858 iu
1284 1825 1460 1872 composito

78 1872 122 1905 est
131 1873 278 1919 potentia
292 1900 301 1914 ‚
317 1885 384 1907 non
393 1873 466 1906 adiu
476 1901 485 1914 ,
511 1876 546 1907 δε
561 1870 696 1905 relative
708 1881 832 1906 tantum
844 1870 1003 1917 spectatur
1012 1901 1021 1915 ‚
1035 1871 1077 1907 ab
1087 1872 1152 1907 alio
1163 1874 1271 1907 astum
1283 1878 1317 1909 &
1327 1874 1462 1909 existen-

78 1922 157 1955 tiam
175 1923 319 1968 accipere
332 1949 341 1963 ‚
356 1922 525 1967 N.Itaque
535 1931 595 1954 nec
604 1921 737 1953 materia
747 1948 757 1961 ‚
774 1931 833 1953 nec
843 1918 949 1953 forma
959 1920 1129 1968 separatim
1147 1920 1294 1968 spefiatae
1312 1922 1460 1966 existunt,

78 1968 130 2004 sed
141 1967 353 2018 compofitum
369 1998 378 2012 ,
395 1970 483 2016 quod
503 1969 610 2003 existit
621 1967 755 2015 quidem
768 1979 825 2016 per
843 1967 982 2004 formam
998 1983 1007 2004 z
1027 1982 1063 2003 ea
1081 1972 1200 2017 quippe
1220 1970 1276 2004 dat
1295 1969 1359 2005 tale
1379 1970 1460 2007 esse:

81 2017 204 2053 tametfi
218 2030 277 2053 nec
287 2016 499 2067 compositum
511 2046 520 2060 ‚
537 2029 597 2051 nec
609 2018 745 2051 materia
756 2016 894 2052 existunt
910 2018 1096 2065 per'formae
1107 2019 1309 2054 existentiam
1328 2033 1336 2054 ε
1355 2031 1390 2054 ut
1405 2033 1462 2068 pa-

81 2069 142 2100 ries
160 2068 204 2101 est
216 2066 309 2101 albus
325 2079 382 2115 per
395 2066 583 2101 albedinem
597 2080 605 2102 :
618 2065 670 2100 sed
680 2064 790 2100 album
801 2078 868 2100 non
881 2066 986 2101 existit
1001 2079 1057 2115 per
1073 2068 1276 2102 existentiam
1293 2067 1460 2103 albedinis,
1479 2092 1482 2095 -

82 2117 135 2149 Sic
149 2115 267 2150 ferrum
280 2116 322 2149 est
332 2116 453 2150 ferrum
471 2127 528 2163 per
544 2114 683 2150 formam
695 2114 771 2149 ferri
783 2131 792 2158 ς
800 2127 857 2162 per
871 2117 1045 2163 propriam,
1055 2129 1122 2152 non
1131 2129 1189 2165 per
1199 2116 1312 2151 formae
1323 2117 1464 2153 existen-

84 2165 161 2197 tiam
179 2166 306 2211 proprie
327 2165 444 2200 existit.
1296 2208 1301 2211 -
1438 2209 1441 2210 ⁷

121 2211 219 2259 Qod
238 2212 259 2247 si
278 2217 421 2247 materiae
433 2216 565 2248 nomine
581 2212 796 2261 intelligamus
810 2215 913 2260 prima
933 2225 1040 2247 rerum
1055 2212 1236 2256 elementa,
1264 2212 1285 2247 si
1309 2225 1380 2259 quae
1404 2213 1463 2248 sint

85 2264 222 2296 ommno
231 2260 400 2308 simplicia,
425 2275 463 2297 ea
481 2262 613 2310 quidem
629 2260 730 2295 habet
748 2263 910 2308 propriam
927 2261 1126 2296 existentiam
1140 2275 1149 2296 ε
1165 2273 1234 2296 turn
1247 2260 1325 2296 vero
1336 2291 1346 2304 ‚
1367 2275 1401 2297 ut
1415 2264 1463 2297 di-

86 2311 189 2343 ximus
203 2337 211 2350 ,
231 2308 392 2344 elementa
410 2313 552 2345 materiae
567 2322 681 2346 munus
698 2323 764 2345 non
783 2309 926 2354 obeunt,
946 2309 998 2344 sed
1016 2321 1173 2357 quatenus
1197 2312 1299 2344 varias
1325 2311 1464 2346 induunt

88 2357 220 2392 formas.
238 2359 411 2393 Materiam
421 2362 542 2407 quippe
556 2360 587 2393 id
606 2359 740 2393 dicimus
753 2387 762 2401 ‚
788 2358 875 2406 quod
891 2361 924 2393 in
942 2370 1077 2406 corpote
1090 2361 1245 2407 potentiae
1255 2358 1355 2394 habet
1367 2371 1461 2395 ratio-

89 2418 185 2450 nem3
200 2407 288 2488 qupd
302 2408 386 2441 adrui
402 2405 456 2442 seu
473 2407 584 2444 formae
605 2410 777 2457 opponitur
793 2424 803 2451 3
820 2407 908 2455 quod
920 2408 1060 2456 denique
1081 2410 1218 2445 inomni
1233 2410 1460 2490 gessierationffi

269 2468 323 2489 om.
347 2457 378 2491 l.
1236 2459 1255 2491 S
1287 2456 1305 2491 s
