1857 2745
397 163 481 212 Opp.
499 159 685 205 3.Voluntas
699 157 789 206 sequi
805 159 909 206 potest
925 160 1080 208 judicium
1097 159 1282 197 intelledffis
1297 156 1366 195 :sed
1381 155 1563 195 intelledtus
1577 159 1690 196 saltem
1701 161 1760 196 ad,

361 211 488 247 versarii
501 209 624 257 judicat
637 207 757 242 malum
782 207 850 255 qua
874 208 998 243 malum
1011 210 1111 244 amari
1125 208 1212 257 poffe
1235 226 1243 247 :
1265 221 1344 258 ergo
1361 206 1443 243 nihil
1460 207 1568 245 obstat
1579 213 1758 258 quominus

362 259 509 295 voluntas
525 260 557 292 in
573 256 606 290 id
622 255 743 291 fetatur
760 269 795 291 ut
809 257 932 292 malum
950 257 1004 294 est.

403 308 445 342 R.
464 306 534 351 dist.
546 309 622 350 maj.
637 305 798 341 Voluntas
817 306 960 354 sequitur
979 308 1130 356 judicium
1143 309 1319 358 praelicum
1332 306 1537 350 intellectas,
1558 308 1600 344 C.
1617 307 1759 357 specula-

362 360 466 393 tivum
480 356 656 400 duntaxat,
677 357 721 391 N.
739 358 785 391 Ac
803 355 878 392 licet
892 357 1087 393 Nominales
1101 355 1275 393 secundnm
1293 356 1455 393 theoriam
1471 357 1617 406 judicent
1636 357 1758 394 malum

359 407 425 454 quit
438 405 560 441 malum
570 407 676 453 expeti
689 404 775 453 posse
794 420 800 441 :
824 418 935 442 tamen
953 404 974 441 sl
988 406 1032 442 sei
1058 405 1104 443 sos
1115 406 1296 450 consulant,
1317 412 1350 444 &
1365 407 1444 454 quid
1460 408 1492 442 in
1510 405 1613 454 seipsis
1627 419 1738 456 agatur
1749 435 1758 450 ‚

357 453 550 505 diligentins
564 455 755 493 advtrtant,
783 456 935 502 professlo
954 457 1035 492 intel
1049 459 1139 507 igent
1155 469 1321 504 nunquam
1343 455 1372 490 se
1385 455 1509 491 malum
1528 455 1585 492 nifi
1602 459 1760 491 ementita

359 504 464 554 specie
483 503 562 539 boni
579 505 729 540 vestitum
740 534 749 548 ,
770 510 802 541 &
815 504 947 542 obscure
961 507 1128 551 cognitum
1142 518 1306 555 expetere.
1325 505 1426 555 Qd
1441 503 1462 539 fi
1472 508 1543 552 quis
1554 505 1760 541 voluntatem

354 553 440 590 suam
465 566 523 601 pro
537 555 663 589 tatione
677 557 767 590 omni
778 552 911 598 afferat,
933 554 964 589 id
980 547 1028 591 illi
1041 555 1166 591 bonum
1190 561 1225 593 ὃ(
1242 555 1402 590 excellens
1412 554 1588 591 videbitur.
1600 555 1761 590 Tamalte·

362 606 450 639 enim
468 602 638 653 propwensxo
656 604 696 638 ad
710 602 837 639 bonum
851 603 946 640 nobis
962 605 1110 654 impreffa
1133 602 1177 640 est
1189 634 1200 650 ,
1220 617 1255 640 ut
1272 617 1344 639 eam
1371 616 1489 639 exuere
1508 617 1574 640 non
1598 602 1760 651 poffimus.

235 643 327 702 {gssn‘c‘ss‘
363 656 452 690 Hinc
460 652 596 702 pulchre
614 655 755 689 Seneca:
779 653 1078 701 Nequitiaefruflus
1091 657 1343 704 concupiftitur,
1371 654 1438 701 ipfiz
1454 653 1531 688 verb
1549 654 1618 688 odio
1634 680 1643 692 ‚
1659 653 1760 702 pudo-

364 706 456 752 rique
478 702 521 747 est
532 715 607 737 :nec
625 704 793 749 quisquam
809 701 936 738 tantc‘em
948 702 1112 751 defiivitb
1127 704 1197 753 lege
1214 703 1371 741 naturali,
1387 700 1426 736 (θ’
1441 702 1596 739 hominem
1613 703 1762 742 eminae

353 755 467 803 gratis
484 751 570 786 velit
586 753 641 799 effe
662 753 778 789 malus.

391 801 531 847 Instant.
546 800 734 836 Intellectus
755 801 860 850 potest
875 799 1068 850 cognoscere
1079 799 1196 837 falsum
1210 811 1244 836 ut
1257 800 1392 838 falsum:
1412 813 1490 850 ergo
1508 800 1657 838 voluntas
1672 814 1760 838 arna-

354 862 391 886 re
408 850 511 899 potest
524 849 646 886 malum
658 850 724 897 qua
741 850 875 886 malum.

392 901 431 937 R,
445 901 496 935 N.
512 903 626 946 conseq.
653 901 742 935 Nam
755 897 867 934 falsum
879 901 923 934 est
940 898 1173 948 intelligibile,
1196 899 1319 934 malum
1341 911 1376 934 ut
1404 898 1526 934 malum
1544 898 1634 934 nullo
1658 901 1758 935 modo

356 948 403 984 est
421 946 571 983 amabile.
593 950 702 997 Atque
719 960 756 984 ut
769 947 952 984 intellectus
963 948 1104 985 assentiri
1115 946 1196 983 falso
1212 958 1249 991 ut
1259 947 1339 983 falso
1355 960 1423 985 non
1432 948 1545 996 potest:
1556 946 1596 982 fic
1609 948 1758 986 voluntas

356 997 478 1034 malum
493 1009 531 1033 ut
542 997 664 1033 malurn
677 1000 792 1046 nequit
805 1008 970 1046 expetere,

737 1084 1287 1127 DISPUTATIO
1331 1085 1396 1125 11.

849 1152 851 1155 ·
984 1158 1134 1206 Define.

357 1240 511 1325 CUm
530 1240 689 1277 summurn
704 1241 844 1277 hominis
857 1240 983 1277 bonum
994 1239 1030 1276 fit
1046 1240 1131 1276 illius
1150 1240 1222 1276 finis
1236 1240 1387 1284 ultimus,
1411 1240 1581 1289 postquam
1603 1242 1643 1277 de
1665 1241 1755 1278 bono

443 1289 613 1326 univerfirn
628 1293 753 1340 egimus
766 1321 776 1336 ,
795 1292 929 1327 instituti
938 1292 1035 1327 nostri
1049 1293 1131 1326 ratio
1140 1290 1284 1339 postulat
1293 1319 1302 1333 ,
1322 1302 1358 1324 ut
1369 1291 1408 1324 de
1421 1289 1484 1325 fine
1495 1303 1628 1339 quoque
1641 1293 1674 1327 in
1684 1294 1758 1327 uni-

357 1338 481 1375 versum
498 1339 680 1376 differamus
697 1354 704 1376 :
729 1339 769 1375 fic
788 1342 876 1376 enim
899 1340 1026 1375 facilior
1042 1342 1102 1375 etit
1119 1338 1211 1388 ipsius
1238 1339 1402 1374 felicitatis
1422 1340 1582 1376 rra-statio.
1606 1340 1701 1375 Circa
1718 1339 1757 1374 fi-

353 1400 432 1424 nem
445 1392 505 1424 tria
518 1388 611 1425 nobis
625 1389 773 1425 hocloco
790 1389 860 1426 sunt
871 1389 1068 1438 explicanda,
1084 1401 1112 1425 10
1126 1389 1218 1437 Qid
1234 1388 1270 1423 fit
1284 1394 1318 1425 &
1330 1388 1522 1437 quotuplex.
1533 1398 1564 1425 2⁰
1574 1389 1758 1435 Qomodo'

355 1440 465 1472 omnia
476 1450 574 1487 agant
589 1451 725 1488 propter
743 1438 855 1476 finem.
864 1447 892 1486 30
910 1441 996 1486 Qae
1009 1439 1051 1473 ad
1062 1438 1162 1474 finem
1173 1437 1324 1473 ultimum
1344 1437 1487 1486 specstant
1502 1467 1513 1482 ,
1542 1449 1637 1475 etunt
1656 1450 1756 1474 excu-

353 1487 476 1523 tienda.

823 1537 1184 1583 QUAESTIO
1252 1538 1275 1571 1.

783 1633 876 1682 Qid
892 1632 939 1679 fit
942 1631 1022 1679 finis
1032 1662 1041 1674 ,
1059 1635 1100 1670 ω’
1112 1634 1296 1684 quotuplex.

236 1737 247 1753 ³
269 1726 489 1815 Phae-Phi&
507 1732 595 1767 reete
613 1730 765 1768 definitur
783 1729 824 1765 ab
843 1730 1037 1776 Aristotele,
1056 1731 1094 1766 id
1104 1733 1194 1775 cujus
1202 1734 1315 1780 gratia
1316 1729 1360 1775 fit
1368 1731 1509 1777 aliquid.
1524 1732 1755 1769 Sicmedicinae

426 1779 495 1815 finis
506 1782 549 1816 est
565 1778 680 1816 sanitas
695 1798 704 1825 ς
719 1792 818 1830 atque
832 1779 864 1814 id
875 1792 974 1816 omne
987 1792 1123 1830 propter
1138 1782 1226 1830 quod
1241 1779 1385 1817 effleffix
1400 1779 1491 1815 causa
1502 1782 1754 1830 operatur,idem

352 1828 426 1865 finis
445 1828 549 1865 habet
565 1833 738 1867 rationem.

389 1879 555 1927 Quocirca
573 1879 671 1915 finem
684 1880 815 1915 existere
831 1908 841 1922 ,
864 1891 933 1926 quae
959 1877 1042 1914 fiunt
1056 1882 1167 1915 omnia
1179 1906 1189 1922 ‚
1207 1891 1318 1927 aperte
1335 1877 1559 1914 demonstrant
1585 1890 1593 1910 :
1612 1889 1689 1912 nam
1700 1877 1752 1913 su.

353 1927 445 1963 blato
468 1927 532 1964 fine
546 1931 652 1964 omnis
675 1931 762 1964 actio
779 1928 906 1963 tollitur
919 1954 929 1969 ,
959 1939 997 1961 ac
1011 1927 1129 1963 cessant
1141 1931 1262 1967 omnia.
1278 1928 1369 1975 Quid
1388 1927 1476 1962 enim
1494 1924 1591 1960 causae
1615 1928 1676 1961 erit
1694 1939 1750 1962 cut

355 1990 417 2012 una
429 1979 518 2014 aCtio
535 1977 592 2014 fiat
612 1979 722 2027 potius
737 1977 838 2026 quam
855 1974 979 2018 altera,
999 1973 1020 2011 fi
1042 1975 1142 2012 finem
1158 2005 1169 2020 ,
1188 1989 1243 2013 aut
1264 1980 1390 2027 agentis
1409 1977 1623 2011 intentionem
1654 1974 1750 2012 sustu-

356 2026 429 2061 letis
447 2038 457 2064 ξ

391 2076 478 2112 Cum
491 2087 601 2112 autem
619 2075 650 2110 id
663 2074 736 2111 finis
748 2078 909 2112 vocitetur
920 2105 930 2121 ‚
951 2076 1040 2125 quod
1054 2088 1111 2119 per
1126 2075 1157 2111 se
1169 2078 1330 2125 expetitur
1343 2106 1352 2119 ‚
1377 2074 1477 2122 idque
1491 2086 1546 2110 aut
1566 2074 1688 2109 bonum
1698 2073 1750 2119 fit,

354 2137 409 2161 aut
422 2138 508 2161 certe
523 2125 604 2161 boni
613 2125 752 2174 speciem
773 2126 884 2161 induat
897 2155 906 2170 ,
925 2123 1043 2161 merito
1052 2124 1103 2162 hic
1118 2128 1269 2173 quaetitur
1286 2138 1325 2161 an
1341 2124 1466 2160 bonum
1486 2131 1518 2162 &
1534 2123 1605 2160 finis
1627 2125 1671 2158 ita
1688 2121 1748 2159 fint

355 2178 517 2224 reciproca
535 2204 545 2221 ‚
569 2187 604 2211 ut
623 2187 722 2211 omne
732 2175 820 2224 quod
832 2173 956 2211 bonum
970 2176 1017 2210 est
1030 2202 1036 2212 ‚
1050 2176 1136 2210 idem
1153 2174 1225 2211 finis
1237 2173 1358 2212 habeat
1366 2175 1538 2219 rationem,
1549 2185 1586 2210 ac
1597 2170 1744 2210 viciffim.

904 2251 1008 2285 Vnica
1020 2249 1191 2296 Conclusio.

388 2323 512 2359 Bonum
522 2330 554 2361 δέ
564 2324 634 2360 finis
650 2337 717 2361 non
730 2334 974 2361 convertuntur.

383 2371 477 2408 Proh.
494 2375 653 2421 conclusto.
683 2375 785 2423 Qod
805 2372 929 2412 tantam
951 2374 1031 2412 utile
1050 2373 1094 2410 est
1110 2373 1151 2410 ad
1167 2371 1285 2417 finem,
1313 2381 1367 2409 aut
1394 2374 1482 2422 quod
1502 2384 1656 2423 tanquam
1670 2377 1742 2417 meg·

1852 1638 1856 1666 --
1855 1596 1857 1603 o
1850 1482 1857 1577 ..A--*
1847 1330 1857 1467 *Ut—4
1853 1190 1857 1318 „--..—
