1857 2745
376 143 416 182 96
711 131 778 166 DE
816 126 1413 168 UNIVERSALIBUS·

376 196 481 235 parur.
496 178 675 218 Hincillud
685 177 933 228 pervulgatum,
950 180 1077 228 Species
1098 179 1200 228 digna
1219 181 1360 228 imperio.

419 242 464 270 20.
500 234 563 267 Pro
589 230 730 278 imagine
741 257 751 272 ‚
769 238 827 263 aut
837 226 1046 263 similitudine
1059 257 1069 272 ,
1083 241 1154 276 quae
1169 240 1237 263 rem
1256 228 1400 277 aliquam
1424 230 1585 279 exprimit.
1604 231 1683 279 Qo
1699 235 1781 283 qui-j

374 283 450 317 dem
467 280 568 315 modo
582 278 718 313 dicimus
732 290 782 313 res
798 277 945 329 intelligi
966 289 1025 328 per
1037 276 1157 327 species
1181 277 1333 326 quasdam
1356 295 1364 322 3
1383 291 1439 314 aut
1458 292 1631 328 corporum
1653 282 1785 332 species⁴

375 330 476 367 sensus
491 328 597 364 subire
610 358 620 373 ,
638 328 714 364 hinc
725 328 766 363 ad
780 330 1052 378 imaginationem
1059 327 1175 362 deduci
1186 334 1242 371 ‚.&
1257 328 1389 364 tandem
1405 332 1509 364 menri
1522 332 1674 379 imprimi.

415 393 457 426 3⁰·
483 382 535 417 Ut
552 377 631 413 alias
646 379 777 414 mittam
795 378 888 426 hujus
901 380 991 414 vocis
1009 379 1218 426 acceptiones
1237 407 1246 422 ,
1265 390 1339 426 quae,
1361 379 1401 413 ad
1425 378 1610 416 institutum
1625 382 1785 418 nostrum*-

374 444 443 468 non
463 430 631 479 pertinent
644 457 654 472 ,
673 428 793 476 species
811 428 831 464 a
842 427 1044 477 Philosophis
1057 429 1214 476 accipitur
1235 441 1295 477 pro
1308 440 1423 463 natura
1437 458 1448 474 ,
1467 433 1662 477 quaegeneri
1677 430 1773 480 subji-

382 482 466 515 citur
480 479 603 513 directe
620 483 655 515 δε
666 478 862 513 immediate.

412 531 525 576 Atque
546 528 622 563 hinc
641 527 775 577 vulgata
792 527 968 576 specierum
979 525 1077 563 fluxit
1091 525 1213 568 divisio
1228 529 1261 562 in
1276 526 1396 576 species
1419 526 1614 565 subalternas
1628 559 1638 574 ,
1652 531 1705 566 seu
1723 533 1777 567 in.

378 580 531 629 tene-stas
562 582 597 615 ὃς
630 576 774 613 infimas..
809 578 941 626 Species
956 574 1139 612 subalterna
1152 579 1198 612 ita
1218 577 1261 612 est
1286 576 1407 626 species
1420 605 1429 620 ‚
1444 588 1480 611 ut
1493 576 1529 613 fit
1547 582 1646 615 etiarn
1663 593 1788 629 genus..

376 629 431 664 Sic
449 626 572 664 animal
583 627 625 662 est
639 625 756 676 species
775 625 1083 674 respe&u,viventis
1093 655 1103 671 ‚
1117 630 1170 661 cui
1185 624 1302 670 subest,
1316 626 1369 661 sed
1385 637 1486 675 genus
1496 627 1542 662 est
1553 640 1625 662 cum
1637 629 1775 665 homine

377 683 413 715 &
424 677 523 713 bruto
533 678 918 725 comparatumspecies
935 674 1049 712 infima
1068 676 1174 712 itaest
1189 676 1318 725 species,
1337 687 1374 712 ut
1389 689 1459 713 non
1477 676 1776 715 habeatcrationem

377 729 527 777 generis:
544 739 580 762 ut
594 726 696 762 homo
709 725 857 775 respectu
872 725 1017 762 Platonis
1033 728 1227 762 &Socratis.

413 779 459 813 Ex
475 780 511 812 iis
525 776 631 823 liquet
640 776 780 811 eandem
796 774 910 811 ser-iem
918 780 1128 824 generum&
1146 774 1353 824 specierum,
1370 786 1405 811 ut
1421 777 1621 825 categoriam
1631 775 1774 813 substan-

377 828 432 861 tiae
443 855 452 870 ‚
473 839 511 861 ex
524 839 588 862 una
599 837 690 874 parte
701 826 852 874 supremo
862 836 983 875 genere
994 853 1011 868 ‚,
1022 837 1102 873 v..g;
1110 823 1285 861 substantia
1298 854 1307 869 ‚
1325 838 1367 861 ex
1380 837 1472 874 parte
1495 826 1594 861 altera
1608 825 1713 875 specie
1727 827 1777 861 in-

376 875 455 911 fima
471 905 481 920 ,
494 887 530 911 ut
546 877 679 911 homine
690 905 700 919 ‚
714 879 762 910 ita
789 875 970 917 contineri,
990 885 1028 908 ut
1040 873 1198 921 quaesunt
1214 877 1384 926 interjecta
1397 904 1407 919 ,
1424 879 1458 912 δε
1471 874 1590 923 species
1604 881 1638 913 &
1655 887 1776 925 genera

378 926 443 959 dici
459 923 588 974 poffint.·
611 927 663 959 Sic
676 937 792 972 corpus
809 924 927 973 species
942 923 1091 957 eritcum
1105 922 1278 958 substantia
1290 936 1535 972 comparatum:
1553 924 1623 960 haec
1639 927 1727 961 enim
1742 927 1777 961 in

379 987 494 1022 corpus
509 973 699 1022 &spiritum
718 974 896 1017 dividitur3
911 971 964 1007 sed
980 983 1081 1021 genus
1100 975 1256 1007 eritcum
1272 974 1372 1021 gradu
1394 972 1451 1007 fibi
1473 972 1639 1023 subjecto,
1655 986 1777 1023 nempe

380 1026 523 1059 viventis
538 1022 693 1059 collatum
711 1037 718 1058 :
736 1023 886 1059 estenim
904 1033 1020 1069 corpus
1036 1033 1093 1055 aut
1108 1024 1297 1065 animatum,
1319 1021 1374 1056 seu
1383 1025 1498 1058 vivens
1512 1035 1597 1068 ‚aut
1610 1026 1776 1059 inanima-

388 1084 467 1108 tun]-

415 1123 546 1169 Species
557 1119 668 1155 infima
682 1119 728 1154 est
738 1119 768 1153 id
782 1119 1070 1168 quod'praedicatur
1081 1120 1122 1154 de
1138 1118 1249 1154 multis
1261 1133 1396 1156 numero
1411 1121 1635 1157 differentibus
1651 1123 1685 1158 in
1697 1121 1777 1170 quid

382 1170 557 1219 complete.
584 1173 665 1219 Qae
684 1167 836 1204 definitio
846 1171 936 1204 exiis
947 1181 1020 1218 quae
1030 1170 1070 1204 de
1082 1180 1201 1219 genere
1211 1169 1348 1205 diximus
1358 1200 1367 1214 ,
1387 1170 1485 1206 facile
1505 1171 1712 1219 intelligitur.

411 1222 491 1254 Haec
505 1221 616 1267 utique
631 1218 650 1253 s
667 1221 749 1253 ecies
763 1217 818 1255 vel
833 1230 909 1253 cum
921 1231 1060 1269 genere,
1077 1220 1130 1253 cui
1148 1216 1252 1252 subest
1267 1248 1277 1262 ‚
1292 1231 1516 1268 comparatur3
1536 1220 1588 1256 vel
1606 1233 1679 1255 cum
1692 1220 1778 1256 indi-

381 1269 485 1303 viduis
497 1299 507 1313 ‚
530 1270 571 1303 de
587 1233 705 1315 quilius
722 1268 919 1316 praedicatur.
938 1270 1040 1304 Priori
1060 1271 1185 1303 ratione
1200 1266 1398 1305 confiderata
1423 1270 1540 1305 dicitur
1566 1269 1776 1318 subjicibili55

382 1319 549 1367 posteriori
560 1330 638 1352 vero
655 1318 756 1352 modo
769 1315 911 1365 spectata
924 1317 1134 1367 praedicabilis
1149 1319 1345 1353 nominatur.

420 1370 582 1415 Qiaerunt
594 1367 741 1401 hocloco
751 1379 793 1402 an
803 1366 933 1416 species,
949 1379 983 1403 ut
992 1368 1106 1411 homo,
1122 1366 1157 1401 [it
1169 1366 1351 1402 universalis
1368 1396 1378 1411 ,
1394 1379 1555 1414 quatenus
1567 1370 1680 1418 generi
1694 1381 1722 1403 v.
1741 1382 1774 1410 ρ)

381 1418 514 1453 animali
531 1415 657 1459 subest3
677 1429 718 1452 an
736 1419 862 1464 potius,
880 1429 916 1452 ut
928 1417 968 1451 de
987 1417 1160 1452 individuis
1174 1416 1371 1464 praedicatur.
1396 1420 1480 1467 Qae
1492 1419 1628 1466 quidem
1642 1411 1777 1467 quaestio

383 1469 467 1501 exiis
488 1479 558 1516 quae
574 1464 667 1514 supra
679 1466 819 1501 diximus
830 1495 841 1511 ‚
859 1466 957 1501 facile
970 1466 1315 1514 dirimitur..Sitigitur

785 1549 971 1584 Picum».
1021 1548 1387 1585 Cornetusxo.

717 1629 845 1680 Species
859 1640 896 1665 ut
907 1627 1105 1677 fitbjicibilc‘s
1129 1644 1190 1666 non
1207 1630 1248 1676 est
1257 1630 1456 1677 univerfizlis.

430 1712 594 1749 Probatur
601 1710 967 1753 conclusio.Universale
979 1724 1081 1748 unum
1094 1711 1257 1760 est'apturn
1277 1709 1337 1746 esse
1349 1712 1383 1744 in
1400 1709 1511 1745 multis
1527 1740 1537 1756 ‚
1552 1725 1609 1749 aut
1621 1716 1778 1763 praedica;

383 1762 572 1798 ridemultis
596 1776 602 1797 :
625 1764 676 1797 At*
690 1761 809 1811 species
825 1791 835 1806 ,
850 1773 1015 1811 quatenus
1037 1759 1179 1810 subjacet
1203 1762 1414 1811 generi,non
1427 1758 1530 1796 multa
1546 1790 1556 1806 ,
1592 1763 1644 1799 sed
1674 1778 1776 1802 unum

383 1813 537 1847 duntaxat
557 1811 682 1860 respicit
698 1830 705 1855 3
724 1825 831 1860 neque
851 1812 894 1847 est
911 1813 946 1848 in
966 1810 1135 1861 pluribus:
1153 1813 1238 1861 Ergo
1250 1808 1366 1846 sub-eo
1378 1808 1542 1858 tespe&u‚
1563 1812 1775 1851 nullomodo

380 1864 540 1898 rationem
553 1860 651 1896 habe:
670 1861 878 1899 universalis„

423 1912 507 1960 Opp.
526 1913 656 1960 Species
671 1924 707 1946 ut
716 1914 827 1958 generi
844 1910 1027 1958 subjicitur,
1041 1923 1110 1944 non
1131 1908 1177 1944 est
1196 1909 1361 1958 singularis
1376 1922 1383 1943 :
1400 1911 1484 1959 Ergo
1503 1909 1554 1945 est*
1572 1911 1775 1952 universalis:

385 1960 558 2010 praesertim
577 1972 651 1994 cum
666 1972 705 1994 ea
718 1962 845 1994 ratione
858 1957 894 1993 sit
905 1959 1023 2007 species
1033 1988 1042 2003 ‚
1058 1970 1159 2006 atque
1172 1960 1256 1995 adeo
1267 1957 1464 1995 universalis,

418 2011 499 2057 Κεφ.
524 2010 608 2046 Dist.
622 2009 750 2056 conseq.
762 2011 892 2057 Species
906 2019 941 2042 ut
957 2006 1100 2058 subjecta
1112 2011 1225 2056 generi
1237 2008 1282 2043 est
1302 2007 1486 2044 universalis
1499 2011 1722 2055 materialiter,
1733 2012 1774 2050 C.

381 2059 580 2101 formaliter,
597 2061 640 2095 N.
652 2061 781 2094 Natura
792 2059 882 2093 enim
895 2057 1040 2093 humana
1054 2056 1229 2094 secundum
1244 2058 1273 2093 se
1287 2056 1432 2106 speCRata
1443 2088 1452 2101 ,
1469 2071 1504 2094 ut
1519 2061 1653 2096 animali
1669 2060 1776 2109 subje-

385 2111 436 2145 έὶι
456 2113 519 2153 jam
551 2109 597 2143 est
615 2108 868 2144 fundamentum
879 2137 889 2151 ‚
913 2111 946 2143 δέ
961 2107 1050 2142 velut
1065 2110 1213 2151 materia,
1229 2121 1301 2155 quse
1315 2106 1591 2145 universalitatem
1605 2112 1747 2157 excipiet
1762 2139 1774 2155 ‚

384 2172 458 2193 cum
467 2159 506 2192 ad
520 2158 677 2194 inferiora
688 2157 752 2193 rest
762 2170 846 2192 retur
858 2171 866 2193 :
881 2155 931 2191 sed
943 2171 1011 2193 non
1027 2157 1073 2191 est
1085 2156 1267 2192 universalis
1282 2187 1291 2201 ‚
1305 2169 1342 2192 ut
1352 2156 1459 2192 subest
1469 2161 1594 2204 generi,
1608 2170 1708 2206 atque
1718 2188 1727 2203 ,
1737 2171 1774 2195 ut

384 2208 558 2251 loquuntur
574 2208 823 2257 reduplicative:
842 2208 985 2255 utjuiex
998 2207 1136 2242 inferior
1148 2208 1378 2243 authoritatem
1387 2219 1456 2241 non
1471 2207 1573 2242 habet
1584 2219 1622 2242 ex
1632 2219 1672 2242 eo
1683 2209 1774 2257 quod

384 2256 403 2290 a
414 2255 463 2302 sus
471 2260 561 2292 eriori
574 2259 676 2306 pende
684 2271 731 2301 at,
741 2256 791 2291 sed
801 2268 836 2293 ut
846 2255 936 2306 plebi
947 2256 1129 2293 oraeficitur.

438 2306 568 2342 lusiam.
588 2310 715 2343 Natura
730 2307 776 2341 est
794 2304 976 2343 universalis
991 2318 1148 2355 quatenus
1158 2319 1226 2342 non
1239 2304 1375 2342 includit
1390 2305 1610 2343 differentiam
1628 2309 1773 2344 numeri..

385 2365 455 2386 cam
474 2368 481 2388 :
503 2356 564 2389 Sed
581 2355 699 2392 species
726 2368 761 2392 ur
786 2355 968 2407 subjicibilis
995 2371 1062 2392 non
1079 2357 1213 2393 includit
1239 2355 1456 2392 differentiam
1482 2359 1774 2403 numericam‚aut

383 2396 632 2452 fingulaiitatem
644 2410 745 2456 :Ergo
754 2405 810 2445 sub
829 2420 867 2445 ea
878 2410 1003 2446 ratione
1013 2406 1132 2457 species
1146 2407 1193 2444 est
1206 2402 1401 2444 universalis.
1721 2455 1754 2501 s

1683 2457 1728 2489 Re
1741 2465 1773 2501 p,
