1857 2745
433 137 491 177 236
907 130 1348 169 PHILOSOPH1A

434 182 615 216 tentionem
632 181 684 221 35.
703 179 855 227 Gregorii
865 177 1000 227 Nyffeni
1013 182 1067 226 qui
1082 180 1101 214 l.
1119 181 1158 215 de
1176 180 1308 228 opificio
1321 181 1460 216 hominis
1478 179 1548 215 haec
1563 179 1664 216 habet
1685 195 1693 218 ε
1718 194 1819 224 nemo.

432 231 549 275 inquit,
566 229 599 260 in
609 230 683 260 vita
692 229 821 275 proruit
833 257 836 263 ,
849 228 909 272 mfi
918 229 1071 273 ineftatus
1078 230 1182 278 specie
1201 229 1314 275 aliqua
1333 228 1493 265 bonitatis.
1515 231 1567 264 Sic
1590 231 1779 279 Augustinus
1795 232 1818 268 l-

432 291 460 314 2·
470 273 600 311 confesti
622 287 658 308 ne
668 276 729 323 ips&
745 277 848 324 igitur
861 277 1009 312 Catilina
1027 279 1398 324 amavitfacinorasua,
1406 278 1469 325 sed
1487 281 1597 325 utique
1625 282 1717 315 aliud
1732 285 1822 328 cujus

430 323 529 360 causa}
541 324 601 357 illa
604 323 764 369 faciebat.

474 372 664 411 Aristoteles
678 374 765 409 idem
782 373 894 422 pamm
912 374 1030 410 docet:
1045 387 1082 409 ac
1092 373 1265 424 praesertim
1285 389 1360 411 curn
1374 374 1623 412 definitbonum
1633 376 1665 410 id
1676 378 1763 424 quod
1773 378 1822 414 est

428 421 606 474 appetibile
618 451 628 466 ‚
647 423 851 459 manifestum
869 423 970 467 facit,
989 423 1110 460 malum
1131 423 1196 472 qu&
1210 426 1330 461 malum
1338 428 1448 474 appeti
1458 437 1522 459 non
1542 425 1637 473 polse.
1658 428 1746 462 Hinc
1761 426 1820 470 l.8,

427 474 532 510 EthiC.
549 485 576 507 e.
588 487 616 508 2.
626 474 708 506 Non
722 487 809 508 omne
821 502 831 517 ‚
855 474 976 521 inquit,
986 484 1115 508 amatur
1130 501 1138 512 ,
1150 474 1212 519 fid
1225 485 1349 509 tantum
1362 473 1499 509 amabile
1517 489 1525 508 ς
1551 475 1637 509 illud
1652 486 1757 510 autem
1780 475 1822 521 est

428 524 485 557 vel
497 521 654 565 honestum
668 549 679 564 ,
699 523 756 556 vel
769 523 947 565 jucundum
959 550 968 561 ‚
995 523 1052 556 vel
1061 524 1151 558 utile.
1174 524 1218 558 Ex
1235 523 1353 572 quibus
1368 524 1429 559 hoc
1447 521 1659 559 firmiffirnum
1677 526 1746 558 erui
1758 537 1822 573 po-

428 572 486 608 test
506 582 740 620 argumentum.
1555 586 1558 587 ⁷
1817 615 1819 617 ι

457 635 484 657 1.
493 619 595 658 Nulla
607 619 743 656 facultas
753 631 845 655 extra
857 620 944 655 suum
955 619 1126 668 objectum
1140 650 1150 664 ‚
1181 634 1219 656 ex
1236 635 1302 670 quo
1315 621 1402 657 suam
1414 619 1550 655 desumit
1559 620 1697 669 speciem
1707 651 1721 667 ,
1739 623 1819 660 fetri

425 670 533 719 potest
549 688 558 713 3
570 668 610 704 fic
625 668 704 705 visus
719 669 800 705 nihil
813 668 870 704 nifi
882 669 1005 706 visibile
1017 698 1026 712 ,
1046 682 1102 705 aut
1116 670 1238 706 lumine
1249 670 1426 720 perfusum3
1438 670 1562 705 auditus
1572 670 1653 706 nihil
1662 671 1717 707 nifi
1729 673 1818 709 idem

424 718 688 768 sonorumpotest
701 721 861 769 attingere
879 735 886 756 :
908 719 970 754 Sed
985 718 1154 765 objectum
1166 721 1330 769 appetitus
1344 721 1390 754 est
1401 718 1580 767 appetibile
1590 749 1599 763 ‚
1620 719 1672 756 seu
1682 720 1821 763 bonum:

425 781 502 817 ergo
514 768 615 804 nullus
625 771 788 817 appetitus
797 781 874 813 ‚aut
890 767 1116 803 intelleitualis
1125 798 1134 812 ‚
1156 767 1209 803 seu
1222 769 1372 804 voluntas
1385 780 1457 812 3aut
1470 767 1743 812 sentiens‚malum
1753 771 1818 819 qu&

425 817 547 853 malum
563 819 665 867 potest
678 830 833 865 appetere
849 847 858 860 ,
885 829 940 853 aut
955 817 1080 853 bonum
1089 818 1155 865 quii
1173 816 1296 854 bonum
1314 816 1421 853 odisse.

461 866 614 913 Confirm.
639 866 870 915 Utobjectum
891 866 1077 902 intelleokfis
1098 867 1145 902 est
1160 879 1273 903 verum
1292 897 1301 911 ‚
1328 865 1368 901 sic
1388 866 1554 914 objectum
1571 865 1747 902 voluntatis
1772 867 1816 902 est

424 915 568 952 bonum:
585 917 740 965 quodque
753 917 796 951 est
809 918 840 951 in
853 915 921 964 ipso
945 916 1111 951 intelleetu
1120 914 1251 951 assensus
1269 922 1303 952 ὃ(
1315 914 1462 951 distensus
1481 944 1491 958 ,
1518 913 1572 949 seu
1592 914 1765 950 affirmatio
1779 922 1815 953 δε

421 967 573 1014 negatio,
591 967 654 1001 hoc
674 965 775 1014 ipsum
786 966 829 1000 est
843 967 874 1000 in
890 964 1057 1001 voluntate
1073 963 1253 1012 prosecutio
1269 971 1302 1002 δε
1314 964 1396 1012 fuga
1409 993 1419 1008 ,
1434 976 1525 999 amor
1541 963 1593 997 vel
1609 964 1741 999 odium:
1761 964 1815 1003 sed

423 1014 607 1050 intellectus
621 1014 763 1049 alsentiri
781 1028 848 1050 non
862 1014 968 1062 potest
988 1013 1068 1049 falso
1081 1042 1090 1056 ,
1107 1024 1143 1048 ut
1167 1012 1245 1047 falso
1263 1019 1296 1049 δε
1311 1015 1442 1061 cognito
1465 1027 1472 1047 :
1501 1025 1578 1061 ergo
1600 1025 1665 1048 nec
1694 1012 1823 1057 volunff

424 1074 471 1097 tas
482 1063 605 1099 malum
620 1062 783 1111 amplecti.
802 1065 899 1098 Mens
910 1063 1043 1108 quidem
1060 1061 1166 1109 potest
1182 1061 1297 1095 falsum
1310 1063 1472 1109 percipere
1486 1090 1496 1104 ‚
1527 1073 1583 1095 aut
1607 1061 1787 1110 intelligere
1802 1077 1811 1099 ε

422 1123 498 1148 nam
514 1110 645 1158 simplex
656 1112 822 1158 perceptio
833 1108 985 1145 affensum
1002 1121 1135 1144 ornnem
1149 1112 1315 1157 praevertit
1329 1124 1336 1145 z
1349 1109 1399 1143 sed
1416 1109 1591 1145 voluntatis
1602 1109 1688 1144 nulla
1700 1112 1742 1145 est
1760 1123 1814 1147 ac-

422 1162 470 1195 tio
480 1189 489 1203 ,
506 1172 576 1208 quae
588 1159 846 1207 prosecutionem
862 1163 897 1195 ὅ(
911 1159 1020 1207 fugam
1033 1161 1207 1207 praeveniat
1219 1160 1320 1195 Unde
1330 1170 1402 1193 eam
1411 1157 1534 1194 bonu'm
1550 1158 1636 1193 velle
1648 1188 1657 1202 ‚
1671 1165 1705 1196 δι
1721 1159 1811 1196 nolle

421 1210 544 1245 malum
561 1209 693 1243 dicimus
714 1221 722 1242 :
739 1221 816 1242 -cum
830 1220 923 1243 mens
939 1219 1050 1243 verum
1065 1213 1098 1252 ἃ(
1113 1206 1224 1242 falsum
1239 1207 1419 1256 intelligat,
1441 1219 1495 1242 aut
1506 1206 1684 1256 cognoscat.
1706 1209 1810 1254 Qod

420 1258 556 1305 quidem
573 1258 617 1291 est
635 1257 888 1300 advertendum,
910 1270 949 1292 ne
959 1257 1153 1294 voluntas&
1166 1256 1350 1292 intellectus
1376 1257 1461 1291 male
1484 1259 1567 1292 inter
1591 1255 1621 1291 se
1637 1258 1810 1294 conferan-

423 1320 481 1350 tur.
497 1310 586 1343 Nam
607 1308 710 1341 omnis
725 1306 856 1354 quidem
874 1308 990 1341 mentis
1006 1307 1149 1348 functio,
1176 1317 1233 1340 aut
1248 1308 1392 1354 cognitio
1404 1334 1414 1348 ,
1431 1318 1486 1340 aut
1505 1305 1684 1341 intellefflo
1700 1310 1808 1343 nomi-

420 1368 512 1391 natur
525 1385 533 1399 ‚
547 1369 613 1391 non
629 1358 708 1390 item
719 1357 824 1390 omnis
838 1354 1013 1391 voluntatis
1024 1357 1110 1390 :ustio
1124 1354 1168 1390 est
1180 1354 1283 1390 velle:
1298 1368 1372 1390 cum
1382 1360 1415 1390 &
1433 1354 1511 1389 velit
1531 1353 1654 1389 bonurn
1666 1384 1676 1398 ‚
1697 1361 1730 1392 &
1749 1370 1808 1391 no-

420 1404 459 1439 lit
475 1404 595 1440 malum
617 1422 625 1447 3
643 1407 676 1439 in
697 1403 776 1438 illud
792 1404 936 1447 feratur,
955 1404 1018 1439 hoc
1036 1405 1184 1453 refugiat.

454 1455 519 1488 His
534 1453 702 1488 intellectis
715 1452 841 1488 facilius
852 1452 967 1487 multas
984 1452 1236 1488 adversariorum
1247 1454 1469 1489 cavillationes
1481 1453 1680 1501 effugiemus.
1694 1454 1756 1488 Sed
1771 1459 1806 1491 &

417 1501 493 1537 illud
506 1514 635 1549 quoque
649 1502 882 1536 advertendum
894 1530 903 1543 ‚
922 1500 1044 1537 malum
1055 1501 1133 1537 sumi
1150 1501 1236 1550 poffe
1252 1502 1306 1538 vel
1329 1502 1556 1545 materialiter,
1577 1513 1612 1536 ut
1626 1504 1713 1537 aiunt
1724 1531 1733 1546 ‚
1743 1515 1804 1551 pro

418 1553 548 1586 adtione
564 1549 627 1598 ipsa
639 1563 711 1597 quae
723 1549 882 1584 malitiam
896 1548 998 1584 habet
1009 1550 1195 1599 adjunclam
1219 1566 1227 1587 :
1256 1556 1340 1599 cujixs
1366 1553 1492 1601 generis
1522 1550 1592 1586 sunt
1618 1550 1803 1600 voluptates

417 1598 583 1635 sensuum:
611 1610 745 1646 tumque
764 1601 875 1647 appeti
900 1600 1003 1646 potest
1025 1612 1184 1647 quatenus
1202 1601 1376 1649 jucundum
1395 1601 1545 1643 videtur,
1565 1611 1620 1635 aut
1640 1600 1742 1644 utile,⁴
1765 1612 1803 1636 ac

417 1649 557 1696 speciem
570 1649 670 1682 induit
689 1647 766 1683 boni
781 1663 788 1684 ε
805 1659 841 1683 ut
854 1646 933 1687 falso
955 1647 1093 1697 persaepe
1109 1648 1293 1684 arsentimur
1308 1678 1317 1692 ,
1338 1650 1427 1697 quod
1441 1648 1641 1683 verihabeat
1658 1648 1804 1686 [imilitu-

417 1700 533 1733 dinem.
552 1699 596 1732 At
620 1695 641 1731 fi
661 1697 783 1732 malum
797 1696 925 1745 praecise
941 1708 977 1731 ut
1000 1698 1123 1732 malum
1140 1699 1199 1741 est,
1217 1697 1374 1745 sperfitetur
1387 1728 1397 1742 ‚
1423 1697 1512 1733 nullo
1526 1698 1627 1732 modo
1644 1699 1674 1731 id
1689 1699 1800 1747 appeti

416 1747 538 1796 potest:
551 1748 667 1781 utinec
684 1745 763 1781 falso
778 1743 1081 1793 affentiriposs‘umus
1097 1775 1105 1789 ,
1129 1747 1195 1795 quo
1209 1747 1319 1781 falsum
1329 1748 1370 1781 est
1385 1764 1393 1791 3
1412 1760 1473 1782 nec
1491 1745 1614 1781 bonum
1629 1745 1774 1795 respuere
1787 1774 1799 1789 ,

398 1794 480 1845 qun
493 1794 635 1830 bonum:
653 1794 728 1829 cum
740 1808 777 1828 ea
789 1797 915 1830 ratione
929 1793 965 1829 fit
975 1795 1153 1844 appetibile
1169 1802 1200 1833 δε
1215 1796 1397 1845 perficiens.

448 1848 491 1880 Ex
507 1844 621 1891 quibus
635 1844 733 1879 multa
747 1843 826 1879 solvi
840 1841 966 1893 possunt
984 1851 1217 1893 argumenta‚&
1228 1858 1263 1879 ea
1275 1843 1475 1893 potiffimum
1490 1874 1500 1888 ,
1518 1857 1590 1890 quae
1601 1856 1639 1878 ex
1653 1844 1798 1879 authori-

414 1906 482 1929 tate
497 1896 599 1928 Sacrae
614 1895 779 1940 Scripturae
792 1899 827 1930 &
840 1895 1033 1928 Sanctorum
1047 1896 1176 1928 Parrum
1194 1894 1441 1939 depromuntur,
1463 1892 1579 1939 quibus
1600 1888 1685 1926 effici
1705 1893 1797 1928 vide-

415 1956 465 1978 tur
483 1941 601 1977 malum
627 1942 692 1988 quii
704 1941 823 1976 nulum
833 1939 1038 1989 appetiposs‘e
1052 1955 1059 1975 :
1074 1954 1110 1976 ut
1127 1941 1204 1975 illud
1223 1940 1382 1975 Geneseos
1403 1944 1432 1976 8.
1453 1941 1537 1985 quod
1548 1943 1794 1987 pronlfisntsbn-

404 1995 459 2038 fis
477 1992 610 2025 hominis
619 1990 659 2024 ab
669 1991 877 2035 adolescentia
894 1993 925 2024 in
939 1990 1058 2023 malum
1074 2016 1079 2025 .
1103 1990 1239 2032 hocest,
1262 1993 1295 2024 in
1321 1989 1502 2036 volupmtes
1521 2001 1592 2035 quae
1610 1988 1796 2027 senliismo.

414 2053 501 2076 vent.
525 2042 577 2074 Sic
590 2039 675 2075 locus
696 2037 893 2086 illejob.14.
911 2037 1136 2087 intelligendus
1149 2039 1191 2073 est
1205 2039 1245 2073 de
1258 2041 1294 2072 iis
1313 2037 1468 2084 quiquafi
1478 2038 1516 2070 de
1533 2037 1689 2082 industria
1701 2042 1812 2086 νεαρ,

400 2093 513 2136 serunt
523 2087 543 2122 ὰ
554 2091 646 2122 Deo:
663 2099 780 2135 nempe
793 2098 829 2122 ut
842 2086 1029 2122 libidinibus
1044 2086 1101 2121 suis
1113 2088 1275 2124 servirent.
1293 2090 1374 2124 Non
1387 2085 1527 2122 diffimissi
1546 2088 1670 2121 ratione
1690 2087 1792 2136 expli-

411 2141 475 2173 cari
490 2136 590 2172 debet
609 2139 690 2184 Aug.
706 2136 778 2170 loco
796 2138 916 2179 citato,
937 2149 1011 2171 cum
1025 2134 1065 2170 fic
1077 2135 1219 2184 loquitur
1242 2151 1250 2173 ε
1269 2138 1388 2184 ῼιμβ,
1418 2136 1555 2169 Domine
1567 2164 1574 2174 ‚
1605 2135 1688 2180 quid
1698 2149 1746 2170 me
1761 2139 1794 2171 in

399 2187 493 2230 furto
508 2187 712 2220 delemwnw
726 2186 740 2215 ?
758 2190 791 2221 ὃ(
804 2184 866 2219 alia
877 2186 908 2219 id
920 2198 1019 2232 genus
1034 2184 1188 2232 plurima,
1209 2189 1240 2221 in
1255 2185 1371 2232 quibus
1391 2197 1456 2218 non
1475 2183 1550 2218 lucri
1569 2183 1688 2218 utilitas
1701 2213 1712 2228 ,
1737 2184 1791 2220 sed

411 2237 580 2270 ostentatio
590 2234 749 2270 libertatis
759 2234 976 2270 autindustriae
986 2263 996 2278 ‚
1011 2246 1067 2269 aut
1079 2235 1187 2283 aliqua
1198 2234 1372 2270 delefilzatio
1386 2262 1395 2277 ‚
1414 2232 1465 2267 vel
1477 2232 1594 2280 species
1614 2232 1690 2268 boni
1700 2246 1791 2282 quoe-

413 2287 499 2318 ntur.

447 2331 528 2366 Illud
539 2332 678 2379 denique
689 2332 925 2368 observandum
941 2333 983 2367 cst
994 2362 1003 2376 ,
1029 2332 1149 2368 malum
1164 2344 1221 2366 nos
1234 2331 1395 2366 interdum
1412 2342 1565 2379 appetere
1583 2343 1650 2365 non
1670 2329 1786 2374 nobis,

414 2380 466 2417 sed
486 2380 579 2424 aliisp
601 2393 666 2428 quo
690 2383 821 2431 quidem
840 2384 941 2420 modo
961 2385 994 2418 S.
1010 2383 1182 2419 Bernardus
1208 2382 1303 2416 docet
1316 2380 1477 2416 daemones
1493 2391 1646 2429 appetere
1664 2378 1785 2415 malum
