1857 2745
332 183 396 220 effe
416 184 552 231 aliquod
569 183 642 231 post
654 184 736 219 hanc
746 186 850 219 vitam
866 184 1026 232 judicium
1038 211 1047 224 ‚
1067 195 1108 217 nc
1124 194 1179 218 aut
1198 181 1325 230 insignis
1344 178 1539 229 improbitas
1560 178 1624 218 fine
1641 195 1738 232 poena

333 245 389 267 aut
410 245 526 280 magna
549 236 651 266 virtus
672 232 734 267 sint·
760 232 875 267 solatio
893 236 1092 280 piaemioque
1115 243 1258 267 maneat.
1279 234 1422 277 Eamque
1446 230 1654 267 traditionem
1668 247 1736 269 non

332 282 435 317 niodo
448 281 566 329 probat
577 294 615 316 ex
629 281 831 330 Pliilosophis
848 284 981 324 Graecis,
996 281 1199 328 Pherecyde‚
1212 280 1397 328 Pythagora
1413 308 1422 322 ‚
1440 279 1577 315 Platone
1591 307 1600 320 ‚
1612 283 1737 317 Anaxa-

332 343 431 379 gora,
448 343 483 365 ut
500 333 578 365 alios
598 343 766 375 omittam,
779 330 830 366 sed
847 334 948 365 etiam
964 343 1002 365 ex
1015 330 1180 365 veteribus
1192 330 1320 367 Gallis,
1335 330 1416 363 teste
1433 327 1558 364 Caesate
1576 328 1632 366 lib.
1648 337 1678 366 6.
1697 333 1738 366 de

334 379 428 416 Bello
440 379 524 415 Gall.
543 380 630 415 Indis
643 379 713 429 ipsis
730 393 813 427 quos
823 381 1037 416 Brachmanes
1049 391 1170 414 vocant
1182 407 1192 422 ,
1202 380 1241 413 de
1253 377 1369 424 quibus
1385 378 1503 412 Strabo
1520 376 1573 412 lib.
1587 382 1739 425 15.⁷Hanc

335 432 442 464 vitam
455 431 606 476 inquiunt
620 458 624 465 ,
640 428 883 477 habendamaeffe
897 429 987 476 quast
999 442 1104 465 recens
1131 431 1268 477 concepti
1278 427 1521 472 foetnsstatum:
1540 439 1670 462 mortem
1681 442 1737 463 ve-

337 492 371 514 ro
388 489 519 527 partum
532 480 583 524 ess}
596 477 641 512 ad
658 492 726 512 eam.
745 491 806 526 quae
822 491 895 512 vere
913 481 985 512 vita
999 479 1039 524 est
1052 506 1067 521 ,¹
1079 479 1239 527 planeque
1261 475 1386 510 beatam
1400 504 1407 513 ,
1426 475 1594 521 iisscilicet
1612 481 1668 523 qm·
1683 480 1737 523 fh-

334 528 609 576 pientiamscflati
619 526 755 572 fuerint.
768 531 810 564 Ex
836 526 906 576 ipfis
917 530 1092 576 AEgypriis,
1111 526 1192 561 teste
1206 526 1381 561 Herodoto
1402 553 1412 568 ,
1427 536 1466 558 ex
1487 524 1679 570 Thracibus,
1695 528 1735 562 de

334 575 453 623 quihus
467 575 665 613 Melalib.2.
681 576 748 612 Alii
762 577 918 612 redituras
936 589 1050 625 putant
1064 578 1188 612 ani-mas
1206 574 1424 618 obeuntium5
1444 573 1500 608 alii
1522 573 1577 608 etsi
1598 588 1666 611 non
1685 588 1737 609 re..

336 626 438 660 deant
448 655 457 668 ,
472 639 539 662 non
550 627 697 675 extingui
709 638 819 662 tamen
831 655 841 669 ‚
854 625 906 661 sed
918 627 958 661 ad
972 625 1123 661 beatiora
1133 623 1271 661 transite.
1286 624 1441 659 Eamdem
1451 622 1512 658 effe
1526 623 1736 661 traditionem

336 674 376 709 de
391 674 513 722 judicio
526 675 639 710 divino
656 675 742 723 apud
754 677 887 711 Graecos
900 705 911 719 ‚
920 679 1092 725 AEgyptios
1103 704 1112 719 ‚
1136 675 1233 710 Indos
1247 671 1377 716 Strabo,
1390 675 1557 721 Diogenes
1573 675 1717 709 La'c'rtius
1726 704 1736 718 ‚

333 723 525 760 Plutarchus
540 723 670 760 docent.
686 725 776 760 Hinc
786 725 881 760 Plato
894 724 956 761 lib.
971 726 1012 760 de
1028 728 1117 774 Rep.
1135 726 1242 773 primo
1258 736 1265 758 ε
1285 724 1366 756 Cum
1378 725 1451 766 jam
1462 749 1470 760 ,
1491 723 1597 768 inquit
1613 752 1622 766 ,
1640 734 1736 772 prope

335 771 378 817 est
391 784 427 807 ut
443 775 514 820 quis
526 776 759 820 moriturumfe
775 784 885 823 putet,
904 786 977 808 tum·
989 785 1089 809 metus
1105 787 1173 808 eum
1192 785 1231 807 ac
1241 771 1426 817 sollicitudo
1435 769 1542 817 fitbit,
1564 772 1603 805 de
1617 771 1734 820 quibus

333 832 433 856 antea
448 835 508 856 non
528 821 710 867 instituerat
723 825 876 871 cogitare.
904 824 998 866 Quin
1021 830 1055 861 &
1073 824 1113 858 de
1139 822 1264 858 mundo
1282 819 1521 868 conflagratum
1549 831 1640 856 vetus
1666 833 1735 856 erat

335 871 479 908 traditio.
503 873 591 907 Hinc
605 873 727 907 Seneca
742 885 749 906 :
767 872 882 907 Sidera
887 872 1049 918 fideribus
1069 874 1231 907 incurrent
1244 899 1251 908 ‚
1268 869 1306 904 6*
1319 871 1401 902 omni
1405 868 1574 917 flagrante
1584 874 1734 909 materia,

336 933 396 954 uno
417 923 507 969 igne,
526 921 690 969 quidquid
703 933 785 956 nunc
802 935 843 956 ex
864 921 1006 970 disposito
1021 923 1104 957 lucet
1116 949 1130 961 ,v
1144 918 1340 955 ardebit.⁴Et
1357 929 1434 953 ante
1455 920 1613 954 Senecam
1628 919 1745 957 Ovid..

338 968 359 1005 l.
373 984 396 1005 ι.
415 972 560 1007 Metam.
754 1009 756 1011 ,

503 1023 576 1067 Effe
592 1034 715 1070 quoque
739 1022 772 1056 in
780 1022 865 1069 fatis
887 1021 1096 1068 reminiscitur
1110 1020 1217 1067 adfhre
1234 1029 1376 1070 tempus,

503 1070 578 1118 Qo
594 1083 681 1105 mare
694 1100 703 1114 ‚
718 1085 779 1119 quo
792 1072 889 1105 tellus
903 1099 912 1110 ‚
932 1080 1141 1119 correptaque
1165 1071 1255 1119 regia
1278 1071 1341 1106 caeli

504 1119 637 1152 Ardeat
649 1148 655 1158 ,
668 1120 707 1154 &⁹
726 1120 837 1154 mundi
856 1121 951 1154 moles
967 1121 1087 1168 opero-fh
1109 1117 1242 1155 laboret.

372 1178 395 1208 3.
419 1165 509 1199 Hinc
528 1168 611 1201 adeo
626 1167 720 1202 nobis
733 1181 819 1203 nova
837 1167 989 1203 succurrit
1013 1171 1096 1203 ratio
1110 1181 1148 1203 ex
1171 1166 1262 1216 ipsius
1283 1170 1468 1204 zeter-nitatis
1478 1181 1512 1203 ac
1529 1168 1640 1204 summi
1652 1168 1732 1204 boni

335 1215 538 1261 appetitione
553 1216 752 1265 deprompta·
771 1220 889 1263 Neque
899 1219 988 1251 enim
1003 1217 1139 1252 dubium
1148 1218 1193 1251 est
1205 1219 1285 1263 quin
1303 1221 1392 1253 Deus
1412 1218 1474 1253 hoc
1485 1217 1581 1253 nobis
1592 1218 1731 1254 felicita-

337 1265 377 1295 tis
397 1261 588 1298 defiderium
603 1264 792 1309 inseruerit,
816 1266 906 1312 quod
926 1265 1041 1300 inutile
1061 1277 1117 1300 aut
1130 1278 1252 1301 vanum
1266 1266 1325 1300 effe
1349 1279 1416 1302 non
1435 1268 1538 1315 potest
1551 1297 1560 1311 ‚
1582 1280 1642 1303 nec
1665 1267 1731 1302 fru-

338 1312 399 1345 stra
420 1324 543 1347 tantam
559 1310 676 1348 sciendi
694 1344 704 1357 ,
720 1320 754 1351 &
770 1317 916 1349 veritatis
931 1313 1162 1362 cognoscendae
1176 1315 1389 1362 cupiditatem
1400 1318 1431 1350 in
1451 1315 1547 1350 nobis
1562 1317 1729 1359 accendit,

335 1372 371 1393 ac
385 1372 491 1395 rerum
505 1365 653 1397 oninium
665 1375 816 1412 capacem
830 1365 977 1397 animum
989 1363 1088 1396 dedit·
1103 1363 1229 1410 Expleti
1242 1374 1352 1398 tamen
1364 1366 1388 1397 is
1400 1377 1469 1409 non
1478 1365 1580 1412 potest
1591 1394 1602 1409 ,
1619 1365 1726 1399 donec

335 1412 477 1457 corporis
499 1411 635 1446 vinculis
651 1411 769 1446 solutus
788 1411 897 1448 fuerit.

375 1459 442 1494 Soli
454 1460 578 1495 homini
591 1460 746 1508 sapientia
758 1461 832 1496 data
847 1462 890 1495 est
903 1489 913 1504 ,
932 1472 1005 1507 quae
1019 1458 1100 1495 nihil
1120 1460 1162 1494 est
1173 1471 1286 1508 praeter
1296 1462 1450 1496 notitiam
1463 1462 1546 1504 Dei-3
1563 1460 1627 1496 sola
1638 1474 1728 1498 mens

337 1512 447 1543 Deum
457 1539 466 1552 ‚
482 1511 535 1555 qui
549 1522 682 1545 aeternus
693 1512 754 1553 est,
768 1511 882 1557 quaerit
893 1515 925 1546 δε
937 1509 1041 1557 diligit
1057 1538 1067 1552 ‚
1081 1508 1145 1557 ipsa
1154 1520 1268 1546 natura
1285 1522 1424 1558 cogente
1441 1510 1578 1546 sentiens
1599 1511 1654 1546 vel
1667 1525 1729 1547 un-

315 1555 317 1557 ’
336 1558 375 1591 de
387 1570 457 1592 orta
469 1556 504 1592 sit
515 1587 524 1600 ‚
541 1559 592 1593 vel
605 1572 670 1606 quo
689 1559 861 1595 reversura.
873 1558 1009 1595 Nullum
1022 1560 1109 1594 enim
1121 1559 1163 1593 est
1177 1559 1400 1594 aliud‘animal
1418 1561 1510 1607 quod
1518 1558 1639 1595 habeat
1667 1560 1728 1595 ali*-

335 1619 435 1652 quam
454 1609 606 1643 notitiam
628 1611 714 1653 Dei,
731 1609 910 1657 religioque
925 1607 990 1656 ipsa
1005 1608 1173 1643 hominem
1193 1609 1331 1643 omnino
1344 1607 1495 1644 discernit
1510 1608 1531 1644 ἐι
1552 1612 1646 1644 mutis
1664 1612 1729 1646 ani-

336 1655 510 1692 mantibus,
536 1660 613 1692 Haec
632 1661 746 1706 utique
764 1671 837 1693 cum
848 1660 882 1693 in
893 1657 1063 1692 hominem
1073 1656 1176 1692 solum
1186 1657 1298 1700 cadat,
1314 1657 1467 1706 profeClo
1485 1670 1607 1706 magno
1621 1659 1665 1693 est
1679 1671 1727 1694 ar-

334 1717 494 1751 gumento
509 1708 539 1740 id
552 1719 610 1742 nos
623 1707 795 1752 afflante,
808 1707 839 1742 id
852 1706 1027 1741 desiderare
1044 1736 1052 1750 ‚
1072 1708 1104 1741 id
1121 1707 1228 1741 colere
1254 1707 1341 1754 quod
1360 1706 1456 1742 nobis
1476 1709 1661 1757 proximum
1687 1706 1726 1743 fit

335 1754 490 1791 futurum.
505 1759 543 1791 Et
557 1768 667 1792 tamen
682 1769 732 1793 tot
744 1756 835 1792 malis
849 1756 1051 1791 conflictatur
1063 1755 1164 1790 homo
1178 1785 1187 1799 ,
1206 1767 1256 1790 tot
1273 1758 1372 1790 animi
1383 1758 1586 1804 aegritudines
1595 1785 1605 1800 ,
1621 1757 1726 1792 mole-

334 1804 404 1837 stias
417 1833 425 1846 ‚
441 1803 573 1839 morbos
587 1807 732 1854 perferre
744 1807 872 1854 cogitur
887 1833 896 1847 ,
910 1817 1001 1841 tanta
1009 1805 1140 1840 demum
1150 1805 1196 1839 est
1209 1808 1354 1852 corporis
1366 1805 1535 1841 infirmitas
1547 1833 1557 1848 ,
1571 1811 1605 1842 &
1618 1817 1725 1842 rerum

335 1855 605 1903 omniuminopia
616 1884 627 1900 ,
642 1867 679 1891 ut
692 1855 819 1893 nullum
833 1853 869 1890 fit
886 1853 1006 1890 animal
1021 1854 1152 1890 homine
1176 1853 1337 1890 infelicius
1351 1883 1361 1900 ,
1378 1853 1399 1890 fi
1415 1858 1540 1892 animus
1561 1854 1628 1903 ipse
1651 1868 1724 1891 nio-

332 1903 442 1938 riatur.
1240 1904 1254 1916 ⁰

375 1966 413 1997 42
440 1954 483 1988 Ex
496 1954 640 2002 ingenita
652 1953 792 1990 hominis
808 1953 961 1989 libertate
970 1964 1117 1988 naturam
1127 1954 1226 1988 animi
1238 1952 1299 1988 esse
1316 1957 1406 1991 omni
1422 1964 1556 2001 corpore
1574 1954 1722 2000 praestan-

336 2003 452 2036 tiorem
464 2031 472 2044 ‚
493 2002 651 2038 &summi
672 2002 751 2038 boni
763 2016 915 2052 capacem
933 2009 998 2052 jam
1011 2002 1091 2038 alibi
1105 2003 1318 2047 ostendimus,
1336 2009 1370 2041 δε
1387 2013 1543 2052 quantum
1563 2001 1655 2037 bruta
1672 2005 1722 2051 ip..

333 2050 365 2084 sa
383 2063 503 2085 naturae
528 2051 585 2085 sua:
602 2052 760 2100 dignitate
778 2053 923 2100 superet,
946 2065 983 2087 ex
1010 2052 1064 2086 illa
1081 2050 1233 2086 libertate
1246 2054 1392 2095 ‚ratione
1411 2050 1474 2100 ipsa
1487 2080 1497 2093 ,
1511 2056 1545 2087 &
1566 2050 1719 2087 sermonis

334 2098 390 2133 usu
403 2099 655 2134 demonstratum
666 2100 742 2135 alibi
754 2101 826 2138 fuit.
851 2104 940 2137 Nam
955 2112 1077 2136 caeterae
1099 2103 1278 2136 animantes
1301 2104 1427 2150 impetu
1450 2099 1617 2143 feruntur3
1643 2106 1727 2135 non‘

335 2147 405 2183 sunt
420 2147 461 2182 sui
473 2150 546 2198 juris
561 2177 570 2191 ‚
589 2148 640 2184 sed
651 2148 693 2183 ab
711 2149 844 2193 objeffis
879 2150 948 2199 ipsis
974 2151 1161 2197 rapiuntur,
1174 2152 1348 2197 omniaque
1365 2151 1403 2183 ad
1425 2161 1538 2194 corpus
1564 2149 1720 2193 referunt3

334 2210 404 2244 quae
416 2196 487 2232 sunt
498 2198 774 2248 ejusdemgeneris
791 2230 799 2243 ‚
812 2200 930 2235 eodem
942 2200 1043 2234 modo
1062 2211 1236 2247 operantur
1255 2216 1263 2242 3
1280 2210 1396 2247 paucos
1413 2203 1446 2234 ὃς
1465 2196 1613 2232 confusos
1638 2211 1720 2234 con-

335 2259 446 2294 ceptus
467 2247 630 2292 forment,
642 2262 720 2296 quos
739 2262 819 2283 voce
835 2250 1001 2285 incondita
1022 2260 1198 2296 utcumque
1219 2250 1409 2296 exprimunt.
1433 2248 1532 2293 Qod
1551 2246 1570 2281 li
1586 2247 1716 2283 intelle-

336 2298 424 2330 &um
436 2296 615 2340 haherent,
637 2311 800 2345 nunquam
819 2301 853 2332 iis
869 2311 981 2334 natura
999 2297 1151 2333 s-rmonis
1165 2298 1253 2332 usum
1263 2295 1454 2341 deiit‘ctalset.
1473 2296 1569 2332 Nulla
1583 2299 1619 2330 iis
1632 2295 1717 2344 figna

336 2343 402 2378 suut
413 2357 450 2380 ex
461 2346 610 2382 instituto
622 2376 630 2390 ,
647 2360 684 2381 ac
695 2347 712 2381 si
727 2361 795 2394 quae
808 2347 945 2390 habent,
958 2360 994 2382 ea
1007 2346 1076 2381 sunt
1088 2347 1107 2381 a
1120 2358 1229 2381 natura
1248 2348 1339 2385 impr.
1351 2345 1381 2380 il*
1420 2348 1480 2380 Sed
1497 2346 1597 2380 homo
1613 2345 1717 2392 suiju-

335 2395 375 2425 ris
391 2394 470 2438 est,sc
477 2395 578 2443 ipsum
587 2397 626 2432 ad
641 2398 802 2445 agendum
816 2398 1011 2434 determinat
1021 2425 1031 2440 ‚
1045 2398 1154 2434 omnia
1169 2408 1207 2431 ex
1217 2390 1301 2433 nutu
1310 2395 1368 2432 [ιι-τ
1380 2395 1552 2432 voluntatis
1574 2396 1715 2480 agga-m·

1630 2454 1713 2478 nitas
