1857 2745
349 164 801 206 TRACTATUS
839 165 1099 206 PR1MUS.
1358 169 1404 213 ’47

19 216 178 266 tqonsensu
194 217 322 253 tradunt
348 219 383 252 in
394 216 590 254 Eucharistia
602 229 732 252 manere
749 218 971 264 quantitatem
988 214 1114 265 panim:
1404 183 1421 216 5

80 269 167 317 Resp.
187 266 397 302 Aristotelem
416 272 450 304 &
462 265 652 315 Theologos
667 265 758 314 loqui
773 265 814 301 de
831 269 1015 313 quantitate
1039 276 1173 300 externa
1190 292 1201 308 ‚
1222 275 1286 312 qua
1310 275 1418 313 partes

31 314 245 366 disponuntur
257 319 291 351 in
304 316 417 350 ordine
437 315 477 349 ad
498 314 604 350 locum
617 343 626 357 ‚
638 328 706 350 non
722 315 763 349 de
775 316 957 364 quantitate
973 317 1099 351 interna
1115 342 1126 357 ‚
1146 326 1217 361 quae
1237 312 1437 353 formaliter*

25 366 190 406 duntaxat
199 394 208 410 ‚
219 378 286 402 non
300 376 334 398 re
345 363 412 412 ipsa
421 362 441 399 ὲ
451 376 587 411 corpore
597 363 809 410 distinguitur.

67 415 147 458 Inst.
160 415 326 449 Remanet
336 413 450 449 eadem
460 411 604 449 extesmo
620 414 710 461 panis
724 425 732 448 i
750 424 827 461 ergo
844 423 991 448 remanet
1005 411 1120 446 eadem
1132 412 1307 459 quantitas.

67 463 156 511 Resp.
173 477 196 500 1.
216 464 297 500 Non
318 474 452 498 manete
461 462 611 496 eamdem
629 459 866 505 extensionem,
885 460 907 495 fi
926 473 963 495 ea
985 459 1066 496 nihil
1084 459 1119 495 fit
1133 471 1246 508 praeter
1262 460 1413 505 modum,

31 509 88 547 nifi
99 523 134 547 ut
142 512 280 550 diximus
293 540 302 555 ,
314 509 545 558 aequivalenter
554 539 566 555 ³
581 522 739 558 quatenus
752 510 892 546 extentio
904 509 1119 545 accidentium
1137 521 1248 543 manet
1258 538 1268 552 ,
1278 521 1349 555 quae
1365 512 1415 543 vi-

34 572 87 595 ces
97 560 170 596 obit
185 559 376 596 extensionis
388 561 486 609 panis.
504 561 606 609 Qod
617 561 704 594 enim
714 558 773 594 tali
792 560 894 594 modo
919 558 1133 593 extendantur
1151 585 1161 600 ,
1183 558 1245 592 hoc
1261 558 1308 592 est
1320 587 1331 601 ,
1351 560 1413 592 irn-

31 609 278 656 penetrabiliter
288 639 299 654 ,
311 615 346 648 &
358 612 443 645 vices
456 606 577 645 obeant
589 606 679 658 ipfius
688 611 777 658 panis
788 636 799 653 ,
816 609 880 645 hoc
891 604 1108 647 accidentibus
1117 608 1274 651 convenit
1291 619 1331 642 ex
1350 605 1415 655 ipsa

32 658 236 695 institutione
248 660 457 695 Sacramenti.

68 709 160 756 Resp.
171 723 196 744 2·
211 708 403 742 concedendo
418 707 558 742 anteced.
573 707 607 741 Si
617 705 758 742 extenfio
768 718 899 743 externa
909 706 945 742 fit
954 707 1115 750 accidens,
1126 711 1160 743 δε,
1171 705 1323 787 ιπείλῃάο
1335 717 1415 739 con-

32 755 243 804 sequentiam.
265 758 353 794 Nam
375 759 408 792 in
418 768 457 791 ea
474 758 630 804 opinione
639 759 800 802 quantitas
822 758 948 791 interna
975 756 1178 804 distinguitur
1199 766 1217 788 a
1259 764 1391 788 externa
1404 781 1419 796 ,

28 806 123 852 quod
132 805 193 840 -illa
201 803 238 841 stt
246 807 375 854 corpori
386 803 576 848 effentialis‚
591 804 659 839 haec
680 818 747 842 non
766 807 868 843 item:
889 803 1030 842 extenfio
1049 806 1172 853 quippe
1189 803 1318 851 corpori
1330 803 1422 836 acci-.

25 855 98 897 Adit,
114 866 149 889 ut
161 853 251 888 color
270 859 304 891 δε
318 853 380 888 alia
406 854 596 890 accidentia.

64 903 155 952 Opp.
167 918 194 940 2.
209 905 386 949 Qantitas
406 904 506 937 etiarn
526 905 653 938 interna
673 905 714 939 ad
728 903 813 941 aliud
835 904 1116 952 praedicamentum
1134 903 1292 950 pertinet,
1316 912 1416 952 quam

34 964 149 999 corpus
171 950 274 1000 ipsum
287 951 366 995 3alia
385 951 433 985 est
450 956 517 999 ejus
539 950 690 987 definitio
699 964 754 988 aut
768 964 900 989 natura:
914 951 959 986 est
975 955 1069 1000 igitur
1083 963 1195 986 verum
1206 950 1365 985 accidens.

76 1002 167 1048 Rasp.
181 1012 219 1034 ex
229 1002 265 1033 iis
277 1013 348 1036 non
363 998 450 1034 aliud
469 997 552 1034 effici
567 1029 576 1042 ,
586 1013 686 1047 quam
698 1002 730 1035 id
741 1000 844 1049 ipsum
853 1001 941 1048 quod
961 1001 1046 1036 ultro
1059 999 1268 1035 concedimus
1280 1027 1290 1042 ,
1313 1010 1417 1045 quan-

37 1051 166 1084 tita'tem
182 1048 362 1083 formaliter
372 1053 405 1083 &
419 1047 524 1097 logice
537 1049 687 1098 distingui
701 1049 722 1085 ὲ
736 1062 872 1098 corpore
887 1061 960 1093 ‚aut
973 1048 1033 1084 effe
1047 1060 1171 1083 novum
1185 1047 1421 1095 praedi‘camen-

37 1110 107 1133 tum
121 1114 129 1141 3
148 1097 194 1131 est
207 1099 294 1132 enim
313 1097 346 1130 id
363 1097 452 1143 quod
470 1095 679 1144 respondetur
689 1125 700 1141 ‚
717 1110 788 1132 cum
801 1101 952 1144 quaeritur
965 1108 1125 1148 quantum
1134 1097 1280 1144 quidque
1295 1094 1351 1130 sit:
1366 1094 1414 1129 est

35 1147 176 1194 denique
187 1145 332 1179 accidens
346 1143 610 1193 metaphysicum,
622 1159 689 1181 non
698 1144 873 1195 physicum.

62 1196 148 1243 Opp.
169 1208 194 1238 3.
214 1204 327 1229 contra
349 1195 476 1229 tertiam
486 1194 751 1238 Conclufionem,
765 1207 877 1242 corpus
896 1194 995 1243 perse
1004 1194 1170 1230 extensum
1187 1192 1248 1229 effe
1261 1198 1295 1230 ὅ(
1310 1195 1417 1241 impe-·

37 1243 210 1281 netrabile.
222 1243 316 1278 Cum
329 1245 416 1278 enim
430 1254 485 1277 cor
510 1255 545 1277 us
570 1242 651 1279 exse
669 1255 775 1292 partes
788 1242 914 1278 habeat
928 1273 938 1287 ‚
967 1256 1010 1278 eae
1023 1244 1157 1290 quidem
1175 1245 1301 1277 ratione
1321 1241 1364 1276 sui
1381 1246 1419 1278 δε

36 1295 115 1327 citra
123 1291 224 1327 ullum
234 1291 470 1339 firperadditum
483 1313 487 1316 ·
501 1291 550 1326 ese
568 1305 683 1328 mutuo
691 1291 733 1327 ab
748 1293 867 1328 eodem
894 1292 968 1326 loco
989 1292 1171 1328 excludunt.
1188 1293 1298 1340 Caput
1319 1303 1354 1326 v.
1369 1302 1418 1338 gr.

30 1341 143 1390 -potest
159 1338 220 1375 effe
231 1342 347 1375 Romae
365 1346 399 1378 &
412 1352 523 1376 manus
533 1343 670 1376 Lutetiae
682 1356 689 1377 ε
703 1354 780 1390 ergo
792 1353 896 1390 partes
908 1343 1008 1375 etiam
1017 1343 1192 1388 conjunEhe
1202 1339 1324 1375 diversa
1343 1338 1414 1374 loca

37 1401 197 1438 occupant
209 1418 219 1432 ‚
230 1401 346 1436 neque
358 1401 437 1437 opus
453 1389 499 1423 est
511 1402 599 1425 novo
611 1391 778 1425 accidente
787 1389 877 1437 quod
892 1391 1020 1438 corpori
1034 1388 1214 1425 succrescat.

74 1440 284 1485 Raefivfflartes
296 1438 429 1484 quidem
443 1440 586 1484 corporis
603 1438 698 1472 visua
722 1444 755 1475 &
770 1450 828 1486 per
841 1437 871 1472 se
884 1438 924 1471 -id
934 1439 1063 1485 exigere
1073 1466 1082 1481 ‚
1099 1449 1133 1472 ut
1149 1436 1271 1472 diversa
1280 1436 1351 1471 loca
1360 1448 1418 1472 oc-

38 1498 156 1536 cupent
170 1485 273 1527 &sint
286 1484 571 1533 impenetrabiles3
584 1485 635 1520 sed
650 1485 713 1534 ipsa
722 1484 866 1522 extensio
881 1497 933 1520 aut
950 1485 1239 1534 impenetrabilitas
1257 1486 1298 1520 ad
1316 1488 1417 1520 ratio-

33 1548 117 1571 ⁴nem
129 1536 273 1583 corporis
289 1547 356 1569 non
366 1536 524 1582 pertinet,
541 1547 613 1570 cum
636 1534 678 1573 ab
692 1548 732 1571 eo
750 1534 845 1584 possit
862 1534 1013 1582 separari:
1033 1546 1067 1571 ut
1080 1537 1148 1582 jam
1166 1534 1418 1569 ostendimusssez

32 1583 237 1619 Lacr-osan&
245 1581 352 1616 altaris
364 1585 653 1620 Sacrament0.1mo
663 1597 723 1620 nec
736 1583 870 1620 dubium
881 1583 1012 1632 quidem
1023 1584 1066 1618 est
1075 1585 1153 1631 quin
1166 1595 1214 1617 res
1227 1586 1419 1630 incorporea

32 1632 110 1682 plus
130 1644 184 1668 aut
203 1633 308 1667 minus
323 1630 386 1665 loci
410 1644 562 1680 occupare
583 1631 681 1682 posfit
698 1663 707 1678 ‚
723 1646 759 1669 ut
774 1635 804 1668 ei
824 1632 955 1667 libuerit
968 1661 978 1675 ,
1002 1638 1035 1669 &
1059 1630 1280 1667 extenfionern
1300 1629 1419 1665 habeat

34 1682 141 1716 modo
161 1678 397 1729 penetrabilem
418 1709 427 1723 ,
440 1692 476 1715 ut
492 1680 577 1718 forte
592 1685 703 1718 anima
720 1685 754 1717 in
773 1693 927 1729 corpore,
938 1681 1038 1715 modo
1049 1678 1342 1729 impenetrabilem·
1364 1680 1417 1713 Sic

42 1730 282 1772 accidentia‚ut
292 1728 377 1762 calor
393 1734 427 1765 &
445 1730 584 1777 impetus
595 1761 604 1775 ‚
618 1731 729 1767 saltem
739 1733 771 1767 in
786 1730 908 1778 vulgari
930 1735 963 1767 &
991 1741 1121 1777 recepta
1141 1729 1296 1776 opinione
1307 1738 1420 1763 exten-

35 1777 314 1863 Agznfintfliabent
327 1805 337 1822 ,
360 1776 410 1813 sed
424 1780 661 1828 penetrabilem
672 1810 682 1826 ‚
699 1793 770 1831 quae
785 1791 844 1832 per
858 1778 1045 1815 miraculum
1065 1778 1100 1815 fit
1117 1774 1372 1826 impenetrabilis
1383 1777 1421 1818 ,iga
1440 1808 1446 1818 s

35 1840 39 1844 ”
77 1839 103 1861 'C
130 1839 174 1861 δῖ)
202 1839 243 1862 ia.

498 1929 592 1976 [QU
614 1929 653 1962 ,Ε
675 1927 745 1964 ST
771 1927 786 1961 Ι
809 1928 844 1964 O
880 1928 952 1969 111³

505 2028 560 2060 De
577 2024 771 2072 qualitatum
794 2025 971 2070 existentia.

0 2158 1 2165 ,
131 2123 320 2161 'Ualitatem
338 2123 452 2159 definit
479 2121 698 2165 Aristoteless
715 2135 779 2170 qua
800 2125 1005 2158 nominamur
1022 2122 1132 2171 quales
1154 2136 1162 2158 :
1183 2133 1256 2168 quae
1276 2120 1421 2156 definitio

0 2172 1 2177 ’
47 2182 50 2185 ·
142 2172 246 2207 multis
257 2174 385 2208 videtur
397 2175 562 2221 nugatoria
576 2187 584 2215 ;
602 2170 654 2205 sed
675 2172 697 2204 ii
713 2184 781 2206 non
797 2173 969 2207 advertunt
985 2185 1056 2207 earn
1070 2171 1131 2207 else
1149 2172 1288 2206 nominis
1305 2169 1422 2208 defini-

44 2222 175 2255 tionem
189 2249 198 2263 ,
209 2222 382 2268 cujusmodi
394 2221 461 2256 sunt
472 2234 514 2255 eae
524 2231 635 2255 omnes
646 2248 654 2262 ‚
672 2219 790 2266 quibus
811 2223 995 2256 Geometrae
1006 2223 1052 2255 uti
1064 2220 1177 2255 solent.

86 2271 171 2314 Qiae
182 2268 355 2305 afferuntur
368 2271 436 2305 aliae
447 2269 608 2317 qualitatis
622 2267 844 2312 definitiones,
855 2271 888 2303 in
902 2268 1149 2304 controversiam
1166 2269 1278 2303 venire
1287 2266 1422 2316 possunt.

51 2319 139 2352 Nam
152 2317 228 2351 licet
248 2329 285 2350 ea
295 2318 387 2352 nobis
402 2320 549 2353 videatur
561 2320 685 2366 optima
696 2346 705 2360 ,
715 2329 813 2364 quam
824 2316 918 2352 affert
935 2320 964 2353 S.
976 2317 1121 2353 Thomas
1132 2346 1140 2361 ,
1151 2317 1239 2364 quod
1249 2316 1285 2351 fit
1302 2316 1421 2358 modus,

52 2364 104 2399 seu
117 2365 332 2399 determinatio
331 2366 513 2410 substantia
525 2383 535 2401 .·
551 2379 660 2401 tamen
672 2368 788 2400 merito
806 2366 945 2401 dubitati
966 2367 1073 2416 potest
1090 2395 1099 2409 ‚
1111 2379 1151 2401 an
1167 2365 1301 2412 qualitas
1316 2365 1422 2399 omnis

6 2441 7 2444 η
35 2412 81 2454 sit
96 2412 241 2454 modali&
261 2414 394 2451 Deinde
405 2417 569 2462 quantitas
579 2415 655 2454 vsuos
664 2413 765 2450 habet
781 2416 895 2452 modos
907 2444 916 2460 ,
938 2429 974 2452 ut
992 2418 1182 2451 curvitatem
1201 2420 1234 2453 δε
1258 2412 1424 2451 reffitudi-
