1857 2745
411 147 452 187 76
752 142 822 175 DE
880 139 1393 178 UNIVERSALIBUS

406 189 598 240 imperfecta
612 206 622 232 3
638 186 740 236 fitque
754 190 984 224 tantummodo
1003 193 1136 239 negatio
1147 190 1354 234 diversitatis,
1366 200 1423 225 ant
1439 187 1716 235 diffiniilitudinis,
1733 203 1803 229 non

404 240 568 288 completa
580 266 589 281 ,
613 237 799 274 &indivisa
814 251 821 273 :
838 251 912 274 cum
926 242 1000 274 actu
1022 251 1058 273 ea
1078 238 1112 274 [it
1131 240 1311 289 multiplex.
1327 248 1354 287 3⁰
1367 241 1544 276 Unitatem
1563 241 1709 277 terminis
1725 243 1802 290 qui..

403 290 479 324 dem
494 289 656 337 negativis
667 288 822 336 explicari
836 300 929 324 :cum
941 289 1096 324 nimirum
1107 302 1154 324 res
1166 303 1230 325 non
1242 292 1285 326 est
1296 290 1414 324 divisa:
1428 289 1478 324 sed
1493 290 1803 338 negatioilla-quid-

402 338 477 373 dam
504 337 679 386 politivum
706 336 921 387 ptaefiipponit
933 366 943 381 ‚
981 340 1156 374 entitatem
1184 340 1347 376 videlicet
1366 353 1437 388 quae
1462 338 1506 372 est
1532 342 1568 373 in
1593 337 1624 373 se
1654 341 1801 378 indivifia.

403 389 466 422 His
480 385 640 436 praemiffis
654 415 664 430 ‚
679 388 718 421 ad
735 387 941 428 objectiones
960 391 1139 424 veniamus.

438 438 563 486 Oppon.
579 441 606 473 1⁰
619 439 697 473 Una
711 438 754 472 est
764 436 869 486 specie
883 449 995 473 natura
1015 440 1048 473 in
1066 441 1164 474 Petro
1175 468 1185 483 ,
1205 444 1239 475 δε
1254 440 1354 476 Paulo
1362 454 1376 475 ἐ
1401 451 1469 475 non
1486 440 1575 473 enim
1599 439 1801 490 distinguun-

403 498 453 521 tur
469 487 575 534 specie
588 515 598 531 ,
616 498 652 521 ut
668 489 782 522 Petrus
794 486 1039 537 &bucephalus
1053 516 1063 532 ,
1081 486 1136 522 sed
1162 501 1300 525 numero
1327 501 1461 525 tantum
1481 501 1489 522 :
1511 491 1594 536 Ergo
1617 490 1733 524 eadem
1757 491 1802 526 est

401 547 516 571 natura
525 536 668 572 humana
687 538 720 572 in
744 536 932 571 individuis.

446 586 535 634 Resp,
549 586 631 629 Dzst.
645 596 715 622 ant.
729 598 791 621 una
804 586 982 621 estunitate
995 586 1238 622 conformitatis
1254 615 1264 630 ,
1285 587 1324 623 C.
1342 589 1468 622 unitate
1492 589 1638 620 entitatis
1664 592 1697 623 δε
1714 588 1801 622 ἰηάί-

402 633 550 677 visionis,
581 638 625 673 N.
649 648 717 670 non
732 637 820 670 enim
840 636 954 670 eadem
972 637 1014 670 est
1033 640 1151 672 entitas
1170 638 1203 671 in
1218 640 1314 672 Petro
1331 642 1364 672 δε
1381 634 1489 671 Paulo.
1513 637 1673 669 fatemur
1698 638 1799 672 etiam

402 684 724 722 Petrum&Paulum
735 698 802 720 non
814 685 965 734 distingui
983 685 1087 734 speeie
1105 715 1114 728 ,
1137 686 1190 721 sed
1206 698 1344 721 numero
1361 697 1487 721 tantum
1503 699 1510 720 :
1526 697 1599 719 cum
1607 687 1752 720 maxima
1764 684 1801 721 sit

404 735 491 769 inter
510 747 565 770 eos
578 733 761 769 similitudo.
785 735 849 769 Sed
860 734 935 769 hinc
946 747 1012 768 non
1022 733 1166 781 sequitur
1186 737 1219 770 in
1233 737 1272 770 iis
1289 746 1436 769 naturam
1451 732 1511 768 effe
1520 746 1616 769 unam
1631 732 1734 781 specie
1744 747 1802 771 an-

403 795 435 818 te
449 784 633 819 intellectus
648 785 886 832 operationem.
902 785 1004 818 Ratio
1019 787 1107 818 enim
1120 785 1263 832 generis»,
1276 794 1331 817 aut
1345 781 1463 832 speciei
1478 782 1556 817 nulli
1570 785 1617 816 rei
1630 786 1799 829 convenit,

400 831 457 868 nifi
472 845 507 868 ut
518 835 603 869 estin
618 832 790 869 intellectu
801 834 907 868 nostro
924 848 932 869 :
960 834 1239 880 quemadmodum
1265 845 1362 867 voces
1378 831 1511 879 subjecti
1525 861 1535 876 ,
1554 844 1609 867 aut
1627 832 1798 878 attributi,

402 887 437 918 δε
448 882 517 917 aliae
531 883 673 917 secundae
696 885 906 917 intentiones.
1735 888 1740 892 ”

439 931 576 976 Instant.
593 931 687 967 Plato
705 936 738 968 &
758 933 1017 965 Socratesetiam
1027 932 1159 964 nemine
1172 932 1338 978 cogitante
1356 944 1427 965 non
1445 931 1516 966 sunt
1533 930 1637 978 specie
1657 930 1772 967 diversi
1787 946 1796 968 ε

401 992 479 1028 ergo
491 980 563 1015 sunt
582 980 721 1028 ejusdem
738 978 853 1028 speciei
867 982 968 1016 etiam
982 978 1176 1021 formaliter.
1188 981 1277 1015 Nam
1288 992 1424 1027 uterque
1437 979 1611 1024 est‘honio,
1637 985 1670 1016 &
1684 980 1799 1016 huma-

402 1030 484 1062 nitas
500 1030 542 1062 est
558 1040 627 1063 tota
640 1027 802 1075 utriusque
813 1025 944 1063 essentia
957 1058 966 1072 ,
985 1041 1055 1075 qua:
1070 1030 1102 1062 in
1116 1027 1172 1061 suo
1186 1040 1347 1076 conceptu
1360 1041 1428 1063 non
1446 1029 1584 1063 includit
1595 1027 1796 1065 differentias

401 1089 591 1113 ninnericas.

439 1127 532 1171 Resp.
545 1129 590 1162 N.
607 1125 880 1173 consequentiam.
898 1125 1000 1160 Unde
1021 1125 1097 1160 licet
1107 1137 1219 1161 natura
1241 1128 1274 1160 in
1295 1125 1405 1161 multis
1424 1126 1600 1161 individuis
1616 1139 1682 1162 non
1698 1126 1734 1162 fit
1747 1128 1799 1163 di,
1849 1130 1853 1134 ”

403 1174 468 1208 visa
483 1174 586 1222 speeie
598 1205 607 1216 ,
624 1188 679 1210 aut
699 1175 896 1218 formaliter,
910 1188 975 1209 non
991 1173 1131 1221 sequitur
1145 1188 1243 1210 unam
1262 1171 1322 1210 esse
1341 1175 1524 1210 formaliter
1546 1190 1553 1211 ε
1572 1187 1609 1210 ut
1626 1177 1714 1222 quod
1731 1178 1796 1213 duo

401 1224 520 1272 Angeli
532 1238 598 1260 non
611 1223 669 1259 sint
680 1225 792 1260 colore
807 1222 921 1259 diversi
931 1254 940 1267 ,
953 1238 1019 1260 non
1029 1224 1169 1272 sequitur
1181 1237 1236 1258 eos
1249 1223 1390 1274 ejusdem
1401 1222 1462 1260 effe
1479 1225 1606 1260 coloris.
1625 1226 1705 1262 Uno
1717 1239 1796 1262 ver-

402 1272 447 1308 bo
457 1287 523 1308 non
536 1275 766 1323 distinguuntur
777 1276 924 1308 Socrates
937 1280 969 1310 ἃ
980 1274 1074 1309 Plato
1087 1303 1096 1317 ,
1113 1276 1189 1322 quia
1200 1273 1271 1308 sunt
1287 1273 1438 1309 homines
1451 1288 1458 1309 ε
1474 1277 1541 1309 imo
1550 1287 1587 1310 ea
1600 1277 1728 1310 ratione
1742 1277 1795 1312 in-

405 1334 456 1357 ter
470 1321 500 1357 se
514 1326 737 1358 conveniunt:
770 1322 822 1357 sed
836 1323 947 1358 formae
967 1335 1076 1358 tamen
1091 1353 1101 1368 ,
1125 1335 1178 1358 aut
1195 1323 1418 1358 humanitates
1434 1325 1467 1357 in
1481 1326 1518 1357 iis
1537 1323 1795 1372 distinguuntut5

402 1384 510 1419 neque
524 1374 639 1407 eadem
655 1374 698 1407 est
714 1374 746 1407 in
758 1384 897 1419 utroque
912 1384 1025 1407 natura
1039 1402 1048 1416 ,
1065 1372 1118 1407 sed
1142 1372 1274 1421 duplex.
1286 1373 1401 1419 -Qare
1412 1372 1489 1407 licet
1499 1370 1680 1407 humanitas
1696 1376 1727 1408 in
1739 1374 1794 1410 suo

401 1433 564 1470 conceptu
576 1435 641 1457 non
662 1422 803 1457 includat
814 1420 1012 1457 differentias
1031 1424 1210 1457 numericas
1227 1424 1366 1456 Socratis
1384 1428 1417 1458 &
1438 1421 1582 1457 Platonis
1599 1450 1609 1464 ,
1626 1423 1669 1457 est
1684 1434 1795 1460 tamen

402 1469 534 1504 realiter
551 1471 669 1507 eadem
678 1484 753 1506 cum
774 1470 858 1515 illis,
883 1475 917 1507 &
931 1471 1070 1506 eandem
1082 1472 1184 1507 habet
1211 1472 1410 1506 existentiam
1424 1499 1434 1513 ‚
1473 1483 1581 1519 neque
1614 1472 1657 1506 est
1680 1484 1742 1507 una
1759 1468 1794 1510 in‘

404 1519 526 1555 multis.

436 1571 567 1617 ‘Urgent
579 1570 681 1603 acrius
691 1599 700 1613 ,
714 1571 820 1604 unitas
834 1582 900 1605 non
919 1568 1044 1604 tollitur
1060 1566 1113 1603 nisi
1128 1581 1186 1618 per
1200 1568 1390 1605 divisionem
1405 1568 1584 1619 o'ppofitam
1600 1583 1608 1606 :
1636 1569 1687 1605 sed
1707 1571 1792 1607 divi-

399 1616 444 1651 fio
467 1620 630 1652 numerica
656 1632 721 1654 non
740 1622 915 1667 opponitur
932 1619 1051 1654 unitati
1068 1617 1242 1666 specificae,
1264 1631 1321 1653 aut
1332 1624 1508 1666 genericae,
1523 1632 1630 1666 neque
1647 1620 1789 1668 ejusdem

401 1666 446 1700 est
456 1679 530 1700 eum
540 1680 576 1701 ea
588 1667 709 1702 ordinis
728 1683 735 1703 :
753 1672 837 1716 Ergo
850 1669 928 1703 lieet
940 1668 1005 1702 duo
1019 1667 1185 1703 individua
1196 1666 1393 1702 numerofint
1403 1667 1501 1702 divifiz
1515 1696 1525 1710 ,
1551 1680 1644 1703 erunt
1661 1669 1785 1703 nihilo..

402 1717 504 1749 minus
518 1717 597 1763 quid
611 1729 710 1752 unum
723 1717 828 1765 specie
841 1717 895 1753 vel
914 1729 1044 1766 genere.

443 1765 526 1807 Reli>-
550 1765 635 1809 Dzst.
645 1770 719 1801 min.
733 1767 857 1801 Divisio
867 1768 1031 1802 numerica
1043 1778 1108 1802 non
1125 1767 1302 1813 opponitur
1324 1777 1380 1814 per
1404 1763 1433 1799 se
1457 1769 1490 1801 δε
1514 1764 1637 1801 directe
1669 1769 1788 1803 unitati

401 1812 555 1858 specifieae
567 1844 576 1855 ,
616 1815 658 1850 C.
688 1817 847 1852 indirecte
876 1847 885 1860 ,
914 1818 960 1853 N.
985 1817 1032 1850 Ex
1070 1827 1264 1863 quocunque
1293 1816 1380 1849 enim
1409 1816 1515 1861 capite
1540 1818 1662 1850 otiatur
1698 1817 1787 1852 divi-

402 1861 443 1896 fio
454 1892 463 1905 ,
490 1863 522 1897 id
536 1862 660 1911 semper
669 1866 792 1901 constat
804 1896 814 1910 ,
837 1866 974 1915 gradum
984 1864 1163 1912 specificum
1174 1876 1319 1898 unacum
1333 1866 1499 1897 numerico
1514 1864 1635 1906 dividi,
1652 1870 1686 1901 &
1701 1865 1788 1900 mul-

401 1912 539 1960 tiplicari
552 1942 561 1956 ,
579 1926 653 1948 eum
661 1914 777 1961 gradus
793 1914 957 1961 specificus
969 1914 1056 1946 idem
1070 1912 1106 1946 sit
1116 1912 1244 1946 realiter
1255 1924 1329 1946 cum
1342 1914 1508 1946 numerico
1529 1925 1536 1946 :
1555 1914 1638 1947 adeo
1657 1926 1692 1948 ut
1707 1915 1789 1950 mul-

402 1961 540 2009 tiplicari
551 1976 616 1997 non
635 1960 730 2011 poffit
747 1963 862 2010 gradus
874 1991 883 2005 ,
904 1960 957 1994 seu
974 1953 1158 1996 differentia
1168 1963 1352 2005 numerica,
1370 1962 1448 2008 quin
1467 1960 1701 2010 multiplicetur
1715 1977 1788 2012 gra-

401 2011 458 2045 dus
472 2010 635 2058 specificus
646 2041 655 2055 ,
670 2024 728 2046 nec
744 2023 808 2045 una
822 2010 876 2055 fit,
900 2007 951 2043 sed
963 2009 1133 2059 multiplex
1148 2012 1181 2045 in
1193 2009 1302 2045 multis
1326 2010 1499 2046 individuis
1517 2023 1639 2047 namra.

438 2061 523 2102 Sed,
548 2063 718 2105 inquiunt,
739 2073 806 2097 non
815 2061 916 2111 magis
928 2059 973 2094 est
990 2059 1009 2095 a
1020 2072 1113 2109 parte
1131 2062 1199 2104 rei,
1212 2070 1248 2094 ut
1263 2059 1439 2107 loquuntur
1451 2088 1460 2102 ‚
1481 2061 1583 2094 unitas
1601 2065 1785 2111 numerica,

399 2109 498 2156 quam
523 2109 681 2158 specifica.

433 2160 520 2204 Resp.
532 2159 697 2208 Negando
710 2170 779 2194 ant.
788 2161 919 2196 nemine
935 2161 1024 2195 enim
1040 2161 1206 2208 cogitante
1216 2160 1330 2194 Petrus
1350 2158 1394 2193 est
1412 2157 1466 2193 hic
1482 2171 1620 2194 numero
1632 2164 1666 2196 &
1681 2158 1786 2210 fingu-

402 2207 485 2243 laris.

436 2257 584 2301 Contra,
611 2260 753 2303 inquies,
771 2257 949 2293 universale
966 2263 999 2295 δε
1014 2257 1168 2307 singulare
1181 2258 1251 2294 sunt
1268 2259 1366 2294 relata
1385 2273 1393 2295 ι
1419 2271 1496 2300 erqo
1520 2258 1540 2295 fi
1568 2259 1723 2309 singultte
1746 2260 1784 2294 [it

403 2306 532 2339 nemine
545 2309 708 2355 cogitante
730 2322 737 2344 ε
760 2306 938 2343 universa-le
957 2320 1090 2356 quoque
1104 2321 1179 2344 ante
1195 2322 1327 2345 omnem
1341 2308 1521 2345 intellectus
1543 2311 1710 2345 actionem
1728 2309 1782 2344 fu-

403 2366 509 2388 turum
525 2355 578 2391 est,
1317 2358 1320 2362 ’

432 2403 517 2449 Resp.
532 2404 610 2450 Dast-
628 2405 882 2444 ant.universale
895 2405 1091 2458 &singulare
1104 2407 1174 2444 sunt
1189 2407 1288 2444 relata
1301 2420 1360 2457 per
1372 2419 1534 2454 mentem,
1562 2410 1604 2447 C.
1629 2409 1726 2446 realia
1746 2414 1781 2446 δε
