1857 2745
8 491 10 495 <
6 417 13 467 vu„
7 369 12 392 .-

619 106 939 143 MORALm.
1422 129 1476 160 §w

94 159 256 208 loquimur
268 187 278 203 ,
304 157 405 209 posita
417 157 506 193 estin
518 156 658 204 quadam
675 154 904 192 neceffitudine
927 157 1133 205 cogitationis
1148 185 1159 201 ,
1182 162 1216 195 δε
1229 159 1337 196 motus
1359 163 1416 209 qui
1441 163 1478 199 fit

94 211 131 245 in
139 207 272 244 cerebro
287 221 295 245 ς
314 209 397 243 adeo
409 218 446 242 ut
463 217 555 242 motu
566 204 623 241 illo
633 207 958 254 renovato,cogitati0
967 217 1102 254 quoque
1113 208 1161 242 rei
1174 219 1368 254 renovetur,
1384 216 1418 248 &
1431 215 1478 247 v'r-

92 255 201 294 ciffim.

132 305 218 355 Opp.
232 321 257 343 2.
272 304 417 341 Habitus
430 301 525 340 infusi
536 302 604 338 sunt
621 303 791 351 qualitates
806 302 959 339 absolutae
971 317 1041 352 quae
1057 306 1089 340 in
1102 316 1214 340 mente
1239 306 1303 354 ipsa
1324 305 1446 345 haerent
1465 321 1477 346 :⁷

89 367 167 405 ergo
178 354 347 391 &habitus
366 352 511 402 acquisiti
522 364 614 388 erunt
625 353 738 389 itidem
753 353 928 402 qualitates
941 355 1174 390 exercitatione
1199 359 1232 391 &
1256 356 1362 391 studio
1386 372 1479 394 com.

87 414 222 453 paratae.

122 453 277 499 Resp.N.
290 450 550 500 consequentiam
568 458 602 489 δε
616 454 798 502 paritatem.
831 453 912 488 Non
932 453 1020 486 enim
1039 451 1167 488 habitus
1189 452 1282 489 infufi
1306 467 1364 503 per
1385 458 1476 493 aditus

86 502 246 550 repetitos
260 505 490 549 acquiruntur:
510 499 562 534 sed
580 502 603 537 ὲ,
619 505 700 537 Deo
714 512 849 550 repente
871 500 1080 537 infunduntur
1097 530 1108 545 ‚
1135 513 1170 537 ut
1187 515 1312 538 novum
1329 503 1390 539 effe
1405 534 1413 548 ‚
1441 512 1478 544 ὃς

85 549 173 598 quasi
185 549 295 586 lumen
313 553 425 587 animae
436 551 632 599 impertiant.
652 553 772 598 Neque
787 552 888 585 etiarn
897 548 935 584 fic
970 552 1133 586 otentiam
1154 551 1328 598 adjuvant,
1348 564 1384 588 ut
1397 555 1478 591 dent

85 598 228 646 aliquam
244 600 363 648 agendi
379 598 588 635 facultatem:
608 599 661 634 sed
671 600 710 634 ad
726 600 889 648 agendum
900 597 941 633 ab
956 598 1046 634 olute
1064 601 1290 646 requiruntur,
1307 613 1344 636 ac
1360 601 1475 639 fimiles

83 645 158 683 sunt
177 649 347 696 potentiis,
367 661 458 696 quae,
484 659 518 682 ut
529 647 701 696 loquuntur
716 678 726 692 ‚
750 649 829 682 dant
852 646 1035 695 (impliciter
1052 647 1146 697 poffe.
1170 647 1313 685 Habitus
1325 650 1405 686 vero
1420 664 1476 687 na-

84 696 204 732 tux-ales
214 709 252 732 ex
270 695 395 733 actibus
411 698 559 745 repetitis
573 700 604 745 gi
630 709 748 733 nuntur
762 725 771 739 ‚
799 709 837 730 ac
850 696 993 732 facilitas-
1004 697 1058 732 illa
1075 696 1226 746 acquisita
1241 712 1308 734 non
1326 701 1370 735 est
1384 702 1416 737 in
1424 700 1475 737 so-

83 743 119 779 lo
132 744 300 781 intellectu
311 773 321 789 ,
338 748 393 793 qui
405 745 535 780 abunde
548 758 591 781 ex
603 711 655 780 pua
665 746 951 780 naturainstruc‘tus
965 745 1011 780 e'st
1028 757 1063 781 ut
1080 746 1181 782 intelli
1205 758 1239 783 at
1257 765 1266 789 ;
1288 760 1396 797 neque
1417 763 1477 790 per

80 791 185 842 ipfiam
199 794 437 842 statquotninus
451 792 554 830 idfiat
577 808 585 828 ε
607 793 661 829 sed
677 793 730 828 vel
746 794 859 829 desunt
868 793 1091 842 phantasmata
1106 824 1115 835 ‚
1142 761 1204 831 vel}
1213 808 1251 830 ea
1271 797 1343 833 fiint
1358 793 1475 836 admo-

80 842 159 878 dum
168 844 494 891 imperfesta.1taque
511 845 617 879 omnis
632 843 701 878 fere
719 842 857 878 facilitas
875 846 906 878 in
919 856 959 877 eo
977 843 1077 891 posita
1090 845 1155 888 est,
1170 856 1205 879 ut
1223 845 1473 886 instrumentum

80 892 183 926 animi
194 894 280 928 reete
294 903 510 940 praeparetur,
531 904 599 939 quo
610 894 636 927 is
646 903 798 939 prompte
814 897 848 929 ὃς
861 893 1012 940 expedite
1024 905 1101 942 agat
1118 907 1125 928 :
1146 894 1310 930 domanda
1330 897 1371 931 est
1388 910 1475 932 cere.

81 937 133 974 bri
172 941 295 977 uaedam
308 940 398 976 velut
414 941 575 988 rigiditas,
592 941 723 987 vestigia
744 952 852 975 rerum
869 953 885 973 a
912 952 943 974 te
957 940 1027 976 sunt
1047 941 1246 990 disponenda
1257 971 1268 986 ,
1283 948 1473 983 exercitatio

79 987 155 1071 {dlii
184 989 266 1073 enffa
276 1018 286 1033 ‚
297 1000 334 1024 ut
344 988 475 1039 spiritus
482 987 608 1024 cerebri
620 987 857 1031 fibrillas‚velut
866 953 1106 1037 esavecymbali
1119 990 1315 1035 fideS,libere
1325 999 1359 1031 &
1371 1007 1470 1045 expe-

105 1047 152 1072 ite
178 1049 220 1086 pu
247 1049 316 1074 ent.

56 1100 61 1105 ·
115 1086 179 1121 Sed
190 1114 201 1130 ‚
219 1088 389 1133 inquiunt,
415 1083 546 1121 habitus
562 1076 797 1121 intellectuales
814 1085 884 1120 sunt
894 1084 1158 1139 planehspiritales
1177 1100 1189 1122 ε
1209 1099 1372 1136 ετςοηοη
1402 1089 1473 1129 sunt

79 1129 198 1182 species
210 1137 242 1170 in
254 1147 379 1184 organo
396 1135 638 1182 imaginationis
657 1133 837 1183 superstites
850 1162 860 1176 ‚
877 1145 933 1167 aut
955 1144 1030 1167 trita
1058 1137 1090 1170 in
1114 1134 1249 1170 cerebro
1277 1138 1422 1186 vestigia.

114 1183 199 1230 Resp.
213 1182 343 1220 habitus
358 1182 584 1230 effespiritales
594 1213 603 1226 ,
617 1184 725 1231 quoad
745 1182 834 1218 usum
852 1211 862 1225 ,
884 1181 923 1215 C.
940 1194 1016 1217 nam
1031 1185 1067 1218 iis
1078 1196 1169 1221 mens
1183 1187 1281 1220 utitur
1292 1187 1333 1221 ad
1350 1189 1471 1225 intelli-

79 1232 246 1280 gendum:
266 1233 375 1280 quoad
387 1234 576 1276 entitatem,
595 1235 639 1269 N.
664 1231 721 1268 nifi
739 1245 781 1266 eo
792 1245 860 1280 quo
876 1231 1017 1266 diximus
1040 1235 1164 1278 modo,
1192 1247 1312 1283 nempe
1339 1248 1374 1272 ut
1393 1239 1469 1274 affe.

79 1281 201 1316 &iones
210 1282 359 1330 quaedam
367 1293 423 1318 aut
432 1280 690 1318 modificationes
705 1284 819 1317 animae
833 1280 1059 1329 intelligentis.r
1069 1287 1184 1332 Itaque
1202 1282 1243 1318 ab
1264 1286 1300 1318 iis
1313 1285 1470 1323 determi-

78 1341 172 1366 natur
192 1332 316 1366 animus
329 1360 340 1374 ,
359 1342 393 1365 ut
410 1333 566 1380 percipiat
583 1359 593 1374 ‚
611 1336 644 1368 &
661 1331 833 1379 intelligat.

116 1379 250 1425 Instant.
269 1379 491 1418 Producuntur
502 1381 526 1415 ii
541 1379 670 1416 habitus
684 1392 741 1430 per
752 1382 842 1416 aetus
860 1380 1015 1430 spiritales
1039 1395 1056 1417 z>
1078 1392 1156 1430 ergo
1181 1381 1252 1418 sunt
1273 1383 1387 1419 itidem
1408 1384 1468 1434 spi-

78 1427 202 1465 ritales„

116 1476 204 1524 Resp.
216 1475 345 1512 habitus
362 1475 595 1512 inteileemales
605 1477 737 1525 produci
751 1489 809 1524 per
819 1479 910 1513 aetus
923 1477 1112 1513 intelleekus
1128 1507 1138 1521 ‚
1162 1492 1228 1514 non
1237 1482 1392 1526 primario
1404 1510 1414 1524 ‚
1434 1488 1469 1519 ὃς

75 1524 182 1573 perse
191 1555 206 1570 ,.
215 1524 269 1560 sed
284 1537 321 1560 ex
332 1524 497 1560 occasione
509 1540 517 1562 :
531 1537 686 1575 quatenus
698 1527 814 1559 mentis
829 1527 1046 1573 cogitationes
1059 1525 1294 1574 consequuntur
1312 1532 1392 1564 certi
1405 1529 1468 1579 spi-

76 1574 195 1610 rituum
211 1585 317 1609 motus
331 1602 341 1616 ,
367 1579 401 1611 &
416 1573 541 1608 cerebri
566 1571 793 1622 impreffiones.

110 1624 249 1673 Vrgent.
264 1622 366 1661 N'ulla
380 1625 414 1659 in
427 1622 563 1660 cerebro
585 1623 673 1660 faeta
685 1621 858 1672 impreffio-
871 1621 1025 1658 exhibete
1049 1623 1153 1671 potest
1168 1634 1215 1658 tes
1231 1622 1251 1659 ὲ
1264 1628 1401 1662 materia
1418 1627 1467 1663 se-

16 1677 19 1684 '
74 1683 187 1707 cretas.

89 1732 91 1734 ·
114 1720 202 1769 Resp.
213 1721 270 1759 has
287 1720 403 1770 species
414 1720 548 1756 cerebro
557 1719 718 1770 impress'as
729 1733 787 1770 per
802 1719 833 1756 se
846 1720 979 1768 quidem
994 1734 1062 1758 non
1074 1719 1227 1756 exhibere
1238 1733 1286 1755 res
1297 1721 1464 1770 spiritales3

75 1767 130 1806 std
142 1769 269 1807 tantum
290 1783 346 1828 per
363 1771 510 1807 accidens
528 1785 536 1807 :
555 1781 714 1818 quatenus
727 1769 872 1819 praebent
889 1770 1090 1808 occasionem
1108 1769 1289 1806 intelledhii
1301 1775 1465 1820 cogitandi

54 1824 61 1826 ’
74 1817 116 1853 de
128 1820 165 1853 iis
178 1831 248 1867 quae
256 1819 324 1854 sunt
336 1833 355 1855 a
366 1822 500 1856 materia
512 1818 655 1867 separata
670 1832 678 1855 :
695 1819 970 1868 quemadmodum
986 1826 1022 1860 δι
1033 1832 1130 1859 voces
1143 1849 1154 1865 ,
1170 1831 1238 1868 quae
1260 1819 1382 1856 nullam
1410 1822 1473 1858 ha-

73 1863 158 1905 berit
173 1880 246 1907 cum
260 1867 358 1908 rebus
371 1868 441 1920 ipsis
457 1867 710 1906 similitudinem.

531 1967 1005 2017 Qnaesrroru

567 2066 622 2102 De
644 2066 748 2115 caufis
764 2065 943 2103 habituum.

157 2165 226 2199 frea
240 2163 406 2200 habituum
415 2163 520 2199 causas
533 2163 724 2210 quaestiones
738 2164 866 2211 aliquot
880 2177 1015 2201 movere
1028 2163 1143 2207 solent,
1153 2176 1224 2212 quae
1241 2166 1274 2199 in
1284 2164 1388 2199 nostra
1399 2164 1463 2201 sen·-

163 2217 262 2248 tentia
273 2213 377 2249 solutu
391 2214 461 2249 sunt
474 2213 637 2248 faciliore<
652 2240 668 2256 ‚,
681 2211 767 2259 quod
776 2212 905 2249 habitus
923 2213 1092 2261 acquisitos
1112 2227 1177 2248 non
1188 2211 1249 2247 effe
1263 2213 1432 2260 qualitates
1443 2215 1469 2251 a>

76 2259 281 2297 facultatibus
298 2264 456 2300 distinetas
471 2276 555 2311 pene
572 2264 591 2297 a
602 2261 695 2297 nobis
710 2263 895 2298 confeetum
907 2263 943 2298 fir
957 2293 966 2306 ‚
984 2269 1015 2301 ὅ(
1029 2262 1311 2311 probatum.Nam
1321 2275 1358 2297 ex
1369 2264 1461 2298 dicus

77 2307 182 2355 liquet
200 2309 367 2348 habituum
387 2313 492 2348 causas
515 2311 687 2347 efflarices
708 2309 769 2346 effe
792 2323 860 2345 tum
871 2311 999 2361 obje&a
1014 2340 1023 2354 ‚
1036 2324 1106 2358 quae
1118 2309 1237 2358 species
1251 2312 1462 2360 imprimunt,

77 2367 148 2393 tum
166 2358 333 2395 facultates
344 2360 422 2409 ipsas
437 2391 448 2406 ‚
466 2374 534 2410 quae
549 2373 607 2411 per
617 2359 742 2397 crebras
756 2363 961 2410 operationes
972 2361 1165 2397 facilitatem
1179 2359 1268 2394 illam
1278 2363 1461 2408 acquirunt5

1146 2409 1276 2457 Qffiij
