1857 2745
4 1505 13 1553 ῌ-ῑ.
2 1445 9 1489 -v-
0 1332 10 1428 «au-st

7 2372 11 2387 -.
7 2332 12 2348 α
3 2144 12 2306 ...ι---.θη
0 1698 14 2114 σμοΜ-μ-σ-κμ-Α-,ψ
4 1637 9 1687 „aa

441 123 797 165 TRACTATUS
850 124 1129 163 ’resti-ms.
1442 139 1502 173 54⁷

106 176 196 211 ÷tiam
214 173 270 211 suo
284 186 443 224 conceptu
452 176 585 211 includit
602 189 610 211 :
629 174 801 211 absurdum
815 178 903 211 enim
913 177 959 210 est
970 178 1139 224 concipere
1158 187 1212 211 ens
1228 172 1454 219 necessarium,
1468 182 1501 212 δε

111 223 264 273 ὲίὲίΡΓο,
280 223 368 273 quod
378 238 444 260 non
456 224 650 260 existattsed
660 224 747 259 nulla
763 237 813 260 res
832 223 1213 274 impoffibilisintelleeiu
1225 225 1279 261 suo
1297 224 1501 260 existentiam

115 274 366 322 complectitur:
382 276 465 323 Ergo
480 274 554 308 idea
568 274 650 309 entis
662 271 826 309 necessatii
837 284 922 317 ,aut
934 272 1053 309 summe
1065 275 1205 322 perfeffi
1218 288 1285 310 non
1298 274 1344 308 est
1363 272 1478 308 fictitia
1488 301 1499 318 ,

113 333 168 358 aut
181 322 392 371 impoffibilis.

150 372 319 407 Postremo
334 401 343 415 ,
357 372 461 406 ideam
474 373 521 406 rei
534 370 655 406 fiffitiae
669 368 828 419 possumus
847 374 881 407 in
905 383 1013 420 partes
1028 369 1132 406 secare
1143 400 1154 414 ,
1170 378 1227 407 aut
1239 370 1367 419 quidvis
1381 370 1427 405 illi
1441 372 1498 406 ad-

104 423 212 470 fficere
240 436 248 459 :
274 421 327 456 sed
350 420 424 456 huic
442 422 520 456 ideae
537 422 619 455 entis
632 420 752 454 summe
793 421 910 456 erfeeti
937 420 1018 456 nihil
1034 418 1194 469 poffumns
1209 419 1398 462 detrahere,
1412 420 1501 456 nihii

101 465 270 516 adjicere,
292 472 369 517 quin
383 470 455 504 idea
476 469 538 518 ipsa
551 469 742 504 destruatur:
757 434 790 504 ii3
795 471 871 518 quid
887 472 972 505 enim
991 470 1188 514 detraxeris,
1215 481 1250 505 ut
1268 468 1471 504 existentiam
1482 497 1494 514 ,

112 530 170 553 aut
185 518 396 568 sapientiam,
420 524 483 568 jam
503 531 568 554 non
583 520 642 553 erit
662 530 716 552 ens
737 517 860 554 summe
878 519 1075 568 perfeetum.

146 570 189 603 Ex
204 566 318 616 quibus
330 567 435 616 liquet
446 570 616 602 notionem
634 567 722 602 illam
737 571 818 604 entis
830 568 951 603 summe
963 568 1103 615 perfeffi
1113 565 1173 602 effe
1191 565 1312 601 realem
1323 595 1331 609 ‚
1345 579 1411 601 non
1426 567 1496 602 chi-

111 618 355 659 mericam‚non
370 620 417 652 rei
430 615 640 665 impoffibilis.
657 614 724 651 ldfi
737 618 852 662 datur,
874 615 999 653 necesse
1018 617 1060 651 est
1078 628 1113 651 ut
1134 616 1294 651 fateamur
1323 626 1391 649 rem
1403 616 1495 651 illam

112 665 256 700 existere.
271 664 372 713 Qvod
386 664 406 701 fi
420 668 508 701 enirn
524 679 589 701 non
602 666 704 700 existit
714 695 724 709 ,
747 669 884 702 omnino
898 666 942 702 est
953 664 1173 715 impossibilis:
1190 677 1263 698 curn
1278 662 1363 706 nihil
1372 666 1401 697 ei
1418 665 1494 698 dare

110 712 209 761 poffit
225 715 440 757 existentiam,
458 720 490 751 &
505 726 631 762 quanto
641 727 678 748 ea
689 727 737 749 res
749 717 792 750 est
804 720 921 764 major,
941 715 1003 749 hoc
1015 717 1075 749 etit
1094 716 1194 762 magis
1212 711 1431 760 impoffibilis:
1447 725 1493 747 at-

109 774 174 809 que
185 762 262 798 illud
279 763 401 799 lumine
414 763 551 798 naturali
564 774 681 798 notum
696 764 739 798 est
753 765 784 798 id
801 765 890 811 quod
902 763 954 798 sna
965 765 999 797 vi
1017 763 1122 812 potest
1136 761 1196 797 effe
1210 791 1220 805 ,
1238 760 1361 809 semper
1380 761 1492 797 existe-

100 823 155 846 :re.
208 810 271 846 uod
285 810 305 846 fi
321 813 492 861 pertendas
506 824 578 846 eam
594 823 662 848 rem
676 811 736 846 effe
751 812 980 861 impoffibilem
995 827 1003 848 ε

149 858 294 896 Ρῐίιηῖιῐη
311 863 574 909 repugnantiam,
592 860 612 894 si
629 873 699 908 quae
713 860 748 897 fit
764 891 774 906 ‚
799 861 858 896 tibi
874 861 1012 910 probare
1025 859 1196 896 incumbit.
1215 859 1346 895 Deinde
1370 859 1401 894 id
1424 864 1491 910 jam

107 907 127 944 21
140 908 235 943 nobis
245 910 435 945 confer‘ltum
445 909 506 944 fuit
516 915 547 945 δε
560 910 858 953 demonstratum,in
867 913 957 945 omni
967 909 1164 944 collectione
1173 911 1299 945 entium
1310 907 1370 943 esse
1382 910 1489 955 quod-

108 957 184 992 dam
198 958 284 993 ensa
296 958 344 1002 se,
371 964 403 994 &
423 957 594 992 neceffario
611 958 762 1002 existens,
786 960 826 993 de
837 964 922 1006 cujus
943 957 1073 993 effentia
1086 956 1121 991 sit
1138 958 1226 1004 quod
1239 957 1353 992 existat
1368 973 1376 999 3
1401 958 1490 1004 quod

107 1017 214 1053 neque
226 1004 286 1040 esse
298 1008 474 1054 incoeperit,
488 1018 594 1053 neque
602 1019 745 1053 unquam
754 1006 849 1056 possit
862 1005 1013 1051 definere,
1032 1007 1179 1054 alioquin
1196 1004 1270 1041 effer
1284 1008 1488 1053 contingens,

107 1066 175 1090 non
193 1053 410 1091 neceffirium.

137 1104 218 1137 Dari
229 1102 308 1138 vero
319 1104 498 1152 hujusmodi
513 1115 568 1139 ens
586 1102 605 1139 a
624 1103 653 1138 se
667 1131 677 1145 ‚
695 1108 762 1151 jam
777 1104 851 1138 hinc
867 1103 1061 1138 ostendimus
1076 1133 1085 1147 ‚
1098 1104 1190 1151 quod
1209 1115 1278 1150 quae
1290 1114 1396 1137 creata
1407 1102 1487 1144 sunt,

97 1153 277 1199 .autgenita
288 1180 297 1194 ,
316 1155 427 1187 omnia
436 1151 493 1187 sint
503 1155 723 1200 contingentia
734 1181 744 1196 ,
766 1165 840 1187 cum
850 1152 1024 1200 aliquando
1038 1165 1103 1188 non
1116 1152 1255 1187 fuerint:
1271 1153 1354 1199 Ergo
1367 1150 1435 1185 sunt
1445 1144 1487 1185 ab

105 1200 171 1234 alio
181 1201 269 1247 quod
281 1200 324 1235 est
335 1199 551 1237 necessarium.
564 1202 694 1236 Deinde
705 1199 724 1235 [i
734 1213 943 1251 aggregatum
956 1212 995 1236 ex
1007 1200 1101 1236 rebus
1116 1198 1267 1236 omnibus
1279 1199 1367 1233 nulla
1378 1212 1411 1233 re
1432 1212 1488 1234 ex-

106 1260 199 1296 cepta
211 1247 287 1283 eiset
297 1253 487 1299 contingens
502 1278 512 1293 ,
535 1255 569 1286 δε
584 1249 751 1299 possibile,
776 1264 817 1285 cx
847 1248 1018 1299 hypothesi
1039 1250 1125 1298 quod
1145 1263 1210 1285 non
1227 1247 1304 1284 ess'et
1319 1277 1328 1291 ,
1347 1260 1416 1282 tum
1438 1261 1488 1282 res

105 1309 218 1332 omnes
231 1310 274 1332 ex
290 1297 489 1346 poffibilibus
507 1298 620 1334 fierent
636 1298 847 1347 impossibiles
861 1327 870 1341 ,
885 1298 959 1333 cum
978 1298 1064 1333 nulla
1089 1311 1138 1333 res
1154 1297 1267 1333 reliCta
1279 1296 1316 1331 sit
1330 1297 1413 1331 unde
1429 1297 1488 1331 ha-

106 1345 185 1381 bere
197 1345 314 1395 poffint
325 1348 536 1382 existentiam.
557 1348 660 1391 Qod
672 1350 783 1394 utique
802 1347 947 1393 implicat
959 1374 968 1388 ,
995 1352 1028 1382 &
1042 1346 1083 1381 εὸ
1097 1349 1236 1381 maxime
1253 1345 1341 1393 quod
1355 1344 1488 1392 postibi.

105 1394 176 1429 litas
187 1423 196 1437 ,
217 1407 270 1429 aut
282 1394 517 1443 impossibilitas
529 1399 573 1430 rei
584 1397 700 1430 variati
714 1408 780 1430 non
792 1393 886 1442 poffit
896 1423 906 1438 ,
923 1393 1022 1441 fitque
1043 1397 1072 1428 ei
1088 1394 1270 1430 essentialis.

134 1444 245 1493 Qre
261 1442 428 1478 fatendum
444 1445 486 1477 est
495 1444 563 1478 dari
575 1443 703 1491 aliquod
724 1456 779 1478 ens
798 1443 816 1478 ἐι
837 1442 886 1487 se,
907 1448 940 1480 &
956 1442 1161 1478 neceilarium
1173 1472 1182 1486 ,
1206 1448 1238 1480 δε
1253 1441 1483 1490 independens:

104 1491 183 1527 illud
200 1490 278 1526 vero
297 1491 558 1539 else·perfe&nm
576 1494 678 1527 statim
691 1491 903 1539 intelligimus
914 1520 924 1534 ,
943 1504 1015 1526 cum
1029 1505 1070 1527 ex
1083 1504 1122 1525 eo
1136 1494 1242 1526 omnis
1261 1491 1422 1540 perfeffio
1438 1502 1489 1523 re-

104 1553 175 1575 rum
191 1569 200 1583 ‚
224 1553 293 1587 quae
310 1539 378 1575 fiint
390 1540 432 1574 ab
447 1541 511 1575 alio
525 1571 533 1585 ,
551 1540 776 1590 proficiscatur.
791 1543 907 1587 ltaque
920 1553 1032 1575 omnes
1047 1540 1268 1589 perfeffiones
1283 1552 1353 1587 quae
1375 1539 1486 1572 dicun-

98 1600 153 1623 tur
170 1589 353 1638 [impliciter
367 1588 537 1637 iiiiiplices,
551 1603 619 1638 quae
637 1589 755 1624 scilicet
767 1589 917 1625 meliores
937 1588 1006 1624 sunt
1030 1589 1100 1636 ipsae
1113 1618 1122 1632 ,
1135 1589 1234 1636 quam
1248 1602 1316 1624 non
1335 1585 1404 1635 ipsae
1419 1615 1430 1631 ,
1449 1598 1484 1622 ut

104 1640 169 1672 vita
185 1667 193 1680 ,
216 1636 343 1672 bonitas
356 1666 366 1680 ,
384 1637 537 1685 sapientia
557 1642 586 1673 ei
600 1640 810 1674 conveniunt.

136 1686 217 1721 Illud
226 1698 355 1733 quoque
366 1687 405 1719 ad
422 1689 587 1722 notionem
598 1690 691 1736 primi
707 1689 790 1721 entis
801 1716 809 1730 ‚
825 1692 857 1723 δε
872 1685 1032 1722 neceffiu'ii
1048 1688 1189 1735 pertinet
1201 1714 1209 1727 ‚
1227 1695 1262 1719 ut
1281 1682 1318 1718 fit
1333 1686 1485 1719 immate-

102 1735 180 1770 riale
192 1765 201 1778 ,
223 1740 255 1770 &
271 1733 488 1770 intellectuale
501 1750 508 1771 z
521 1749 594 1774 cum
609 1739 713 1771 omnis
724 1735 942 1784 intelligenti]
958 1735 999 1769 ab
1013 1748 1054 1770 eo
1067 1734 1213 1783 profluat.
1230 1730 1367 1769 Neceffe
1383 1735 1482 1767 etiam

103 1785 193 1819 estut
204 1782 411 1818 sitinlinitum
427 1813 435 1826 ‚
453 1797 611 1819 aeternum
628 1814 637 1827 ,
660 1787 820 1833 optimum
833 1814 842 1827 ,
863 1790 896 1821 &
910 1796 1021 1820 omnes
1041 1783 1258 1832 perfeetiones
1270 1784 1313 1816 ita
1332 1783 1364 1815 in
1380 1793 1419 1814 eo
1432 1793 1482 1814 re-

102 1835 264 1881 periantur
275 1861 283 1874 ,
303 1844 337 1865 ut
352 1831 410 1867 {int
423 1846 520 1867 unum
530 1834 682 1881 quiddam
701 1847 766 1868 non
776 1833 881 1867 divisae
894 1849 903 1875 ·,
924 1845 1041 1867 omnes
1057 1833 1198 1879 denique
1212 1832 1357 1865 omnium
1376 1841 1483 1864 rerum

102 1883 195 1917 dotes
207 1883 362 1916 eminenti
373 1881 512 1928 quadam
524 1885 650 1917 tatione
660 1881 905 1928 complestatut.
920 1884 1026 1928 Atque
1040 1884 1071 1916 in
1081 1880 1143 1915 hoc
1154 1879 1241 1915 nulla
1254 1879 1295 1913 est
1305 1890 1485 1926 repugnan-

103 1933 148 1965 tia
160 1959 169 1973 ,
183 1929 268 1965 nulla
279 1931 494 1965 contradictio
509 1945 516 1967 :
531 1934 598 1966 imo
614 1929 774 1979 perfestio
791 1929 845 1964 illa
860 1932 892 1964 in
910 1931 998 1964 omni
1019 1941 1138 1979 genere
1156 1930 1239 1963 entis
1254 1929 1360 1975 primo
1387 1928 1455 1960 enti
1471 1955 1482 1968 ‚

98 1980 191 2027 quod
208 1979 254 2012 est
267 1978 287 2013 ἐι
301 1977 398 2026 seipso
412 2008 421 2021 ,
441 1982 581 2014 maxime
592 1980 751 2015 convenit.
765 1992 772 2013 :
794 1978 835 2013 est
859 1980 944 2013 enim
960 1979 1047 2012 radix
1073 1979 1204 2026 propriae
1220 1976 1395 2010 existentiae
1408 2003 1418 2017 ‚
1450 1980 1485 2011 &

102 2029 247 2063 omnium
263 2026 499 2073 perfectionum
516 2039 632 2075 ,atque
647 2027 688 2062 ab
703 2040 742 2062 eo
755 2027 825 2062 sunt
843 2029 952 2062 omnia
966 2039 1168 2074 quaecunque
1187 2025 1258 2060 sunt
1275 2054 1284 2068 ,
1307 2022 1406 2072 ipsum
1424 2035 1484 2057 ve..

103 2075 143 2112 τὸ
165 2076 185 2111 ἐῑ
207 2075 307 2111 nullo.
346 2078 446 2124 Qod
465 2076 484 2111 fi
502 2077 588 2112 nulla
605 2076 639 2111 sit
658 2076 894 2119 contradictio,
930 2075 1016 2110 nulla
1038 2075 1249 2124 repugnantia
1275 2083 1310 2107 ut
1329 2071 1484 2118 ejusmodi

105 2137 159 2160 ens
169 2124 281 2159 existat
299 2123 418 2160 summe
433 2126 630 2175 perfeetum,
652 2127 683 2160 id
694 2128 806 2173 utique
816 2130 882 2173 jam
901 2125 1151 2160 demonstratum
1170 2124 1233 2158 fuit
1250 2121 1331 2155 illud
1349 2133 1404 2155 ens
1419 2121 1484 2154 exi-

106 2175 195 2209 stete.

144 2223 232 2256 Hinc
243 2224 459 2259 concludimus
473 2225 672 2259 existentiam
686 2221 745 2257 effe
758 2223 797 2257 de
812 2225 938 2258 ratione
957 2224 1039 2256 entis
1068 2220 1188 2255 summe
1205 2218 1344 2268 perfezsti
1356 2247 1365 2261 ‚
1390 2230 1424 2253 ut
1441 2219 1482 2253 de

103 2272 229 2305 ratione
240 2272 348 2305 circuli
363 2273 405 2306 est
414 2273 498 2318 quod
517 2271 552 2306 sit
565 2271 716 2306 rotundus
728 2289 735 2315 3
746 2284 804 2306 nec
817 2274 989 2318 quicquam
1006 2269 1089 2303 aliud
1107 2268 1206 2303 habet
1226 2268 1306 2303 hanc
1322 2279 1484 2315 praeroga-

107 2321 208 2353 tivam
224 2320 326 2353 :nnde
334 2333 402 2354 non
414 2322 455 2354 est
465 2322 504 2354 de
522 2319 651 2355 effentia
669 2320 817 2368 trianguli
827 2321 914 2369 quod
927 2319 1046 2355 existat.
1066 2317 1128 2352 Sed
1139 2318 1173 2352 id
1187 2330 1284 2353 unum
1294 2317 1382 2364 quod
1401 2317 1444 2351 est
1461 2315 1481 2351 εὶ

109 2369 156 2412 se,
168 2380 206 2402 ex
217 2365 354 2404 ell'entiae
367 2367 425 2403 fiiae
436 2368 618 2404 necessitate
641 2368 761 2405 existit.
