1857 2745
527 103 666 139 PARS
702 103 981 140 SECUNDA.
1447 116 1479 149 18

148 154 201 191 Sic
216 151 408 189 authoritati
424 150 618 195 hominum,
639 164 715 189 cum
730 153 771 187 de
789 164 904 188 natura
930 164 1038 187 rerum
1057 159 1229 201 quaeritur,
1255 170 1322 194 non
1346 157 1416 207 plus
1443 129 1501 196 tri7.

103 202 268 241 buendum
276 202 324 238 est
336 231 346 246 ,
364 200 465 250 quam
479 203 568 237 reeta
580 203 664 237 ratio
679 202 832 251 postulat.
849 204 963 239 Nemo
985 200 1044 238 nifi
1058 215 1160 240 caecus
1186 204 1222 240 s1t
1234 236 1243 250 ‚
1270 207 1384 243 alienis
1397 210 1498 245 oculis

100 255 213 290 nititur
223 280 235 297 ‚
246 251 298 287 sed
307 252 378 289 suis.
388 252 456 288 Cur
468 254 564 301 igitur
576 253 609 287 in
620 255 763 288 veritatis
778 253 988 302 indagatione
1002 253 1166 290 tationem
1180 257 1318 292 nostram
1332 287 1341 301 ,
1363 270 1433 306 quae
1451 261 1499 295 est

99 304 219 340 mentis
229 301 340 338 oculus
349 331 359 346 ,
377 315 447 338 non
457 299 650 337 adhibemus
665 305 770 351 potius
781 332 791 347 ,
811 305 910 351 quarn
920 302 1088 338 hominum
1099 305 1278 341 testimonia
1290 316 1300 341 ἰ
1317 309 1438 356 Neque
1447 311 1499 344 id-

97 354 244 387 circores
263 364 341 387 vera
357 352 421 395 est,
447 353 522 399 quia
540 364 632 387 vetus
646 352 692 386 est
711 364 765 388 aut
783 364 871 388 nova
891 364 981 389 :nec
997 353 1115 388 mirum
1131 352 1152 388 si
1173 357 1298 391 mundo
1314 355 1497 394 senescente

98 400 200 437 multa
209 413 287 437 ante
297 403 463 451 incognita
474 401 772 451 detegantur.Nam
782 402 803 438 ὲ
812 401 939 438 senibus
951 404 1008 450 qui
1018 401 1155 450 plurima
1167 406 1315 451 quotidie
1326 410 1499 456 experiun-

98 460 168 493 tur,
183 453 336 486 maturius
355 451 514 498 judicium
529 480 538 493 ,
561 464 598 486 ac
621 457 724 501 major
748 451 879 488 scientia
907 451 956 487 est
975 453 1185 499 expeekanda.

134 506 167 544 3⁰
187 500 240 537 Est
251 500 339 535 aliud
355 502 456 536 animi
468 502 588 537 vitium
605 530 615 545 ,
634 514 674 538 ex
683 515 752 550 quo
765 515 865 551 prava
875 501 997 552 judicia
1007 500 1200 550 plerumque
1213 500 1393 548 nascuntur,
1403 507 1495 553 quod

94 547 369 586 affirmationibus
381 551 595 599 magiS,quarn
613 551 844 601 negationibus
863 563 1033 588 moveatur
1049 579 1059 595 ,
1077 563 1152 587 cum
1164 564 1294 600 aequum
1310 551 1340 587 se
1351 555 1495 603 utrisque

95 598 237 649 praebere
247 598 473 635 debeatflinc
483 599 814 650 Astrologiaeyanitas
826 613 935 637 ortum
949 601 1140 638 duxitNarn
1151 614 1233 650 quos
1246 601 1497 652 Astrologifflaut

95 659 135 684 ex
147 647 279 684 somniis
291 649 450 684 divinatio
461 649 604 685 deleam
613 680 622 694 ‚
639 653 660 685 ii
670 650 844 700 diligenter
854 650 1029 688 observant
1041 662 1194 695 eventus,
1217 649 1238 686 si
1250 653 1307 699 qui
1321 651 1497 689 fortecon-

94 699 230 747 tigerint
245 711 254 733 ε
268 697 319 731 sed
331 695 389 732 ubi
402 697 538 742 fallunt,
560 700 650 746 quod
665 698 774 747 saepius
788 701 924 744 accidit,
950 713 993 736 ne
1015 701 1186 736 attendunt
1210 702 1354 748 quidem.

137 754 179 794 4⁰
191 747 275 781 Haec
290 747 401 794 utique
411 748 488 782 vitia
500 749 604 782 menti
614 747 820 797 potiffimum
836 778 847 793 ,
868 748 922 785 seu
936 749 1120 786 intellectui
1135 748 1243 785 insunt
1260 763 1268 784 :
1294 749 1410 787 verum
1423 750 1495 789 sunt

91 793 201 843 aliqua
214 808 284 844 quae
301 807 340 831 ex
356 793 421 844 ipsa
435 795 607 832 voluntate
625 798 795 836 ducuntur.
806 801 908 836 vNam
922 800 1080 848 judicium
1096 811 1182 848 pene
1195 811 1295 834 omne
1306 800 1327 835 ἐι
1338 799 1496 837 libertate

90 845 198 881 nostra
210 843 418 893 proficiscitur
437 858 445 880 :
463 845 532 881 haec
549 847 593 881 est
604 860 676 895 quae
687 859 836 884 mentem
851 850 1050 884 determinat
1066 877 1076 892 ,
1097 847 1172 883 curn
1186 859 1277 883 tanta
1292 862 1362 884 non
1380 851 1428 885 est
1447 852 1494 886 rei

90 894 259 929 evidentia
272 923 282 938 ‚
298 906 442 941 quaenos
450 894 792 944 alsentiricompellat.
816 901 911 946 Saepe
920 910 1032 933 autem
1045 900 1159 934 evenit
1176 909 1212 932 ut
1234 897 1383 933 voluntas
1404 898 1469 949 ipsa
1480 929 1493 944 ,

90 942 146 977 vel
165 942 300 978 affectus
317 941 471 979 assensum
486 955 696 993 extorqueat,
719 959 787 981 non
808 946 896 982 clara
909 951 945 983 &
962 946 1114 982 distineta
1129 949 1174 981 rei
1196 958 1291 993 perce
1318 949 1365 982 tio
1387 949 1492 997 impe..

91 1001 165 1027 tret.
175 993 262 1027 Rem
271 1005 382 1027 veram
399 991 460 1027 esse
474 993 682 1029 decernimus
698 1022 708 1037 ‚
737 994 827 1042 quod
839 1008 899 1031 nos
916 995 1061 1032 delectet
1077 1010 1085 1029 :
1111 996 1266 1041 quodque
1279 959 1377 1031 (ἐπεὶ
1394 997 1492 1033 nobis

89 1039 265 1090 probatum
282 1041 346 1077 fuir
357 1071 367 1086 ‚
385 1053 442 1076 aut
455 1041 476 1078 ἐι
501 1041 597 1077 nobis
608 1043 769 1077 creditum
783 1072 794 1086 ‚
817 1045 872 1078 vix
881 1046 1049 1091 rejicimus,
1074 1044 1149 1077 Nec
1170 1041 1272 1077 finem
1289 1055 1363 1079 eum
1391 1045 1489 1082 nobis

87 1092 299 1139 proponimus
313 1119 324 1134 ,
345 1092 402 1138 qui
425 1091 466 1125 ad
481 1093 572 1127 reste
583 1092 624 1126 de
635 1091 727 1126 rebus
742 1091 951 1141 judicandum
975 1092 1159 1138 requiritur.
1196 1091 1258 1126 Sed
1283 1091 1337 1127 alii
1355 1093 1489 1130 consue-

87 1140 220 1184 tudine,
237 1138 291 1175 alii
300 1140 545 1176 contradicendi
560 1139 714 1186 libidine,
733 1152 792 1176 aut
807 1142 1030 1176 contentionis
1047 1140 1149 1175 studio
1175 1139 1389 1190 abripiuntur.
1422 1144 1490 1180 Alii

85 1187 262 1235 susceptam
282 1191 477 1238 opinionem
494 1192 705 1238 pertinaciter
720 1190 907 1226 defendunt
918 1218 928 1233 ,
951 1202 993 1225 ne
1005 1188 1144 1225 levitatis
1158 1219 1166 1232 ,
1191 1202 1248 1225 aut
1263 1192 1488 1229 inconstantia:

85 1237 282 1274 accusentur.
306 1241 355 1275 Ae
367 1238 560 1288 plerumque
574 1242 700 1275 remita
714 1238 775 1275 effe
785 1239 981 1288 judicamus,
998 1239 1086 1287 quod
1105 1239 1214 1275 nostra
1226 1239 1345 1276 intersit
1362 1270 1373 1286 ‚
1386 1253 1422 1277 ut
1435 1255 1485 1278 res

59 1325 63 1328 ,
85 1286 149 1323 hoc
159 1289 261 1324 modo
271 1287 301 1324 se
318 1287 442 1324 habear
457 1307 466 1335 3
491 1301 529 1324 ac
547 1292 721 1325 veritatem
734 1291 876 1324 utilitate
889 1289 999 1324 nostra
1014 1291 1179 1326 metimur.
1194 1315 1198 1317 -

120 1338 198 1372 Huc
209 1339 311 1375 etiarn
323 1338 446 1374 accedit
458 1339 670 1374 inconstantia
687 1343 721 1375 ὃ(
739 1339 913 1385 irrequieta
933 1341 1037 1373 motio
1051 1339 1228 1375 voluntatis
1241 1369 1250 1383 ‚
1281 1351 1350 1386 quae
1366 1344 1485 1377 mentis
1500 1361 1502 1364 -

83 1388 188 1422 aciem
196 1387 262 1422 alio
275 1386 438 1432 deflectit,
455 1400 564 1435 neque
575 1399 648 1423 eam
665 1386 738 1423 finit
747 1389 865 1423 diutius
878 1388 913 1421 in
930 1390 975 1422 rei
993 1387 1120 1437 alicujus
1135 1388 1415 1437 contemplatione
1424 1391 1484 1425 de-

84 1433 141 1483 figi
156 1436 276 1483 3idquc
289 1435 462 1484 praesertim
474 1435 495 1471 fi
509 1449 558 1471 res
576 1432 614 1472 fit
626 1437 646 1472 ἐι
666 1435 806 1472 sensibus
819 1447 967 1480 remota,
990 1448 1044 1471 aut
1067 1436 1227 1472 abstracta
1238 1466 1248 1480 ,
1269 1450 1409 1485 quaeque
1426 1440 1482 1475 illa
1497 1465 1500 1467 -

84 1482 300 1519 delectatione
321 1497 420 1531 quam
431 1483 554 1529 ubique
572 1485 723 1520 voluntas
742 1486 876 1532 quaerit,
900 1488 1035 1521 omnino
1059 1485 1256 1521 destituatur.
1277 1488 1390 1534 Atque
1411 1488 1481 1524 haec

83 1533 166 1568 vitia
178 1532 248 1567 satis
264 1533 363 1569 fuerit
376 1532 523 1569 indicaffe
538 1561 548 1576 ‚
566 1544 603 1568 ut
622 1531 663 1568 ab
679 1535 715 1566 iis
732 1544 915 1568 caveamus.

121 1591 155 1629 5²·
173 1580 256 1629 Qo
272 1595 342 1617 rem
358 1594 425 1617 tam
441 1580 505 1617 late
515 1580 634 1626 fusam,
654 1587 688 1619 &
700 1592 784 1630 pene
806 1580 967 1616 infinitam
976 1583 1086 1630 paucis
1099 1582 1354 1631 complectamur
1376 1598 1384 1620 τ
1410 1598 1479 1623 non

82 1628 186 1666 sensus
203 1630 306 1667 modo
316 1628 416 1666 nostri
425 1660 435 1675 ,
449 1633 641 1680 imaginatio
650 1660 661 1674 ‚
678 1643 769 1667 mens
784 1630 851 1680 ipsa
863 1659 874 1675 ,
888 1630 1040 1666 voluntas
1052 1661 1062 1676 ,
1076 1631 1210 1668 affectus
1221 1660 1231 1675 ‚
1245 1638 1281 1670 &
1293 1635 1392 1669 animi
1403 1647 1478 1684 per-

82 1678 287 1716 turbationes
303 1682 335 1715 in
351 1682 459 1716 varios
470 1693 593 1716 errores
608 1693 668 1717 nos
683 1681 856 1716 inducunt:
877 1680 974 1716 sedin
984 1680 1080 1716 rebus
1092 1681 1162 1729 ipsis
1177 1693 1264 1717 tanta
1282 1682 1418 1732 persaepe
1435 1685 1480 1720 est

82 1728 257 1764 obscuritas
272 1759 282 1774 ‚
302 1740 338 1765 ut
351 1731 441 1778 quod
460 1729 581 1766 clarum
596 1731 640 1766 est
658 1735 691 1767 &
708 1742 859 1779 apertum
870 1758 880 1773 ,
905 1729 947 1764 ab
963 1742 1004 1765 eo
1027 1731 1115 1779 quod
1129 1731 1172 1766 est
1194 1729 1362 1767 obscurum
1377 1762 1386 1776 ‚
1415 1747 1495 1783 op--

79 1781 239 1827 primatur
252 1797 260 1820 ς
271 1791 332 1814 nec
340 1790 433 1815 mens
447 1777 504 1814 nifi
520 1780 621 1815 studio
633 1785 668 1817 δε
686 1779 801 1814 labore
814 1778 943 1814 subacta
953 1778 1074 1816 clarum
1091 1779 1134 1815 ab
1151 1779 1285 1815 obscuro
1300 1809 1310 1824 ,
1330 1791 1443 1817 verum
1456 1782 1497 1818 ‘a’-

80 1827 163 1863 falso
172 1828 285 1864 'valeat
293 1828 455 1863 secernere
467 1841 474 1863 :
488 1841 630 1876 cumque
640 1832 778 1864 acriores
790 1829 1013 1864 distinetiones
1027 1859 1036 1874 ,
1054 1841 1090 1865 ut
1102 1829 1252 1865 molestas
1267 1828 1371 1878 flugiat
1381 1860 1390 1874 ,
1404 1845 1495 1866 om,-

81 1878 136 1913 nia
147 1889 232 1927 pene
240 1877 420 1914 confundit.
431 1878 541 1926 Atque
553 1880 586 1912 in
596 1880 636 1912 iis
650 1907 659 1921 ‚
675 1891 749 1925 quae
764 1877 875 1926 passim
892 1890 1061 1915 occurrunt
1072 1909 1082 1923 ,
1100 1892 1139 1914 ea
1147 1877 1256 1933 regula
1269 1880 1408 1914 tenenda
1420 1881 1476 1925 est,
1491 1907 1495 1911 i

82 1937 120 1961 ut
131 1939 171 1962 ex
187 1929 224 1961 iis
236 1939 307 1974 quae
316 1937 402 1961 certa
411 1926 481 1962 sunt
494 1956 504 1971 ‚
521 1933 556 1964 &
569 1926 740 1963 manifesta
756 1956 766 1970 ,
787 1940 859 1975 quae
882 1926 1032 1963 videntur
1050 1931 1172 1964 incerta
1187 1929 1293 1978 potius
1315 1926 1448 1977 colligat
1462 1958 1475 1974 ‚
1491 1957 1494 1962 .

81 1977 182 2022 quam
190 1987 226 2011 ut
235 1974 431 2011 ‘ex‘obscuris
442 1978 616 2013 &incertis
631 2004 642 2019 ‚
661 1989 732 2025 quae
755 1975 828 2011 sunt
840 1975 1033 2026 apertissima
1049 1977 1227 2015 convellat.
1253 1978 1342 2014 Nam
1356 1980 1476 2014 rationi
1490 1977 1493 1980 ⁴

81 2024 130 2058 est
144 2027 283 2072 maxime
293 2023 563 2070 consentaneum,
586 2025 607 2062 ὲ
619 2029 760 2062 veritate
769 2026 946 2062 manifesta
963 2040 1030 2063 non
1043 2026 1222 2071 discedere,
1233 2068 1236 2070 ,
1248 2027 1336 2074 quod
1351 2034 1425 2063 cu‘m
1435 2029 1475 2065 ea

81 2073 184 2109 multa
195 2073 457 2121 fintconjuneba,
477 2077 622 2123 quae·vix
638 2075 757 2123 assequi
772 2074 945 2125 possumus.
971 2079 1049 2112 Haec
1062 2080 1171 2126 utique
1187 2076 1297 2112 multis
1315 2077 1472 2127 exemplis
1487 2097 1489 2099 ·

79 2120 225 2167 illustrari
239 2123 388 2174 possent,
413 2136 485 2175 quae
496 2138 531 2163 m
541 2123 672 2163 decursu
686 2125 783 2174 hujus
803 2128 912 2177 operis
929 2125 1029 2165 facile
1046 2127 1278 2178 intelligentur.
1292 2149 1297 2153 -

1213 2370 1313 2417 'Aaij
