1857 2745
574 138 615 173 M
633 138 668 173 O
688 136 721 171 R
741 136 768 171 Α
790 137 847 172 LI
865 137 894 172 S.
1381 151 1429 183 337

41 188 87 227 est
99 187 312 224 Humanarum
326 197 434 223 terum
447 184 612 222 conditio:
627 184 748 234 ubique
765 188 854 223 enim
871 196 990 234 magna
1008 195 1179 221 occurrunt
1197 186 1429 231 incommoda3

43 249 104 276 nec
121 248 230 272 tamen
249 239 425 285 quicquam
446 234 588 271 miserius
602 235 703 284 quam
722 238 754 271 in
771 238 895 271 incerto
908 233 1032 284 semper
1055 234 1212 270 fluetuare
1227 263 1236 278 ,
1265 241 1298 272 &
1325 247 1429 273 toram

43 288 144 325 vitam
159 287 192 321 in
211 286 424 322 deliberando
440 285 620 322 traducere.
634 282 874 321 Difficusstatem
890 296 988 333 auget
998 285 1100 319 aetatis
1111 283 1293 320 infirmitas.
1311 286 1430 320 Ineun-

45 345 76 371 te
93 337 172 369 enim
186 333 398 381 adolescentie}
409 363 418 374 ,
434 336 541 382 inquit
552 335 672 370 Cicero
691 363 701 377 ‚
713 348 793 370 rcum
815 333 892 379 inest
916 335 1061 372 maxima
1072 331 1274 368 imbecillitas
1290 334 1410 379 confilii
1420 362 1429 374 ,

43 395 111 420 zum
126 382 228 429 idfibi
244 386 375 430 quistyue
387 397 488 433 genus
499 387 599 418 aetatis
613 383 755 432 degenda
770 381 929 428 constituit
946 410 956 422 ,
986 381 1073 430 quod
1087 384 1227 416 maxime
1243 384 1427 417 adamavit.

43 435 160 479 Itaque
177 431 251 466 ante
268 435 459 480 implicatur
471 434 579 480 aliquo
600 445 683 468 certo
693 446 828 482 genere,
847 433 999 480 cmsuque
1019 431 1159 465 vivendi
1174 457 1186 475 ,
1209 443 1307 478 quam
1324 436 1432 481 potuit

43 481 129 529 quod
147 484 300 529 optimum
322 483 388 529 effer
404 509 414 520 ‚
433 482 596 526 judicare.

81 529 163 564 mud
180 529 260 566 veto
274 532 436 579 Sapientis
451 533 483 566 in
499 543 608 566 mente
630 530 814 567 habendum
829 544 839 576 ¹,
861 544 900 566 ne
908 531 1061 565 innitaris
1071 530 1245 580 prudentie
1255 540 1325 565 rua.
1336 540 1428 577 prov.

43 587 89 617 ιθ.
104 581 187 614 Item
204 579 283 614 illud
297 608 307 623 ,
334 579 445 626 vidisti
461 579 613 615 hominem
622 582 800 633 sapientem
813 579 877 626 fibi
890 579 998 614 videri·
1014 606 1024 618 ‚
1058 581 1159 628 magis
1186 580 1241 613 illo
1262 581 1352 625 spem
1376 578 1432 612 ha-

41 626 127 665 bebit
161 628 322 677 infipiens.
352 629 454 675 Qvod
479 641 590 665 autem
602 630 641 664 ad
651 632 737 665 iuarn
748 629 897 678 cujusque
909 639 1056 663 naturam
1074 627 1238 664 confilium
1253 626 1315 661 effe
1332 640 1432 663 omne

40 678 259 717 revocandum
279 689 370 726 putat
382 679 501 714 Cicero
512 708 522 723 ‚
539 680 575 713 id
590 680 705 728 magna
717 691 757 713 ex
775 690 866 727 parte
881 689 996 713 verum
1012 678 1065 714 est.
1077 681 1167 715 Nam
1177 707 1187 720 ,
1211 689 1246 712 ut
1259 674 1328 725 ipse
1355 689 1432 725 pru-

42 724 229 769 dentiffime
243 729 406 776 praecipit,
431 728 572 764 tenenda
587 726 658 762 sunt
677 726 729 762 sua
740 731 854 775 cuique
871 757 880 771 ‚
899 740 969 762 non
983 726 1098 762 vitiosa
1117 757 1127 770 ‚
1144 725 1196 761 sed
1207 726 1353 775 propria,
1366 726 1433 774 quo

42 773 171 811 facilius
181 775 334 810 decorum
347 775 428 811 illud
443 776 529 824 quod
544 778 715 824 quaerimus
726 806 735 820 ,
751 780 938 812 retineatur.
953 778 1090 825 -Neque
1107 778 1193 811 enim
1209 777 1328 810 attinet
1341 788 1432 811 natu-

41 834 84 859 εκ
97 835 294 873 repugnare,
308 827 553 874 necquicquam
570 823 681 873 sequi,
705 827 794 874 quod
811 825 932 874 assequi
946 838 1100 874 nequeas.
1117 826 1200 873 ⁴933ae
1221 825 1433 874 contemptun.

43 881 107 917 tes,
129 874 256 921 inquit,
281 875 456 922 expendere
472 873 645 923 oportebit,
673 877 754 921 qnid
769 877 899 922 quisque
914 873 1032 909 habeat
1045 877 1121 921 fiai,
1145 873 1429 920 caquemederari,

43 933 101 966 nec
109 922 196 955 velle
206 924 346 970 experiri
364 921 462 969 quiem
469 925 504 968 se
513 923 622 957 aliena
635 924 778 959 deceant.
794 924 837 957 Id
847 926 930 957 enim
939 936 1097 970 quemque
1106 923 1192 957 decet
1202 951 1213 966 ‚
1225 921 1322 970 -quod
1329 921 1369 966 est
1377 937 1432 958 cu-

35 972 150 1016 jusque
152 971 247 1016 suum
266 974 417 1007 maxime.
439 974 537 1005 Suum
555 973 658 1020 igitur
669 972 800 1018 qmfique
819 972 923 1016 noscat
939 974 1100 1020 ingenium
1120 1001 1130 1015 ,
1149 972 1371 1017 .acremquese
1390 972 1431 1008 &⁰

42 1019 197 1054 vitiorum
209 1017 248 1052 ό·
263 1017 545 1064 bonorumfitorum
561 1019 700 1059 judicem
714 1017 862 1067 prebeat,
874 1032 911 1052 ne
917 1021 1034 1064 scenici
1048 1022 1214 1068 plusquam
1228 1032 1282 1053 nos
1295 1019 1432 1055 videan-

43 1075 100 1102 tur
114 1065 231 1101 habere
240 1066 412 1116 prudenti-e
423 1067 495 1101 :illi
509 1069 591 1101 enim
599 1081 658 1103 non
669 1071 805 1114 optimas
821 1095 829 1110 ,
846 1067 906 1113 sed
918 1066 981 1110 fibi
993 1067 1326 1110 accommodatiffimas
1334 1067 1434 1113 fabu-

0 1137 1 1141 =
44 1114 96 1150 125
113 1115 244 1165 eligunt.
260 1115 368 1151 Multa
380 1115 510 1152 inhanc
531 1115 723 1151 sententiam
741 1115 832 1150 addit
850 1120 960 1164 magni
978 1117 1091 1163 utique
1109 1117 1283 1151 momenti.
1306 1115 1433 1153 Verum

43 1175 80 1200 uz
94 1175 220 1200 tantum
232 1167 397 1213 negotium
411 1163 497 1200 bene
513 1176 621 1200 vertat
632 1189 642 1208 ‚
658 1167 735 1200 Deo
744 1166 901 1213 imprimis
913 1165 956 1199 est
968 1165 1264 1201 commendandum
1275 1193 1285 1208 ,
1295 1171 1329 1202 &
1343 1168 1435 1213 quod

43 1211 98 1248 ille
112 1212 227 1249 tribuit
238 1214 396 1258 fortunae,
415 1218 504 1263 cujus
520 1216 554 1250 in
566 1214 740 1249 delinendo'
750 1226 869 1263 genere
890 1215 966 1248 vitae
991 1227 1144 1264 magnam
1162 1214 1233 1249 vult
1245 1213 1433 1252 habendam

44 1259 107 1297 csse
123 1264 285 1298 rationem
296 1292 306 1307 ,
323 1276 381 1299 nos
398 1263 517 1300 divinae
528 1245 743 1311 provident-ize
761 1263 968 1298 tribuendum
990 1262 1053 1299 effe
1065 1266 1201 1299 omnino
1227 1262 1432 1302 arbitramur.
1453 1293 1456 1296 -

55 1333 59 1336 -
76 1309 161 1346 11:1ud
171 1314 259 1348 enim
274 1311 295 1348 ὲ
306 1314 462 1362 Sapiente
475 1313 608 1357 dietum,
619 1325 711 1362 prov.
725 1327 759 1362 ¹5·
780 1315 885 1347 Sortes
899 1315 1115 1348 mittunturin
1123 1314 1229 1359 finum
1239 1342 1248 1356 ‚
1259 1314 1322 1358 sed
1332 1311 1352 1347 ἃ
1364 1316 1434 1348 Do-

45 1361 126 1396 mino
135 1371 372 1410 temperantur,
393 1360 489 1397 latius
505 1373 596 1410 patet
611 1374 710 1410 quam
727 1360 827 1411 vulgo
840 1362 1009 1397 credimus.
1047 1365 1129 1411 Qiae
1149 1364 1238 1397 enim
1261 1361 1358 1396 nobis
1384 1366 1433 1398 vi-

45 1409 164 1445 dentur
179 1409 315 1445 fortuita
327 1439 336 1453 ‚
366 1411 386 1446 ὲι
400 1411 517 1446 =divina
531 1411 740 1459 providentia
754 1423 885 1446 manare
897 1423 1021 1446 certum
1038 1412 1092 1447 est.
1114 1411 1219 1458 quue
1233 1413 1373 1446 maxime
1385 1424 1434 1447 te-

1 1483 3 1488 ν
47 1458 189 1495 nendum
199 1471 274 1494 curn
291 1459 330 1493 de
341 1461 545 1508 vitaegenere
556 1459 804 1507 deligendo‚aut
820 1458 991 1494 connubiis
1005 1460 1177 1507 jungendis
1195 1462 1312 1507 agitur.
1325 1463 1413 1496 Nam
1423 1491 1433 1506 ‚

46 1518 82 1542 ut
92 1507 189 1542 docet
197 1509 330 1555 Sapiens
350 1507 429 1543 ibid.
445 1521 470 1543 c.
490 1522 533 1554 19.
542 1507 650 1542 domus
667 1506 705 1542 (ῥ’
717 1508 837 1542 divitiae
850 1508 972 1542 dantur
984 1506 1004 1541 ὰ
1021 1506 1206 1555 parent³bus
1219 1534 1230 1549 ‚
1254 1507 1274 1539 ὰ
1293 1508 1433 1545 Domino

49 1567 155 1590 autem
168 1559 294 1605 propm’e
303 1571 386 1591 uxor
390 1558 544 1606 prudens.
564 1557 650 1592 Cum
664 1567 773 1591 autem
786 1554 890 1590 libido
904 1585 913 1599 ,
931 1558 1085 1599 avaritia,
1111 1555 1250 1591 ambitio
1272 1558 1435 1594 connubia
1453 1574 1457 1582 ⁷

47 1603 241 1649 conciliant,=
254 1611 288 1643 &
300 1618 378 1654 opes
391 1619 464 1641 cum
473 1605 604 1654 opibus,
620 1618 685 1641 non
700 1604 842 1654 personae
856 1604 927 1653 ipse
950 1607 1160 1640 matrimonio
1173 1611 1410 1654 conjunguntur
1424 1638 1432 1649 ,

3 1671 5 1673 >
46 1652 132 1689 nulla
150 1665 277 1690 :eternae
286 1654 395 1690 salutis
405 1654 514 1690 habita
529 1657 655 1691 ratione
668 1682 677 1698 ‚
695 1667 763 1689 non
781 1657 921 1697 mirum-3
944 1653 972 1689 fi·
984 1665 1034 1689 tot
1055 1655 1375 1704 aiiimi··aegrirudincs
1396 1671 1433 1692 ea

4 1736 6 1743 Α
48 1701 282 1751 consequantur
299 1702 474 1740 connubia.
498 1705 655 1738 foecunda
673 1705 767 1752 culpe
781 1705 891 1750 fecula
907 1706 1037 1752 nuptias
1058 1707 1197 1752 primum
1209 1706 1434 1751 inquinavere,

3 1750 5 1755 ’
53 1750 92 1786 &⁶
104 1764 205 1800 genus
221 1753 259 1788 (ῥ’
278 1755 383 1788 domos
415 1753 587 1798 Hocfonte
603 1753 755 1787 derivata
766 1753 872 1788 clades
889 1756 922 1786 in
933 1755 1076 1801 patriam
1096 1753 1432 1800 populumqueflnxit,
1451 1783 1454 1787 .

48 1801 139 1838 Hinc
150 1799 228 1836 illud
251 1802 334 1850 apud
344 1802 495 1837 Ethnicos
507 1814 727 1851 pervagatum.
743 1802 875 1836 Mulier
884 1800 962 1836 bene
979 1813 1103 1835 morata
1121 1802 1235 1835 dotata
1249 1801 1388 1847 estfinis‚
1406 1830 1409 1832 .

86 1850 170 1897 Qae
178 1862 288 1886 autem
303 1850 435 1899 quisque
446 1850 535 1899 sequi
547 1850 668 1886 debeat
682 1852 822 1885 maxime
840 1853 872 1885 in
890 1863 931 1885 eo
948 1852 1025 1886 vitae
1037 1862 1159 1899 genere
1185 1850 1272 1897 quod
1290 1849 1433 1900 delegit,

48 1909 158 1946 quave
179 1902 306 1935 tatione
325 1902 389 1934 vita
408 1898 444 1934 sit
457 1900 676 1935 constituenda
691 1928 701 1943 ‚
711 1911 745 1934 ut
754 1899 931 1949 prudenter
943 1905 978 1936 δε
993 1899 1178 1934 constanter
1195 1899 1328 1948 degatur
1338 1928 1346 1943 ‚
1360 1901 1434 1937 insi-

48 1949 110 1983 niti
123 1945 198 1984 effe't
211 1950 315 1998 operis
329 1947 486 1998 sigillatim
501 1948 719 1997 praescribere:
735 1949 881 1996 quaedam
896 1946 1147 1997 poss‘untregulae
1158 1947 1330 1997 generales
1340 1950 1435 1985 affer-

50 1997 79 2030 ri
93 2024 102 2039 ,
115 2009 193 2044 quas
208 1997 390 2034 summatim
403 1999 659 2048 perstringemus.
672 2011 695 2035 1.
714 1999 764 2034 Ut
782 1997 883 2033 finem
902 2000 934 2033 in
952 1998 1080 2046 agendo
1097 1997 1332 2032 bonum-nobis
1352 2013 1439 2047 prce..>

49 2043 215 2082 st-ituamus
228 2062 236 2084 ε
249 2047 320 2084 sunt
335 2050 470 2083 enimin
487 2047 582 2083 rebus
592 2048 724 2096 agendis
738 2046 837 2090 fines,
853 2047 941 2095 quod
954 2049 991 2082 in
1007 2045 1176 2094 disciplinis
1192 2049 1370 2095 principia.⁴
1385 2052 1435 2084 lta

51 2091 125 2129 finis
137 2108 204 2143 quo
213 2099 388 2140 remotior,
402 2097 463 2133 hoc
474 2099 581 2146 magis·
589 2096 723 2144 spectari
736 2096 855 2132 debet:
871 2096 955 2130 adeo
966 2107 1000 2130 ut
1018 2098 1050 2131 in
1068 2094 1165 2130 finem
1177 2095 1330 2130 ultimum
1351 2097 1455 2133 sem-›-

49 2154 108 2190 pet
126 2144 302 2181 collineare
314 2175 324 2190 ,
339 2151 374 2183 δε
395 2159 530 2182 omnem
555 2148 627 2181 vitae
638 2144 760 2181 cursum
780 2144 822 2181 eo
833 2146 970 2195 dirigere
989 2174 999 2189 ,
1023 2146 1054 2180 id
1073 2144 1109 2179 sit
1129 2145 1306 2193 prudentiae
1326 2159 1454 2195 caput...

52 2191 168 2237 Qate
177 2193 255 2230 illud
271 2197 423 2244 principii
439 2195 513 2232 loco
533 2195 710 2231 tenendum
721 2223 731 2238 ‚
748 2194 1003 2242 nunquamutile
1014 2194 1170 2236 honesto,
1181 2206 1276 2241 :equo
1289 2196 1434 2243 iniquum

53 2250 270 2288 anteponere,
293 2248 474 2292 quicunque
487 2245 610 2281 futurus
621 2243 657 2280 fit
673 2246 800 2293 negotii
814 2255 948 2280 eventus
959 2261 968 2288 3
979 2243 1034 2278 ille
1054 2242 1165 2278 infelix
1179 2256 1244 2278 non
1257 2241 1435 2291 habendus,
1454 2277 1457 2280 .

57 2300 111 2324 aut
125 2291 325 2338 imprudens,
335 2296 391 2342 qui
403 2293 459 2329 sibi
472 2293 560 2330 bene
573 2293 714 2330 conscius
729 2293 790 2329 est‚·
807 2306 844 2328 ac
860 2296 966 2329 intuta
985 2293 1054 2328 fere
1065 2321 1074 2335 ‚
1086 2304 1156 2338 quae
1171 2292 1330 2326 indecora.

89 2352 116 2374 2.
139 2338 220 2373 Illud
230 2352 360 2389 quoque
370 2344 559 2380 intuendum
569 2373 579 2388 ‚
595 2355 631 2379 ut
644 2342 726 2380 nihil
737 2354 860 2378 temere
875 2340 1193 2391 aggrediamur,nihil
1203 2344 1290 2388 cujus
1308 2342 1433 2379 causam

57 2386 266 2472 P‘0bab57'fm
284 2391 416 2473 xelddete
437 2405 504 2429 non
527 2392 693 2444 poffimuS.
729 2393 839 2442 Qte
855 2391 938 2436 nihil
960 2403 999 2428 ex
1019 2392 1272 2440 pnecipitatione
1292 2419 1302 2435 ,
1318 2404 1373 2428 aut
1394 2405 1432 2429 ex

193 2454 195 2456 ¹
220 2452 276 2473 om.
331 2467 340 2475 .
1218 2443 1280 2475 Vu
