1857 2745
331 120 394 155 (324.
761 113 1245 152 METAPHYSICAE

330 161 480 195 butorum
495 159 661 193 inferenda
680 159 714 194 sit
725 158 965 197 substantiarum
975 162 1170 201 differentia.
1187 162 1310 214 Neque'
1319 166 1352 201 id
1366 167 1475 204 damus
1489 172 1646 205 totarnrei
1658 182 1714 205 co·-

329 207 459 257 gitantis
474 207 636 242 essentiam
655 211 687 242 in
701 208 855 244 facultate
875 213 1039 259 cogitandi
1057 211 1117 248 esse
1129 213 1263 262 positam
1279 229 1287 250 ε
1303 228 1370 250 non
1388 219 1475 252 enim
1496 217 1527 251 id
1539 221 1639 266 magis
1649 231 1718 254 ve-.

329 270 398 290 rum
410 256 454 289 est
468 285 476 298 ,
498 256 596 303 quam
622 269 722 292 totam
738 259 863 293 Medici
874 272 1020 295 naturam
1032 265 1064 296 in
1076 263 1229 299 medendi
1243 263 1400 299 facultate
1414 264 1474 300 esse
1488 266 1709 312 constitutam;

328 304 383 339 nisi
400 304 531 340 forte-de
545 307 680 340 Medico
691 336 700 350 ,
721 320 879 355 quatenus
892 310 1041 345 Medicus
1061 312 1092 345 id
1106 313 1267 362 intelligas
1284 328 1292 349 z
1309 313 1371 348 hoc
1387 316 1474 349 enim
1492 316 1709 352 concedimus.

329 355 408 397 Qo
427 354 559 400 quidem
578 356 679 390 modo
700 357 842 392 extensio
858 371 923 392 non
943 361 1004 394 erit
1016 362 1223 409 cogitationis
1236 361 1412 410 subjeetum
1428 381 1437 407 ·,
1461 362 1512 398 sed
1537 363 1710 399 substantia.

327 416 399 449 quae
410 404 453 436 est
468 404 597 439 extensa
608 434 616 447 ‚
638 405 741 453 potest
756 407 870 441 eadem
880 410 1036 456 cogitate.
1055 412 1128 446 Nec
1141 413 1299 459 cogitatio
1313 412 1344 445 id
1356 413 1497 460 primum
1512 413 1554 447 est
1568 414 1656 459 quod
1674 415 1710 449 in

328 464 361 485 re
370 454 534 500 cogitante
549 456 726 502 concipitur
736 484 746 498 ,
757 454 809 490 sed
820 455 990 492 substantia
1003 457 1067 506 ipsa
1077 472 1146 506 quae
1155 463 1276 509 cogitat
1290 475 1297 496 :
1319 472 1356 495 ut
1375 460 1517 496 extensio
1528 474 1594 496 non
1606 462 1651 496 est
1661 464 1711 497 te-i.

328 502 461 535 extensae
477 513 608 546 natura,
629 502 680 537 sed
698 505 833 549 modus,
857 517 914 541 aut
925 506 1126 543 attributum.

367 549 492 584 Verum
507 552 622 587 instant
636 552 737 589 acrius
747 583 757 598 ,
773 567 877 590 rerum
889 555 1126 592 distinetionem
1143 571 1210 593 non
1228 558 1356 593 aliunde
1368 557 1522 605 colligere
1536 557 1711 606 possumus,

327 600 426 646 quam
441 612 479 634 ex
496 600 727 638 attributorum
742 603 942 641 diversitate:
960 604 1012 640 sed
1031 619 1100 653 quae
1116 612 1217 654 major
1231 607 1392 643 diversitas
1406 606 1466 642 effe
1479 606 1586 654 potest
1606 606 1712 654 quarn

327 650 409 682 inter
427 650 682 697 cogitationem,
702 657 736 688 &
755 652 974 690 extensionem
995 668 1003 690 :
1026 668 1104 704 ergo
1118 668 1168 690 res
1182 656 1310 692 extensa
1325 662 1358 693 ὅ(
1374 655 1546 691 materialis
1563 683 1573 699 ,
1594 656 1712 692 eaden—1

327 700 472 745 cogitare
500 712 567 733 non
586 702 700 747 potest.

362 748 503 795 Resp.Ex
516 746 585 782 solis
604 750 737 796 quidem
759 751 923 787 attributis
937 765 993 788 nos
1010 753 1167 802 judicare,
1189 767 1229 788 an
1247 754 1361 788 eadem
1372 753 1540 789 substantia
1559 765 1597 787 ea
1614 751 1710 801 possit

327 796 492 843 excipere:
513 795 587 832 curn
597 797 771 834 substantia
782 813 838 848 per
848 800 979 850 seipsam
994 815 1060 838 non
1073 802 1288 852 cognoscatur.
1316 806 1430 850 ltaque
1448 802 1640 837 intuendum
1651 802 1710 845 est,

326 857 366 879 an
385 857 482 880 unum
497 845 690 883 attributum
699 850 826 897 exigat,
837 850 890 886 vel
904 851 1054 887 excludat
1062 851 1201 887 alterum
1214 869 1223 896 3
1237 863 1293 886 aut
1306 851 1326 887 si
1346 854 1429 887 inter
1444 864 1481 886 ea
1497 850 1582 886 nulla
1598 849 1635 884 sit
1653 861 1711 886 aut

326 897 556 941 repugnantia,
571 897 788 934 autindivulsa
799 897 954 935 societas;
976 899 1113 936 exclusio
1138 913 1192 936 aut
1217 902 1387 949 exigentia.
1419 902 1473 934 Sic
1491 900 1568 933 ‘idea
1595 898 1710 933 circuli

325 942 464 977 excludit
475 944 580 980 ideam
598 947 834 993 quad1·ati;idea
850 947 1007 983 albedinis
1022 961 1091 985 non
1103 949 1237 984 includit
1250 948 1441 985 extensionis
1458 948 1579 983 ideam:
1591 959 1710 1002 corpus

323 992 497 1026 rotundum
508 1006 573 1029 non
586 994 727 1030 excludit
745 1009 860 1045 corpus
884 1000 1031 1046 quietum
1046 1028 1055 1043 ,
1073 1011 1180 1046 neque
1199 1000 1232 1033 id
1252 1001 1284 1034 in
1308 997 1537 1045 suo‘conceptu
1555 996 1708 1051 involvit.

324 1041 374 1074 Sic
386 1051 421 1074 ut
434 1040 529 1076 nobis
542 1044 673 1090 quidem
687 1046 814 1080 videtur
825 1076 834 1090 ‚
853 1049 1019 1095 perceptio
1031 1047 1249 1083 extensionem
1265 1061 1330 1083 non
1342 1047 1493 1089 includit,
1509 1057 1568 1080 nec
1578 1056 1707 1093 penitus

324 1089 464 1124 excludit
478 1107 486 1133 3
506 1103 602 1139 atque
611 1094 726 1129 eadem
740 1094 915 1131 substantia
923 1108 1060 1143 utroque
1073 1097 1174 1132 modo
1188 1096 1405 1132 extensionem
1416 1101 1449 1133 ἃ(
1461 1096 1705 1149 perceptionem

323 1137 427 1183 potest
441 1141 600 1187 excipere.
615 1143 738 1190 Neque
756 1143 788 1177 id
803 1143 1137 1180 intelled'tudifficilius
1151 1147 1193 1180 est
1203 1174 1213 1188 ,
1229 1145 1284 1193 qui
1298 1147 1362 1180 duo
1375 1145 1464 1178 modi
1480 1144 1560 1177 adeo
1578 1141 1707 1184 diversi,

325 1197 384 1220 nec
395 1197 504 1221 tamen
515 1189 651 1236 oppositi
665 1193 773 1226 eidem
787 1191 962 1228 substantiae
980 1194 1074 1228 infint
1083 1222 1092 1237 ,
1116 1194 1214 1241 quam
1224 1194 1312 1241 quod
1327 1192 1511 1228 substantiae
1524 1195 1568 1226 ita
1578 1189 1707 1225 diversa:

327 1244 393 1268 tam
402 1236 491 1270 arcto
502 1249 588 1272 nexu
601 1240 635 1273 in
647 1240 765 1275 eodem
779 1240 912 1276 homine
925 1247 1169 1290 conjungantur.

357 1285 402 1317 At
426 1286 531 1328 enim,
556 1289 725 1332 inquiunt,
746 1301 789 1323 an
800 1292 917 1324 vermis
933 1319 943 1333 ,
956 1291 1096 1325 ostreum
1108 1320 1118 1333 ,
1130 1305 1172 1326 an
1187 1291 1283 1325 exilia
1297 1290 1509 1333 animalcula,
1535 1302 1604 1337 quae
1617 1301 1707 1325 novo

325 1331 536 1379 microscopio
549 1334 741 1383 deteguntur
752 1365 762 1380 ,
780 1341 964 1385 percipiunt
978 1367 988 1382 ,
1009 1341 1241 1384 imaginantur,
1259 1341 1478 1374 meminerint.

358 1380 398 1415 R.
410 1381 446 1414 Id
462 1380 557 1415 nobis
570 1384 729 1419 incertum
745 1384 805 1420 effe
816 1389 944 1434 penitus
956 1399 998 1422 an
1017 1389 1180 1435 cogitent,
1196 1399 1250 1422 aut
1264 1390 1444 1436 percipiant
1458 1416 1467 1430 ,
1487 1386 1538 1421 sed
1551 1398 1590 1420 ea
1611 1386 1708 1422 senti-

324 1440 357 1462 re
368 1442 435 1464 non
453 1429 584 1466 dubium
596 1433 749 1478 est3nihil
761 1437 849 1470 enim
863 1434 988 1470 absurdi
1003 1436 1048 1469 est
1068 1435 1088 1470 si
1102 1435 1202 1471 sensus
1213 1439 1292 1471 citra
1311 1438 1378 1472 vim
1401 1437 1654 1484 imaginatricem
1674 1438 1708 1471 in

322 1477 484 1513 nonnullis
499 1480 676 1517 admodum
686 1483 885 1532 imperfedtis
894 1484 1091 1520 animalculis
1103 1488 1326 1533 reperiatur,ut
1338 1487 1402 1520 vita
1413 1485 1455 1519 est
1470 1489 1501 1519 in
1511 1483 1625 1532 plantis
1635 1484 1708 1520 sen-

324 1527 358 1562 su
372 1528 541 1564 destitutis.
556 1532 643 1565 Hinc
655 1533 735 1580 Aug.
751 1531 810 1569 lib.
837 1546 879 1570 12.
903 1535 943 1568 de
961 1535 1082 1570 Trinit.
1102 1536 1194 1568 Nam
1211 1547 1277 1568 cum
1298 1535 1427 1580 aliquid
1440 1535 1535 1567 oculis
1547 1535 1704 1576 cernitur,

326 1578 470 1615 continu&
477 1579 522 1622 fit
535 1584 603 1625 ejus
617 1584 719 1631 imago
738 1585 770 1617 in
784 1585 904 1632 spiritu
921 1584 996 1630 :sed
1014 1583 1366 1632 nondignoftiturfaesla
1386 1611 1395 1626 ,
1421 1585 1456 1616 ni
1470 1595 1479 1615 ι
1499 1580 1565 1616 ciem
1587 1580 1709 1616 ablatis

327 1629 424 1663 oculis
435 1627 476 1662 ab
491 1642 523 1663 eo
536 1631 686 1679 quodper
697 1633 798 1667 oculos
814 1631 1002 1667 videbamus
1016 1661 1024 1672 ,
1053 1635 1222 1681 imaginem
1237 1635 1300 1677 ejus
1315 1633 1347 1666 in
1359 1634 1464 1665 animo
1482 1632 1706 1668 invenerimus.

328 1677 409 1721 Etsi
420 1677 548 1724 quidem
557 1681 694 1727 spiritus
712 1683 910 1716 irrationalis
924 1681 964 1727 est
974 1682 1080 1715 veluti
1093 1682 1211 1727 pecoris
1227 1708 1236 1719 ,
1262 1680 1322 1714 huc
1336 1682 1428 1727 ufique
1442 1680 1523 1713 oculi
1534 1682 1683 1734 nuntiant
1695 1694 1707 1713 :

318 1727 350 1772 fi
361 1739 467 1760 autem
482 1729 589 1761 anima
602 1730 770 1764 rationalis
781 1729 839 1774 est,
859 1734 955 1764 etiam
971 1731 1138 1764 intelleflui
1161 1732 1337 1764 nuntiatur.
1358 1730 1445 1763 Cum
1462 1739 1572 1782 autem
1582 1741 1617 1782 ἰῇ
1631 1738 1705 1784 ver-

325 1773 432 1810 mibus
445 1776 545 1812 sensus
562 1777 739 1813 admodum
755 1779 842 1813 rudis
859 1778 913 1823 sit,
933 1784 966 1815 &
980 1776 1210 1826 imperfeChiS,
1234 1777 1314 1812 nihil
1332 1776 1453 1812 necesse
1470 1777 1512 1811 est
1531 1789 1562 1811 in
1579 1788 1616 1810 ns
1635 1790 1705 1811 vim

323 1827 579 1872 imaginatricem
593 1827 763 1875 agnoscere
776 1855 786 1869 ,
810 1840 882 1874 quae
896 1840 1001 1862 rerum
1017 1829 1169 1875 imagines
1184 1838 1237 1860 aut
1251 1826 1371 1861 formet
1388 1855 1397 1868 ,
1424 1837 1477 1859 aut
1491 1824 1671 1881 conserve-t.

359 1875 423 1908 Sed
444 1875 609 1911 molestitis
621 1878 791 1924 inquirunt
810 1888 850 1911 an
868 1890 937 1912 non
952 1878 1094 1924 potuerit
1112 1879 1200 1911 Deus
1216 1874 1329 1910 bestias
1346 1876 1530 1925 cognitione
1549 1880 1582 1910 &
1595 1886 1703 1908 anima

324 1922 483 1958 destitutas
498 1925 658 1968 condere,
676 1924 751 1962 cum
768 1924 833 1960 sola
847 1929 986 1974 partium
997 1923 1156 1973 dispofitio
1169 1925 1253 1958 idem
1263 1923 1356 1973 possit
1373 1922 1514 1967 efficere,
1525 1922 1613 1970 quod
1623 1935 1703 1970 prae-

326 1971 420 2006 staret
437 1976 553 2010 anima.
1588 2020 1593 2025 ἡ

361 2022 444 2071 Rcsp-
460 2024 603 2058 Eandem
613 2022 652 2057 de
663 2022 797 2058 homine
810 2025 937 2058 moveri
951 2022 1161 2069 quaestionem
1183 2020 1269 2070 posse
1280 2051 1289 2065 ‚
1310 2034 1351 2056 an
1365 2025 1451 2057 Deus
1466 2029 1610 2067 potuerit
1627 2018 1702 2076 effi?

324 2081 398 2104 cere
411 2099 420 2113 ,
439 2083 474 2105 ut
487 2072 601 2106 eadem
613 2070 780 2107 substantia
792 2084 948 2120 corporea
961 2071 1140 2118 subjeetum
1162 2069 1237 2106 esset
1249 2071 1454 2120 cogitationis
1464 2067 1700 2123 intellectualis·

325 2120 406 2153 Non
419 2119 565 2154 hocloco
583 2123 750 2167 quaerimus
761 2122 838 2167 quid
858 2123 946 2155 Deus
962 2121 1069 2155 facere
1083 2122 1226 2168 potuerit
1239 2148 1248 2162 ,
1269 2118 1321 2154 sed
1335 2118 1412 2166 quid
1427 2115 1584 2172 effecerit,
1599 2129 1700 2164 quem

324 2179 427 2203 rerum
439 2168 552 2203 statum
564 2169 756 2205 condiderit.
765 2170 866 2216 Qiod
880 2180 989 2204 autem
1002 2168 1146 2217 plerique
1163 2167 1354 2203 Cartesianis
1364 2165 1465 2201 solent
1475 2164 1700 2222 objicere,me-

324 2218 481 2252 tuendum
495 2216 554 2252 esse
568 2231 608 2253 ne
621 2218 745 2252 homini
757 2221 860 2253 omnis
880 2221 1037 2267 cogitatio
1045 2230 1099 2252 aut
1107 2220 1272 2266 perceptio
1283 2217 1459 2270 adimatur,
1481 2213 1501 2248 si
1521 2214 1606 2249 nulla
1616 2214 1652 2270 sit
1666 2228 1699 2250 in

328 2265 453 2302 bestiis:
468 2267 499 2300 id
512 2269 625 2314 ntique
634 2267 715 2302 nihil
730 2268 780 2301 est.
801 2269 885 2316 Qis
904 2270 990 2302 enim
1012 2268 1134 2302 homini
1156 2265 1337 2314 persuadeat
1354 2294 1362 2308 ‚
1380 2263 1457 2298 nihil
1469 2274 1542 2297 eum
1553 2276 1699 2321 percipe-

326 2325 382 2355 re,
403 2315 649 2364 nihilcogitare.
686 2318 797 2364 Qire
821 2315 977 2365 ejusmodi
999 2316 1182 2351 ratiuncula:
1206 2327 1243 2349 ex
1260 2325 1393 2361 utraque
1417 2323 1507 2359 parte
1533 2310 1602 2348 sunt
1615 2311 1697 2361 abli-

328 2365 456 2401 ciendae.
