1857 2745
357 152 401 184 5¹2
767 135 1310 173 ‘'METAPHYSICAE
1495 182 1498 186 Δ

391 185 479 220 Hinc
497 185 593 219 docet
607 183 819 232 Philosophus
833 183 892 219 lib.
904 200 928 231 5.
944 184 1065 233 Phyfic.
1078 188 1111 219 in
1121 190 1328 232 generatione
1341 197 1401 220 non
1417 184 1644 224 mane're'idem
1655 185 1739 237 'fisb-

348 235 466 277 jefinm
483 236 516 266 in
535 234 606 266 ablu
624 260 632 270 ,
662 232 800 275 senfibili
818 233 971 268 nimirum
987 239 1020 270 &
1031 232 1180 282 physico:
1197 233 1348 269 sedidem
1366 246 1476 270 manet
1493 239 1602 283 quoad
1620 243 1741 274 entita-

353 294 420 315 tem
431 280 612 316 absolutam
625 287 659 318 &
674 280 900 318 insensibilem.
918 281 1005 317 Alibi
1022 281 1102 317 vero
1117 281 1322 318 substantiam
1338 295 1477 331 quatuor
1489 287 1593 320 modis
1617 287 1742 336 usurpa-

353 333 376 363 ri
391 342 450 364 nos
472 330 649 373 admonet,
671 332 823 366 nimirum
839 330 1013 366 secundum
1033 334 1200 366 materiam
1214 360 1224 375 ‚
1243 332 1386 368 formam
1405 361 1415 374 ,
1441 333 1674 382 commolitum,
1702 337 1741 371 ὠ·

345 378 519 425 secunditm
526 378 702 424 ficbjellum
713 380 877 426 quoddam
885 381 1069 426 universale
1082 408 1089 419 ‚
1106 380 1191 427 quod
1207 380 1469 427 omnibusfhbest.
1497 385 1600 431 Qiod
1611 385 1742 431 quidem

355 441 422 462 non
431 427 475 462 est
488 427 576 462 aliud
587 429 688 477 quam
699 440 873 464 commune
883 431 1032 464 omnium
1044 432 1293 478 generationum
1308 430 1566 468 fundamentum.
1579 436 1668 468 Nam
1678 445 1746 468 ma-

310 518 312 521 ·
357 479 436 511 teria
456 475 583 525 phyfica
598 484 630 514 δε
641 478 747 513 forma
762 491 832 512 cum
845 475 904 512 fint
913 480 1000 513 entia
1010 479 1160 525 quaedam
1173 478 1349 526 respeelziva
1365 507 1374 521 ‚
1389 483 1535 527 potentia
1549 483 1698 517 nimirum
1709 487 1744 518 &

357 527 445 560 aetus
463 554 473 568 ,
496 528 530 560 in
547 525 659 574 aliquo
670 526 821 561 absoluto
840 526 1032 570 fundantur,
1055 528 1144 574 quod
1157 540 1320 575 nunquam
1335 531 1419 576 perit
1438 541 1494 563 aut
1512 532 1662 578 gignitur.
1691 533 1744 565 Sic

360 574 545 609 Aristoteles
560 578 685 624 optime
696 575 902 619 sibiconstat‚
919 587 979 611 nec
994 578 1172 625 pugnantia
1190 576 1333 623 loquitur
1351 591 1358 612 :
1377 588 1412 611 ut
1431 590 1504 612 cum
1524 580 1621 613 docet
1643 591 1746 614 mate-

359 626 440 658 riam
456 626 596 672 primam
614 627 795 673 corrumpi,
809 630 843 661 &
857 638 924 660 non
942 627 1103 673 corrumpi
1116 642 1124 668 3
1138 623 1199 658 effe
1214 626 1460 672 quodammodo
1478 640 1546 661 non
1568 639 1625 663 ens
1646 644 1655 671 ·‚
1682 627 1745 662 effe

359 678 393 708 &
404 686 473 708 non
488 670 549 708 else
565 688 572 707 ;
596 686 663 708 non
673 673 794 708 habere
803 676 970 723 propriam
982 675 1185 710 existentiam
1200 702 1209 716 ‚
1221 673 1273 708 sed
1286 673 1346 710 effe
1371 687 1429 723 per
1453 674 1590 723 speciem
1604 705 1614 719 ,
1631 677 1663 710 id
1677 677 1725 710 est
1736 705 1746 720 ,

361 734 418 769 pet
429 722 582 756 formam.
600 723 653 757 Est
667 725 754 757 enim
765 735 843 771 pura
859 725 1008 772 potentia
1024 723 1195 758 secuudum
1206 721 1266 757 effe
1279 722 1443 771 physicum
1461 730 1494 760 δε
1507 724 1722 772 respee'tivum
1739 738 1748 761 ε

361 769 437 806 cum
450 769 551 806 modo
561 771 606 805 est
615 773 698 820 ignis
707 801 716 816 ‚
733 771 833 807 modo
846 775 898 807 a'c‘r
908 802 917 816 ‚
935 772 1106 808 secundum
1119 771 1209 806 suum
1222 770 1283 806 esse
1295 772 1475 808 absolutum
1486 771 1610 809 neceffe
1619 775 1663 809 est
1674 785 1748 809 eam

362 820 502 856 existere.

411 870 495 917 Opp.
511 871 544 903 Si
556 871 692 903 materia
704 871 806 916 prima
823 870 911 904 suam
925 869 1026 905 habet
1046 869 1242 904 existentiam
1254 898 1263 912 ‚
1288 873 1355 904 imo
1373 869 1393 904 fi
1414 869 1450 905 sit
1460 871 1581 918 aliquid
1600 871 1746 921 comple-

361 928 430 952 tum
443 946 452 960 ‚
468 917 574 952 forma
589 918 660 952 huic
677 918 905 965 superveniens
929 917 1033 952 efficit
1052 931 1125 952 cum
1146 921 1280 952 mate-ria
1293 932 1392 953 unum
1413 932 1470 967 per
1481 921 1626 956 accidens
1643 950 1652 964 ‚
1683 935 1750 956 non

364 979 464 1000 unum
475 979 531 1014 per
550 966 580 1000 se
593 995 601 1010 ,
621 979 681 1002 nec
697 966 809 1001 tribuit
826 967 873 1001 illi
887 965 947 1001 effe
957 966 1163 1015 simpliciter,
1187 966 1236 1000 seu
1250 966 1310 1002 esse
1324 966 1496 1003 secundum
1511 970 1586 1015 quid
1598 983 1605 1004 :
1616 981 1650 1004 ut
1661 969 1751 1003 albe-

364 1016 407 1047 do
421 1028 488 1062 quae
507 1016 639 1050 advenit
650 1018 763 1063 parieti
783 1030 790 1051 :
817 1015 896 1050 illud
911 1015 990 1051 vero
1005 1015 1174 1050 absurdum
1198 1029 1206 1050 ε
1235 1028 1313 1065 ergo
1335 1015 1413 1051 illud
1435 1028 1568 1064 quoque
1580 1018 1750 1053 absurdum

365 1065 430 1105 est,
448 1067 616 1099 materiam
637 1077 693 1112 per
712 1064 742 1099 se
763 1065 909 1100 existere.
999 1062 1002 1065 ⁴

394 1113 535 1160 RaespAEx
548 1116 725 1150 materiae&
735 1113 840 1147 forma
851 1112 920 1147 fieri
933 1126 1032 1148 unum
1049 1127 1106 1161 per
1122 1115 1152 1149 se
1163 1144 1172 1158 ,
1191 1126 1258 1149 non
1273 1126 1373 1149 unum
1394 1126 1451 1162 pet
1470 1115 1617 1149 accidens
1631 1144 1639 1158 ‚
1662 1115 1750 1162 quod

366 1171 469 1195 totum
486 1173 523 1196 ex
537 1173 674 1208 utraque
685 1161 860 1196 conflatum
871 1161 906 1196 sit
916 1164 1007 1196 unius
1022 1161 1177 1208 elsentiae3
1194 1165 1233 1198 ad
1245 1165 1334 1198 unius
1350 1164 1430 1197 ideae
1445 1163 1659 1211 praescriptum
1681 1163 1752 1198 for-

371 1221 523 1253 metur-,ac
534 1210 664 1244 demum
674 1208 710 1244 sit
721 1222 821 1244 unum
832 1211 946 1258 agendi
959 1213 1253 1259 principiunLNam
1265 1211 1428 1246 elementa
1441 1215 1646 1259 quantumvis
1664 1211 1753 1261 sepa-

364 1261 460 1293 ratim
475 1258 597 1306 sumpta
611 1257 668 1293 lint
682 1261 757 1293 aditu
769 1287 778 1301 ,
805 1262 967 1293 rationem
977 1257 1112 1295 subeunt
1126 1263 1269 1296 materiae
1282 1290 1290 1303 ‚
1310 1273 1384 1295 cum
1397 1261 1551 1295 nobiliori
1562 1261 1672 1295 forrnae
1680 1259 1753 1295 sub-

361 1309 511 1355 jiciuntur
522 1336 531 1350 ‚
543 1320 610 1354 quae
621 1308 675 1342 dat
685 1307 745 1342 esre
754 1307 939 1355 simpliciter
949 1337 958 1351 ,
976 1308 1190 1357 respestivum
1202 1321 1311 1344 tamen
1324 1339 1333 1353 ‚
1349 1320 1385 1344 ut
1401 1307 1460 1343 effe
1472 1310 1547 1344 ferri
1558 1338 1567 1352 ‚
1588 1307 1648 1344 effe
1660 1311 1752 1357 ligni,

365 1356 417 1391 seu
431 1356 495 1389 tale
505 1354 564 1391 ell'e
578 1370 585 1392 z
604 1356 679 1391 licet
694 1369 731 1391 ea
741 1369 807 1391 non
819 1357 873 1390 det
882 1360 1023 1392 materiae
1035 1357 1096 1392 esse
1113 1358 1294 1393 absolutum
1307 1387 1315 1401 ‚
1336 1358 1425 1405 quod
1442 1359 1484 1392 ab
1500 1357 1568 1406 ipsa
1587 1360 1752 1392 creatione

371 1406 497 1452 accipit.

839 1453 926 1500 QU
944 1456 981 1487 AE
996 1454 1016 1486 s
1035 1456 1065 1489 T
1084 1457 1097 1488 1
1118 1456 1152 1489 O
1212 1457 1223 1488 ι
1246 1459 1287 1490 v.

890 1553 944 1585 De
969 1553 1060 1598 caufh
1066 1552 1214 1598 formali.

458 1648 540 1685 Ausa
558 1647 701 1683 formalis
717 1648 856 1693 dicitur,
873 1662 944 1697 quae
956 1651 1012 1685 dat
1027 1649 1092 1685 tale
1110 1647 1171 1683 else
1188 1649 1376 1698 composito,
1399 1649 1501 1685 Unde
1515 1655 1549 1687 δε
1570 1651 1612 1686 ab
1630 1654 1755 1688 Aristo-1

373 1652 522 1736 Ctele
535 1697 688 1733 definitur
700 1699 783 1731 ratio
795 1701 860 1739 ejus
873 1701 959 1745 quod
967 1700 1025 1734 dat
1036 1700 1158 1746 efferet]
1171 1697 1223 1732 seu
1232 1702 1312 1734 ratio
1323 1698 1461 1734 effentiae
1476 1701 1692 1738 constitutiva.
1703 1705 1757 1736 Sic

372 1750 461 1785 calor
473 1748 528 1783 dat
545 1745 605 1782 effe
624 1745 763 1781 formale
783 1747 887 1781 calido
905 1763 912 1784 :
935 1761 1002 1783 non
1019 1750 1107 1783 enim
1123 1746 1177 1780 dat
1195 1746 1254 1782 effe
1268 1748 1364 1796 ligni,
1389 1759 1443 1781 aut
1463 1747 1562 1791 ferri,
1583 1749 1634 1785 sed
1652 1751 1758 1787 calidi.

374 1800 473 1835 Unde
484 1798 524 1831 ad
541 1795 664 1831 causam
681 1795 853 1831 formalem
869 1807 1060 1831 revocantur
1077 1808 1113 1830 ea
1136 1799 1245 1830 omnia
1258 1810 1326 1843 quae
1343 1796 1496 1832 effeetum
1516 1798 1554 1831 ad
1570 1798 1668 1834 talem
1687 1799 1758 1846 spe-

373 1850 456 1882 ciem
477 1876 486 1889 ,
507 1845 560 1881 vel
575 1844 636 1880 effe
656 1844 876 1879 determinant
897 1859 906 1880 t
932 1857 969 1880 ut
986 1845 1116 1892 objecta
1135 1844 1280 1893 respeehi
1301 1845 1489 1879 facultatum
1513 1846 1729 1882 &habituum
1746 1863 1756 1890 3

374 1895 542 1943 exemplar
555 1924 564 1938 ‚
585 1893 638 1929 vel
656 1894 745 1935 idea,
763 1892 912 1929 definitio
926 1892 1010 1942 ipsa,
1030 1897 1117 1930 aetus
1130 1897 1229 1928 etiam
1250 1892 1457 1942 metaphylici
1485 1908 1492 1928 ι
1515 1906 1551 1928 ut
1573 1894 1756 1929 differentia

372 1958 444 1980 cum
465 1956 584 1989 <genere
601 1953 808 1988 comparat-13
828 1945 908 1978 ordo
920 1949 953 1980 &
964 1942 1153 1992 compositio
1169 1945 1304 1991 partium
1318 1943 1527 1976 iffaztefaffls
1543 1956 1550 1976 :
1567 1943 1757 1978 abstractum

373 1987 513 2041 denique
527 2006 624 2028 omne
636 1990 784 2038 respectu
795 1995 947 2027 concreti.
965 1994 1016 2026 Sic
1033 1992 1120 2026 calor
1131 1995 1162 2026 in
1181 1991 1339 2026 abstra&o
1357 1991 1403 2024 est
1421 1989 1510 2025 causa
1528 1990 1674 2025 formalis
1694 1991 1757 2027 sui..

372 2042 464 2089 ipsius
479 2044 512 2077 in
527 2053 690 2076 concreto·
711 2037 834 2075 Verum
857 2042 897 2075 de
915 2041 1021 2076 forma
1039 2040 1240 2075 substantiali
1259 2040 1322 2075 hoc
1344 2038 1418 2073 loco
1436 2038 1635 2087 potiffimum
1659 2053 1758 2090 agen..

377 2092 455 2126 dum
477 2092 527 2125 est.

411 2144 459 2175 Ex
482 2141 519 2174 iis
536 2152 604 2187 quae
625 2139 819 2173 demateria
838 2140 942 2185 prima
959 2137 1096 2172 diximus
1115 2166 1124 2179 ,
1147 2137 1227 2185 quid
1251 2136 1363 2172 formae
1385 2134 1599 2171 substantialis
1624 2140 1758 2173 nomine

374 2189 592 2233 intelligamus
603 2218 611 2232 ‚
630 2186 797 2222 obscurum
808 2186 868 2222 csse
878 2199 944 2222 non
953 2187 1068 2234 potest.
1087 2189 1176 2222 Nam
1186 2197 1221 2220 ut
1236 2188 1366 2221 materia
1377 2188 1479 2232 prima
1494 2186 1573 2220 nihil
1586 2187 1629 2220 est
1644 2198 1757 2235 praetet

376 2230 569 2286 iubjeffliiu,
589 2250 628 2272 ex
647 2237 913 2284 quoinexistente
929 2234 965 2270 fit
988 2236 1130 2282 aliquid,
1157 2235 1240 2269 adeo
1254 2246 1287 2269 ut
1312 2237 1466 2281 potentiae
1495 2245 1618 2269 tantum
1637 2235 1757 2270 habeat

376 2291 535 2322 rationem
552 2301 559 2322 :
579 2285 617 2321 fic
629 2285 707 2320 illud
721 2287 808 2332 quod
821 2286 1002 2333 potentiam
1014 2296 1129 2333 vagam
1151 2290 1184 2320 δε
1203 2281 1442 2318 indifferentem
1464 2284 1501 2316 ad
1523 2295 1645 2317 certum
1658 2295 1756 2332 genus

380 2336 576 2370 determinat
587 2365 596 2380 ‚
615 2336 722 2369 forma
737 2333 949 2369 substantialis
961 2336 1159 2368 nominatur.
1179 2333 1278 2368 Unde
1291 2330 1332 2364 ab
1350 2332 1518 2366 Aristotele
1536 2331 1687 2367 definitur
1702 2345 1756 2365 ra-

378 2394 420 2416 t·0
446 2384 621 2429 ubstantiae3
642 2383 694 2419 seu
705 2395 787 2418 tatio
801 2393 933 2432 propter
945 2394 1042 2429 quam
1055 2393 1103 2417 res
1122 2381 1229 2428 aliqua
1239 2391 1325 2415 certa
1341 2381 1387 2414 est
1404 2385 1437 2418 &
1459 2381 1671 2416 determinata
1685 2379 1756 2415 sub-
