1857 2745
561 104 716 141 PARS
769 104 1044 143 TERTIA.
1429 123 1479 151 ¹99

85 158 244 198 didsolet
261 156 494 193 demonstratio
505 155 582 201 quia
592 182 601 194 ‚
619 167 685 189 non
697 164 829 204 propter
843 158 926 204 quid
940 170 948 192 ε
975 169 1046 192 rem
1056 157 1146 192 enim
1158 157 1202 192 ita
1216 154 1277 192 effe
1287 157 1453 191 convincit
1469 185 1479 200 ,

82 211 145 249 sed
159 209 338 258 genuinam
356 205 478 241 causam
497 217 563 240 non
583 202 688 241 affert.

117 266 150 304 3⁰
159 261 203 293 Ex
215 256 365 293 omnibus
374 253 533 290 causarum
544 252 718 302 generibus
733 258 800 290 erui
810 265 999 303 argumenta
1008 252 1157 299 solent‚ut
1168 255 1207 289 de
1219 253 1306 290 finali
1318 258 1352 290 &
1363 267 1478 290 exem-

74 306 164 356 ,plari
181 306 271 355 supra
287 305 434 340 diximus.
450 306 495 338 Ex
508 300 596 336 causa
609 301 772 338 effecti-icc
788 304 935 353 plurimae
950 304 1243 340 demonstrationes
1265 301 1401 352 phylicae
1420 305 1478 339 de-

80 367 284 405 promuntur.
306 356 427 400 Neque
440 349 562 387 necelse
577 352 619 386 est
633 352 781 400 exempla
792 354 939 402 proferre
954 382 965 398 ,
985 366 1060 388 cum
1074 353 1185 402 paffim
1199 364 1377 388 occurrant.

119 412 162 450 40
178 404 262 440 Illud
282 403 387 438 utilius
406 401 492 437 foret
505 430 514 444 ,
541 405 576 437 &
598 404 767 450 permagni
783 403 823 437 ad
842 403 987 438 scientias
1002 405 1184 446 momenti,
1203 401 1224 436 si
1242 404 1408 450 praecipuae
1425 414 1476 435 ra-

73 455 188 490 :tiones
202 483 212 498 ,
229 465 287 488 aut
299 452 362 487 loci
376 463 414 486 ex
428 449 547 499 quibus
561 462 644 484 verae
662 450 758 486 causae
779 454 845 487 erui
863 451 1007 500 poliunt,
1028 452 1231 486 docerentur.
1268 451 1370 496 Qod
1390 452 1474 484 ssaco

73 502 206 552 <Angliae
220 500 440 538 Cancellarius
456 501 487 535 in
502 512 592 534 novo
606 501 743 549 Organo
763 502 885 536 erudite
894 501 1071 536 admodum
1084 529 1094 544 ‚
1115 499 1166 535 sed
1190 500 1287 548 paulo
1309 497 1473 533 obscurius

78 552 128 589 est
137 563 300 587 executus,
312 552 435 597 Neque
451 549 484 583 id
496 561 613 597 negare
631 547 791 597 polsumus
803 579 813 593 ‚
834 552 1027 599 praecipuum
1036 551 1173 597 Logices
1186 548 1274 584 usum
1292 550 1325 582 in
1339 549 1376 581 iis
1395 546 1473 581 locis
1506 588 1515 600 ι

78 601 388 642 demonstrationum
397 596 523 633 versari.
543 600 632 634 Nam
651 598 692 634 eo
706 599 813 634 tendit
826 601 932 634 omnis
950 597 1113 646 inquisitio
1129 598 1238 633 nostra
1248 627 1259 641 ‚
1277 608 1313 632 ut
1323 595 1474 643 cujusque

74 651 124 684 rei
137 649 353 692 materialem,
362 659 418 683 aut
426 646 624 684 effectricem
632 647 755 684 causam
763 677 774 693 ,
788 660 845 684 aut
852 648 993 684 formam
1003 648 1144 696 denique
1152 646 1252 697 ipsam
1262 648 1374 683 animo
1383 658 1474 679 com-

75 698 270 747 plectamur.

112 757 144 794 50
155 746 362 783 Effietticem
375 745 507 793 quidem
526 744 649 780 causam
661 746 845 781 invenimus
860 774 871 789 ‚
887 757 961 781 cum
973 757 1096 782 naturae
1116 743 1311 795 progressum
1333 749 1366 781 &
1385 744 1472 779 viam

28 807 31 811 ·
74 797 198 832 acriore
212 799 323 832 animo
339 798 512 831 intuemur.
534 796 588 829 Sic
604 796 638 830 in
652 794 968 844 pulligenetatione‚
985 807 1084 843 atque
1101 797 1134 830 in
1145 794 1328 843 plantatum
1339 804 1472 842 vegeta-

66 848 168 881 tione
187 857 293 881 tantos
307 843 494 892 Philosophi
512 845 625 879 nostrae
644 846 747 879 aetatis
761 843 939 893 progressus
967 844 1132 887 fecerunt,
1153 843 1243 891 quod
1260 854 1378 878 naturae
1397 854 1469 876 mo-

68 904 126 929 .tus
136 893 266 929 usitatos
281 893 484 942 &gradatim
496 895 702 928 continuatos
711 892 771 928 sint
784 892 951 941 persecuti.
969 895 1059 930 Nam
1077 896 1111 927 in
1128 893 1191 928 hoc
1201 891 1349 940 plerique
1362 902 1471 925 errore

75 941 228 978 labuntur
238 971 248 985 ,
267 954 342 977 cum
356 940 535 976 effeettices
549 953 656 976 rerum
669 940 770 976 causas
783 953 941 988 quaemnr,
949 942 1039 989 quod
1054 953 1183 978 naturas
1196 952 1301 975 rerum
1319 943 1469 975 intuean-

77 1001 146 1034 tur,
164 1003 238 1026 cum
250 1003 299 1025 res
314 989 384 1037 ipsae
392 994 461 1038 jam
472 988 543 1024 sunt
555 989 705 1025 absolutae
714 1017 725 1032 ‚
736 1000 791 1024 aut
802 990 870 1037 post
877 1002 979 1025 certas
989 991 1142 1038 periodos
1158 1008 1167 1034 ς
1183 1002 1248 1024 non
1261 992 1365 1036 prima
1375 1000 1470 1023 exor-

70 1040 130 1074 dia
144 1038 360 1088 &progrelsus
379 1040 508 1072 intento
531 1040 642 1072 animo
662 1037 935 1085 contemplentur.
953 1041 1042 1086 Saepe
1062 1050 1172 1074 tamen
1187 1040 1299 1072 evenit
1317 1049 1352 1071 ut
1371 1048 1471 1085 gene-

73 1090 157 1124 ratio
171 1091 216 1122 rei
231 1097 462 1123 momentanea
480 1088 512 1121 in
527 1085 623 1121 causa:
631 1088 853 1121 notitiamnos
866 1087 972 1122 ducat.
984 1088 1080 1134 Aqua
1095 1101 1122 1121 v.
1140 1089 1249 1135 g.imo
1263 1091 1297 1122 &
1308 1096 1471 1120 attamen·

75 1147 145 1173 tum
154 1139 313 1186 agitatum
329 1138 364 1171 in
377 1134 520 1184 spumam
536 1133 644 1170 albam
658 1133 781 1171 facessit
795 1149 804 1170 ;
823 1137 942 1171 vitrum
956 1133 1122 1170 contusum
1134 1148 1173 1169 ex
1187 1134 1351 1182 diaphano
1367 1133 1404 1169 fit
1420 1133 1471 1167 su-

33 1190 39 1198 '
66 1184 149 1221 {bito
159 1186 344 1222 candidum.
369 1186 476 1231 Atque
488 1183 562 1219 hinc
577 1183 660 1220 forte
675 1197 741 1220 non
755 1182 841 1219 male
859 1183 1023 1234 colligitur
1032 1184 1176 1219 colorem
1198 1182 1310 1218 album
1324 1196 1390 1219 non
1407 1181 1469 1218 effe

73 1235 230 1282 quiddam
239 1233 335 1270 altius
351 1236 383 1270 in
396 1244 532 1281 corpore
546 1232 679 1269 infixum
692 1250 701 1277 3
720 1231 773 1268 sed
786 1245 826 1267 ex
847 1232 974 1268 luminis
988 1233 1164 1269 reflexione
1179 1244 1297 1281 vegeta
1311 1237 1344 1269 δε
1360 1244 1470 1279 aequa-

69 1283 139 1319 {bili
156 1295 322 1332 emergere
337 1313 346 1327 ,
367 1294 404 1318 ut
419 1281 473 1317 suo
493 1281 567 1317 loco
586 1283 739 1318 dicemus.
757 1284 845 1319 Nam
862 1281 884 1316 sl
900 1294 986 1330 aqua
1004 1284 1126 1331 agitata
1146 1284 1178 1317 in
1200 1279 1345 1330 spumam
1363 1280 1470 1316 albes-

75 1334 141 1377 cit,
167 1345 266 1381 atque
279 1332 335 1368 ubi
349 1331 465 1381 spumae
477 1330 602 1380 globuli
614 1332 820 1374 detumuere,
837 1335 906 1379 jam
921 1331 1218 1380 pellucet,·magno
1231 1331 1263 1364 id
1277 1331 1404 1365 videtur
1419 1341 1468 1364 ar-

47 1393 236 1431 „gumento
252 1381 440 1417 albedinem
461 1392 527 1416 tum
546 1393 712 1428 emergere
730 1409 741 1425 ,
773 1393 847 1416 curn
866 1379 920 1416 lux
942 1393 982 1416 ex
1003 1380 1139 1417 infinitis
1153 1378 1296 1430 globulis
1321 1379 1410 1415 velut
1430 1390 1468 1414 ex

71 1431 217 1466 totidem
233 1429 368 1477 speculis
391 1431 514 1475 integra
536 1429 719 1465 refleffitur.

112 1478 177 1513 Sed
195 1476 356 1525 potiffima
369 1476 540 1512 effeetticis
551 1476 648 1510 causae
659 1477 862 1512 inveniendae
874 1479 957 1512 ratio
967 1490 1006 1512 ea
1018 1477 1157 1519 videtur,
1168 1476 1243 1512 cum
1261 1488 1327 1512 una
1340 1488 1379 1510 ex
1394 1476 1468 1524 plu-

76 1525 165 1561 ribus
181 1525 275 1560 causis
289 1538 358 1572 quae
369 1524 465 1560 nobis
481 1524 618 1559 afferunt
633 1526 811 1572 ancipitem
830 1524 1003 1560 dubitandi
1019 1524 1142 1559 causam
1153 1553 1161 1567 ,
1185 1537 1260 1559 cum
1279 1523 1399 1560 effectu
1419 1527 1467 1561 iu·

75 1573 201 1611 divulse
209 1574 375 1630 cohaeret·
386 1572 486 1607 altera
501 1586 568 1608 non
582 1575 673 1607 item-
686 1575 740 1609 Ut
748 1572 769 1608 sl
782 1585 957 1620 quaeramus
968 1573 1044 1621 quid
1054 1573 1152 1608 caufae
1167 1571 1204 1607 fit
1215 1585 1268 1608 cur
1283 1573 1380 1608 stellae
1387 1572 1469 1608 scin-

75 1624 197 1667 tillent,
212 1623 353 1658 Planetae
366 1634 433 1656 non
445 1624 536 1657 item.
556 1623 605 1656 An
617 1621 800 1669 forte,quod
810 1620 908 1656 stellae
923 1620 1049 1670 longius
1061 1621 1081 1657 a
1094 1620 1190 1656 nobis
1200 1622 1365 1666 distent‚ut
1378 1622 1466 1657 faces

73 1674 204 1708 eminus
216 1670 298 1715 visae3
312 1683 352 1705 an
367 1672 473 1719 potius
486 1669 574 1717 quoi
592 1670 687 1704 stellae
697 1672 825 1719 propria
837 1669 909 1704 lnce
925 1669 1289 1719 fulgeantzposteriorem
1299 1671 1381 1706 hanc
1393 1684 1467 1706 cau-

74 1722 140 1758 sam
156 1720 250 1756 alteri
275 1731 494 1768 praeponemus
522 1736 531 1762 ;
564 1718 655 1766 quod
675 1732 747 1767 quae
772 1721 903 1768 propria
930 1718 1001 1754 luce
1019 1721 1141 1755 micant
1163 1748 1173 1763 ,
1199 1718 1370 1768 praesertim
1391 1720 1465 1755 dum

73 1773 200 1806 eminus
217 1769 386 1812 videntur,
408 1767 584 1803 tremulum
601 1767 816 1805 &scintillans
828 1768 936 1803 lumen
953 1768 1133 1804 ostendant.
1158 1771 1230 1803 Imo
1251 1770 1335 1804 inter
1351 1768 1466 1804 Plane-

75 1833 123 1856 tas
135 1820 314 1853 Mercurius
330 1847 340 1861 ‚
360 1817 448 1864 quod
468 1816 503 1851 sit
519 1817 587 1851 Soli
599 1820 760 1866 proximus
774 1846 782 1860 ,
799 1829 837 1851 ac
852 1821 964 1852 Venus
990 1817 1128 1866 persaepe
1156 1815 1329 1852 scintillant
1343 1846 1353 1860 ‚
1375 1817 1464 1864 quod

69 1880 196 1918 vegeto
206 1867 326 1903 lumine
341 1866 532 1916 refulgeant.
553 1867 651 1902 Hanc
662 1878 758 1901 vocat
769 1865 947 1901 Franciscus
959 1867 1043 1901 Baco
1057 1866 1237 1902 instantiam
1250 1868 1361 1910 crucis,
1372 1865 1468 1913 quod

74 1919 168 1955 instar
177 1918 275 1953 crucis
287 1918 322 1952 in
337 1914 430 1951 bivio
442 1917 553 1951 ereetae
568 1944 578 1959 ‚
596 1927 660 1963 qua
675 1914 712 1951 fit
730 1915 871 1950 eundum
886 1915 1040 1950 ostendat.
1074 1916 1202 1962 Qanti
1217 1913 1254 1950 sit
1277 1913 1361 1950 illius
1376 1913 1467 1959 usus,

76 1967 142 2004 alio
157 1966 243 2003 forte
257 1965 331 2001 loco
340 1965 479 2000 dicemus
497 1979 505 2001 ε
521 1977 605 2001 nunc
619 1966 706 2002 enim
715 1967 892 2015 praecipuos
902 1962 999 1999 causae
1012 1963 1160 2013 cujusque
1171 1964 1375 2001 invenieudae
1387 1963 1463 2000 fon-

72 2027 126 2054 >tes
148 2015 335 2052 indicamus,

128 2071 166 2100 60
177 2063 295 2100 Causas
313 2076 419 2099 rerum
431 2063 613 2100 materiales
625 2077 664 2100 ex
680 2064 834 2102 divisione
850 2066 1033 2102 anatomica
1047 2070 1082 2102 ὃ(
1091 2065 1239 2114 chymica
1251 2060 1379 2110 analyfi,
1396 2074 1468 2098 curn

76 2125 126 2150 res
141 2113 211 2163 ipsae
222 2116 256 2149 in
275 2113 328 2150 sua
344 2115 501 2163 principia
515 2112 713 2149 resolvuntur
728 2144 739 2159 ‚
758 2120 793 2152 δε
809 2114 1052 2164 quodammodo
1061 2113 1202 2150 secantur
1212 2142 1223 2156 ,
1239 2123 1403 2159 utcunque
1414 2113 1468 2146 in-

79 2165 236 2199 venimus.
253 2163 317 2198 Sed
327 2176 399 2211 quae
417 2162 556 2199 amente
567 2163 631 2212 ipsa
648 2162 685 2198 fit
702 2163 834 2212 analysis
849 2194 859 2208 ,
876 2177 930 2199 aut
949 2163 1100 2199 resolutio
1115 2193 1124 2206 ,
1140 2161 1319 2197 dummodo
1343 2162 1468 2208 experi-

81 2215 195 2247 mentis
205 2215 384 2256 muniatur,
403 2212 471 2261 plus
486 2211 587 2247 habet
603 2212 751 2247 utilitatis
768 2226 776 2248 ι
798 2226 872 2249 cum
889 2212 1008 2248 scilicet
1025 2214 1166 2260 partium
1187 2210 1335 2244 ordinem
1352 2238 1362 2254 ‚
1386 2208 1479 2258 figu-·

82 2270 152 2293 ram
160 2287 170 2301 ‚
178 2272 365 2298 contextum
378 2267 411 2299 &
421 2273 546 2297 motum
557 2261 730 2310 diligenter
744 2263 956 2311 expendimus
968 2277 975 2298 :
995 2262 1069 2297 hinc
1079 2263 1166 2296 enim
1181 2257 1285 2294 causas
1295 2258 1467 2294 multarum

84 2306 294 2344 affiffionum
311 2316 343 2347 &
358 2312 589 2360 proprietatum
605 2311 807 2358 detegimus,
827 2310 1000 2360 praesertim
1018 2322 1091 2344 cum
1114 2307 1213 2344 sensus
1225 2308 1323 2343 nostri
1341 2308 1467 2342 idoneis

84 2357 298 2394 instrumentis
318 2360 511 2408 adjuvantur.
532 2361 625 2397 Hinc
642 2361 748 2397 nostra
765 2372 861 2397 aetate
881 2359 962 2397 visus
980 2357 1194 2407 microscopio
1229 2357 1350 2405 adjutus
1380 2368 1469 2394 nova
