1857 2745
418 173 471 221 με
833 163 1316 202 METAPHYSICAE

967 263 1117 297 Axioma
1132 264 1287 311 primum.

545 416 635 450 Nam
649 425 744 461 agere
754 442 764 456 ,
785 424 841 447 aut
851 411 937 461 polse
950 424 1047 461 agere
1061 440 1071 454 ,
1092 411 1136 445 est
1149 412 1326 459 proprietas
1340 410 1433 445 realis
1447 441 1456 456 ‚
1471 425 1543 460 quae
1567 427 1635 449 non
1647 417 1715 450 enti
1726 427 1806 452 con-

414 468 526 498 venire
536 475 602 498 non
614 463 722 510 potest
738 476 745 497 :
764 462 849 497 unde
867 474 933 496 non
954 473 996 497 ex
1007 462 1208 510 cogitatione
1226 458 1330 495 solum
1343 489 1352 504 ‚
1370 459 1424 496 sed
1435 466 1533 498 etiam
1544 475 1583 498 ex
1596 466 1686 500 omni
1702 466 1805 501 nostra

415 513 545 547 afflone
556 512 645 547 reCoe
655 511 874 547 concludimus
890 523 948 546 nos
965 510 1106 546 existere.

417 362 588 465 QUod
598 364 663 412 agit
675 391 684 407 ‚
697 374 752 399 aut
762 363 866 412 potest
883 374 978 411 agere
989 391 1000 406 ,
1021 361 1135 397 saltem
1153 360 1344 396 immediate
1361 389 1370 405 ‚
1393 361 1425 396 id
1447 364 1586 399 omnino
1608 365 1721 402 existit.

954 610 1033 644 Axi
1036 621 1105 644 oma
1123 608 1304 657 secundum.

504 711 654 760 Uidquid
666 711 775 746 existit
784 713 817 746 in
831 708 951 745 effecru
964 736 974 751 ‚
998 710 1083 756 prius
1096 709 1199 744 existit
1210 710 1244 743 in
1263 707 1314 743 sua
1324 707 1434 752 causa',
1456 721 1513 745 aut
1533 722 1626 758 aeque
1635 712 1780 759 perfecie
1791 741 1801 756 ,

504 761 525 796 si
543 760 578 796 sit
591 760 680 796 causa
689 763 827 796 univoca
840 765 874 796 δε
886 758 994 794 totalis
1009 775 1017 802 3
1035 758 1277 806 autperfeetius
1289 787 1297 801 ‚
1315 757 1334 793 fi
1354 756 1392 792 srt
1408 759 1498 793 causa
1510 762 1690 807 aequivoca,
1714 764 1802 797 Hinc

410 810 466 845 illa
484 810 593 860 regula
609 812 752 859 proponi
768 809 870 852 solet,
887 820 923 844 ut
938 820 979 843 ne
995 810 1045 842 cui
1058 807 1156 842 causae
1171 807 1323 842 effeiikum
1347 806 1547 851 tribuamus,
1568 811 1624 856 qui
1649 815 1712 858 ejus
1733 813 1801 847 vim

408 871 465 894 aut
477 862 658 908 potentiam
669 860 825 894 excedat:
848 870 886 893 ex
904 871 972 906 quo
983 857 1115 905 quidem
1129 858 1288 905 principio
1310 855 1412 890 multa
1425 857 1633 893 deducuntur.

445 924 466 945 1.
479 909 640 946 Effeelmm
661 907 758 944 causae
780 907 838 942 suae
849 906 985 943 similem
997 907 1127 942 existere
1143 906 1229 941 :haec
1243 908 1328 940 enim
1341 906 1429 953 quod
1444 905 1545 941 habet
1564 936 1575 950 ‚
1600 907 1732 956 largitur
1749 909 1801 944 ef.

409 957 516 994 stetui.
548 962 619 995 lmo
639 957 715 993 cum
726 958 815 993 causa
833 959 899 1006 agit
917 967 1078 1004 quantum
1096 955 1203 1003 potest
1217 984 1226 997 ‚
1249 954 1372 1003 semper
1392 956 1478 989 adius
1490 955 1641 990 secundus
1651 970 1800 1004 exaequat

406 1009 515 1043 aetum
529 1012 686 1057 primum:
702 1008 788 1042 unde
806 1006 892 1041 nulla
907 1004 996 1040 causa
1011 1004 1163 1039 naturalis
1182 1002 1337 1039 esseorum
1356 1003 1416 1038 suis
1437 1003 1557 1039 viribus
1577 1003 1774 1053 superiorem
1786 1036 1798 1050 ,

407 1069 462 1091 aut
481 1057 672 1093 inferiorem
685 1086 694 1101 ,
715 1055 766 1091 sed
783 1054 940 1103 aequalem
952 1083 961 1098 ‚
981 1059 1014 1091 &
1028 1052 1084 1088 fibi
1098 1055 1382 1102 proportionatum
1397 1055 1536 1102 attingit.

444 1120 472 1143 2.
494 1109 582 1142 Hinc
599 1110 699 1142 etiam
714 1105 751 1141 fit
768 1118 804 1140 ut
824 1105 938 1138 eadem
951 1103 1041 1138 causa
1053 1102 1164 1150 aequali
1182 1114 1331 1150 tempore
1346 1103 1520 1149 aequalem,
1535 1103 1634 1151 duplo
1649 1115 1798 1152 tempore

405 1155 539 1203 duplum
550 1168 682 1203 quoque
697 1164 846 1203 procreet
858 1153 1011 1187 effectum
1031 1166 1038 1187 :
1062 1163 1163 1199 atque
1187 1151 1320 1187 effecius
1335 1150 1377 1185 ab
1393 1152 1506 1186 eadem
1525 1152 1612 1187 causa
1631 1153 1772 1201 profecti
1783 1182 1794 1197 ‚

404 1205 541 1239 eandem
567 1206 651 1239 inter
675 1202 704 1238 se
719 1202 863 1238 habeant
883 1202 1153 1250 proportionem,
1169 1201 1268 1248 quizm
1285 1212 1432 1249 tempora
1446 1214 1537 1236 :cum
1555 1199 1675 1236 scilicet
1684 1203 1796 1238 diver-

404 1251 440 1288 sis
454 1252 533 1288 fiunt
545 1251 757 1302 temporibus.
773 1255 810 1287 Et
824 1262 937 1285 contra
949 1279 958 1293 ‚
984 1249 1160 1284 effe&uum
1177 1253 1234 1297 qui
1255 1249 1370 1296 aequali
1394 1248 1477 1284 fiunt
1495 1262 1642 1298 tempore
1655 1279 1664 1294 ,
1681 1253 1797 1287 eadem

403 1303 450 1336 est
465 1305 635 1351 proportio
646 1315 715 1349 quae
731 1299 907 1335 causarum.
939 1300 1028 1335 Nam
1043 1327 1053 1341 ,
1071 1310 1106 1332 ut
1117 1303 1180 1347 jam
1195 1299 1351 1341 diximum,
1372 1298 1508 1334 effeetus
1530 1303 1636 1335 omnis
1651 1303 1718 1335 vim
1738 1301 1796 1337 suae

403 1351 498 1386 causae
514 1351 664 1386 naturalis
686 1351 849 1397 adaequat,
871 1354 903 1384 ὃ(
917 1350 948 1382 in
958 1359 995 1382 ea
1009 1349 1136 1381 ratione
1147 1347 1257 1382 crescit
1275 1349 1362 1382 aestus
1377 1347 1530 1383 secundus
1544 1377 1552 1391 ‚
1572 1361 1638 1395 qua
1658 1351 1793 1396 primus.

404 1403 537 1448 tha
547 1400 582 1435 fit
592 1401 679 1449 hujus
690 1400 836 1447 principii
847 1397 1039 1431 foecunditas
1059 1407 1127 1429 tum
1140 1395 1301 1442 liquebit,
1315 1408 1388 1430 cum
1403 1397 1443 1430 de
1460 1408 1552 1430 motu
1571 1397 1793 1435 traecabimus:

401 1449 476 1484 huic
489 1453 579 1485 enim
588 1451 680 1483 velut
691 1448 907 1483 fundamento
924 1455 1071 1480 motuum
1081 1442 1210 1479 scientia
1221 1473 1232 1488 ,
1248 1447 1319 1480 imo
1337 1450 1370 1481 &
1382 1445 1575 1480 Mechanice
1595 1445 1664 1480 fere
1684 1450 1791 1483 omnis

401 1501 551 1534 innititur
568 1512 575 1533 :
596 1498 647 1533 sed
659 1498 698 1532 ad
716 1510 786 1531 rem
797 1496 933 1531 nostram
943 1494 1120 1529 redeamus.

435 1551 526 1582 Hinc
536 1558 611 1583 nara
627 1548 669 1581 est
688 1546 742 1580 illa
760 1550 790 1580 in
803 1543 941 1593 Physicis
963 1544 1045 1578 adeo
1055 1545 1174 1592 jactata
1193 1543 1369 1577 affivitatis
1384 1542 1502 1591 sphaera
1516 1572 1526 1586 ,
1545 1542 1634 1591 quod
1657 1543 1790 1580 effeetus

399 1595 495 1632 tribui
507 1610 573 1631 non
587 1595 706 1630 debeat
720 1593 818 1629 causae
832 1622 841 1636 ‚
867 1598 952 1640 cujus
966 1594 1120 1627 virtutem
1134 1591 1266 1640 superat.
1291 1593 1391 1628 Unde
1411 1592 1488 1627 illud
1504 1595 1599 1626 toties
1616 1591 1658 1626 ab
1671 1595 1790 1630 Aristo..

401 1645 465 1680 tele
474 1644 652 1693 usurpatum
668 1659 675 1679 :
700 1657 769 1692 quae
788 1655 842 1678 aut
857 1642 877 1678 ἐι
894 1653 1005 1677 natura
1019 1671 1029 1685 ,
1054 1653 1109 1676 aut
1123 1639 1164 1675 ab
1179 1652 1248 1675 arte
1262 1640 1343 1676 fiunt
1355 1671 1364 1685 ,
1382 1640 1424 1676 ab
1450 1654 1490 1676 eo
1504 1642 1594 1689 quod
1613 1643 1689 1678 airu
1713 1644 1760 1678 est
1777 1672 1787 1688 ,

399 1693 579 1730 efficiuntur
595 1708 603 1730 z
621 1708 687 1729 non
706 1696 787 1728 entis
807 1694 894 1727 enim
921 1690 1011 1727 nulla
1026 1691 1069 1725 est
1087 1691 1185 1724 aetio.

439 1759 461 1789 3.
484 1746 576 1790 Qin
597 1748 630 1779 &
649 1743 707 1778 illo
732 1745 900 1777 axiomate
927 1743 1028 1775 utitur
1057 1739 1134 1788 saepe
1161 1737 1372 1786 Philosophus
1403 1750 1439 1773 ut
1466 1738 1586 1787 probet
1619 1752 1733 1789 corpus
1765 1741 1787 1778 {i

397 1792 497 1841 seipso
524 1794 650 1827 moveri
678 1805 744 1827 non
769 1790 864 1837 poffe.
903 1793 992 1827 Nam
1011 1789 1099 1836 quod
1121 1801 1160 1823 ex
1192 1787 1223 1822 se
1243 1801 1309 1823 non
1327 1786 1426 1822 habet
1454 1800 1580 1824 motum
1596 1817 1605 1832 ,
1638 1789 1723 1825 hunc
1745 1790 1787 1825 ab

397 1842 460 1876 alio
483 1853 646 1876 mutuetur
676 1840 799 1876 necesse
828 1839 887 1874 est.
925 1839 1027 1885 Qiod
1049 1849 1159 1872 tamen
1180 1868 1189 1882 ,
1221 1849 1256 1872 ut
1278 1835 1368 1884 supra
1391 1838 1569 1881 innuimus,
1597 1837 1785 1874 difficultate

395 1904 461 1926 non
485 1902 571 1925 caret
591 1920 599 1934 ‚
624 1895 656 1926 &
674 1889 813 1924 dubitari
828 1886 946 1923 merito
971 1888 1075 1936 potest
1095 1900 1135 1921 an
1153 1887 1297 1934 quaedam
1311 1898 1446 1933 corpora
1467 1889 1534 1920 vim
1553 1887 1596 1921 sui
1611 1890 1784 1924 motricem

393 1953 460 1974 non
486 1942 669 1988 acceperint
689 1954 696 1975 :
729 1940 877 1986 quamvis
915 1938 947 1971 id
975 1949 1097 1972 certum
1123 1934 1159 1970 sit
1184 1947 1296 1984 corpus
1327 1947 1365 1968 ex
1390 1933 1419 1968 se
1442 1935 1480 1968 ad
1504 1947 1628 1969 motum
1653 1964 1663 1977 ‚
1688 1948 1722 1970 ut
1742 1938 1783 1971 ad

395 1992 542 2036 quietern
562 1988 622 2024 effe
638 1987 823 2024 indifferens
837 2017 847 2030 ,
876 1992 910 2023 &
929 1989 996 2021 vim
1016 1987 1190 2022 motricem
1208 2014 1217 2029 ‚
1251 1985 1286 2019 ut
1305 1996 1418 2032 corpus
1439 1984 1501 2028 est,
1519 1996 1557 2018 ex
1582 1983 1683 2032 seipso
1715 1999 1784 2024 non

395 2037 527 2076 habere.
543 2040 606 2074 Sed
627 2037 719 2073 series
736 2039 936 2072 axiomatum
956 2034 1161 2071 resumenda.

908 2137 1055 2172 Axioma
1069 2140 1209 2172 tertium.

392 2235 519 2328 Vis
537 2237 715 2277 afflvaseu
733 2241 882 2290 potentia
896 2248 992 2286 agere
1009 2249 1076 2271 non
1087 2236 1213 2284 potest,
1227 2233 1282 2271 nisi
1294 2235 1330 2270 fi:
1349 2235 1580 2269 determinata.

536 2288 691 2334 Qandiu
715 2292 802 2325 enim
821 2290 868 2323 est
886 2286 1136 2321 indeterminata
1153 2312 1157 2319 .
1183 2285 1236 2320 vel
1259 2286 1334 2331 quia
1351 2284 1436 2317 deest
1451 2281 1625 2317 sub‘e6h1m
1642 2283 1673 2317 in
1691 2283 1780 2330 quod

389 2345 477 2380 agat,
488 2336 538 2371 vel
558 2338 634 2384 quia
646 2339 730 2373 deest
746 2339 793 2374 illi
806 2335 981 2386 applicatio
999 2363 1009 2378 ,
1030 2334 1083 2368 vel
1097 2335 1228 2369 demum
1244 2335 1317 2380 quia
1329 2331 1477 2380 oppositae
1496 2297 1565 2366 sunt
1582 2332 1778 2366 determina-

392 2385 516 2428 tiones,
539 2397 574 2420 ut
592 2398 665 2422 curn
682 2387 830 2433 <globulus
846 2387 1010 2431 utrimque
1029 2385 1062 2418 in
1090 2395 1194 2431 partes
1207 2380 1365 2431 oppositas
1387 2381 1562 2430 impellitur
1575 2409 1584 2422 ,
1605 2392 1672 2415 tum
1690 2380 1777 2415 nulla

391 2432 497 2476 3⁶50,
517 2434 620 2470 nullus
645 2428 752 2474 motus
777 2435 971 2484 subsequitur
999 2447 1007 2468 :
1036 2431 1127 2480 quod
1150 2431 1235 2468 nulla
1257 2431 1292 2466 sit
1316 2435 1398 2466 ratio
1417 2443 1471 2466 cur
1487 2428 1537 2465 hic
1556 2432 1662 2477 potius
1681 2441 1755 2478 agat
1768 2461 1781 2477 ‚
