1857 2745
182 203 220 227 ea
230 187 274 224 est
288 218 298 234 ,
321 200 391 238 quae
405 198 510 236 neque
527 188 570 223 est
590 190 623 223 in
635 187 781 235 subjecto
796 216 806 231 ,
825 199 859 222 ut
876 188 1058 222 accidentia
1075 202 1085 231 3
1102 197 1211 235 neque
1231 187 1272 221 de
1296 185 1442 235 subjedb
1464 153 1575 237 praedi5-

181 251 290 282 catur,
312 252 347 275 ut
360 237 532 273 substantia
544 237 678 272 secunda
694 267 704 281 ,
726 236 780 272 seu
794 236 979 272 universilis
995 251 1002 272 :
1029 248 1064 271 ut
1086 235 1187 271 homo
1199 238 1257 284 qui
1279 237 1319 270 de
1336 236 1478 283 pluribus
1499 236 1573 271 sub-

177 290 271 337 jetfi’tis
282 289 528 334 dicitur.1taque
540 285 710 322 substantia
719 287 762 321 est
772 285 949 333 subjeetum
963 285 1064 333 ipfiim
1075 315 1084 330 ,
1102 286 1250 320 accidens
1263 285 1305 319 est
1326 287 1360 321 in
1381 285 1534 334 subjesto.

207 338 310 384 quue
321 337 476 373 definitur
487 336 528 370 ab
539 336 711 372 Aristotele
725 365 734 379 ‚
752 336 839 383 quod
853 336 938 370 estin
950 336 1081 382 aliquo,
1096 348 1162 370 non
1171 347 1206 369 ut
1215 347 1286 382 pars
1297 363 1307 377 ,
1325 347 1385 369 nec
1398 333 1440 369 ab
1459 347 1500 370 eo
1512 348 1574 383 po-

181 387 237 421 test
251 386 421 436 separatim
432 386 562 421 existere
574 415 584 430 ‚
610 384 757 434 intellige
766 384 877 421 saltem
887 385 1085 420 naturaliter.
1102 387 1155 421 Siic
1170 384 1290 419 candor
1301 384 1386 419 estin
1403 382 1498 428 laete,
1508 397 1574 419 non

181 448 216 471 ut
234 449 305 483 pars
320 442 396 485 ejus.

215 487 297 532 Qae
312 488 345 521 in
359 484 506 533 subjecto
522 483 606 524 sunt,
626 486 667 519 ad
681 496 801 520 novem
809 496 948 534 genera,
974 483 1221 531 seurcategorias
1241 493 1454 518 revocantur:
1475 493 1572 530 atque

181 534 233 569 hic
249 547 396 570 numerus
407 535 626 570 accidentium
639 547 677 569 ex
687 537 784 571 variis
800 531 1108 583 interrogationibus
1118 559 1128 575 ,
1146 543 1216 579 quae
1229 530 1300 567 fieri
1310 529 1436 580 potsunt
1447 532 1487 565 de
1504 530 1575 566 sub-

181 584 298 620 stantia
315 587 438 632 prima,
454 583 629 632 colligitur.

216 633 328 684 Qri
340 636 427 669 enim
444 634 546 681 potest
557 634 597 668 de
614 636 712 669 Petro
724 640 752 669 1⁶¹
767 645 904 681 quantus
915 631 951 667 sit
963 662 971 676 ‚
993 642 1126 678 tumque
1139 628 1348 679 respondetur
1361 641 1514 678 magnum
1529 628 1576 664 es-

178 681 230 726 se,
244 695 298 717 aut
312 695 456 731 parvum.
475 690 506 719 2⁰
516 683 620 731 qualis
639 681 692 727 fit,
709 684 844 726 doetus,
876 695 917 716 an
937 684 1006 730 pius
1031 699 1040 724 3
1062 680 1144 722 ubi,
1160 681 1297 714 Lutetiae
1312 707 1320 717 ‚
1356 690 1409 713 aut
1433 680 1569 714 Rom:

178 732 311 777 quando
329 734 410 766 vixit
422 760 431 775 ‚
449 732 488 765 ad
501 745 598 778 quem
608 732 784 775 referatur,
808 742 863 766 aut
873 729 1001 777 quicum
1013 731 1193 776 comparari
1208 727 1320 775 poffir,
1335 739 1372 762 ut
1381 732 1467 775 cujus
1483 727 1518 762 sit
1537 727 1575 762 fi-

179 778 251 823 lim,
267 792 366 828 quem
375 779 466 815 situm
481 779 650 824 obtineat,
668 779 757 814 sedet
768 810 776 823 ‚
793 792 848 815 aut
861 785 955 828 jacet.
969 779 1058 829 Qd
1075 788 1169 826 agar,
1185 778 1306 821 studet3
1321 777 1399 824 quid
1414 779 1555 823 patiatur
1567 805 1577 819 ,

179 828 385 877 frigii53quis
404 828 439 864 sit
456 829 539 863 illius
559 828 708 873 habitus,
737 831 781 863 ita
796 829 837 863 est
857 829 1006 871 vestitus,
1032 837 1172 860 armatus
1192 831 1254 863 ἀς.
1282 828 1334 860 Sic
1357 827 1453 874 igitur
1470 837 1573 873 quan-

180 879 375 926 tum‚quale
387 907 397 922 ,
413 879 453 912 ad
471 878 595 926 aliquid
606 908 616 922 ‚
631 878 683 914 [eu
693 878 807 913 relatio
821 906 827 916 ,
848 879 955 921 affin,
969 875 1087 925 paffio,
1108 873 1189 918 ubi,
1209 875 1340 923 quando
1353 903 1364 919 ‚
1380 872 1451 910 fitus
1467 879 1501 912 δε
1515 874 1573 909 ha.

178 925 287 971 bitus,
314 926 383 962 sunt
406 939 528 962 novem
546 928 793 975 praedicamenta
813 928 1041 962 accidentium.

215 976 387 1021 Qantum
398 976 514 1011 dicitur
529 978 560 1011 id
576 989 674 1012 omne
684 977 772 1024 quod
784 975 1040 1024 magnitudinem
1056 973 1157 1009 habet
1174 988 1182 1009 :
1201 973 1289 1020 quod
1307 975 1396 1009 enim
1409 975 1572 1021 magnitu-

178 1025 256 1058 dine
268 1025 376 1071 aliqua
388 1027 524 1073 exprimi
539 1026 642 1073 potest
651 1054 660 1068 ‚
671 1036 724 1060 aut
733 1024 907 1060 mensurari
917 1051 927 1065 ,
941 1025 973 1057 id
989 1034 1149 1069 quantum
1162 1023 1306 1057 dicimus,
1328 1024 1382 1054 Sic
1397 1033 1504 1055 motus
1516 1033 1576 1054 ve-

177 1072 292 1107 locitas
304 1101 311 1111 ,
329 1076 484 1121 temporis
495 1073 688 1110 diuturnitas
704 1102 713 1117 ‚
735 1084 884 1108 numerus
898 1099 906 1110 ‚
931 1083 985 1106 aut
1001 1070 1177 1107 multitudo
1197 1070 1238 1102 ad
1252 1071 1468 1116 quantitatem
1488 1069 1577 1103 refe-

177 1133 286 1157 runtur
300 1135 307 1156 τ
320 1127 353 1159 &
369 1121 627 1171 quotiescunque
642 1152 651 1166 ,
669 1122 770 1170 quam
782 1134 936 1169 magnum
951 1149 960 1162 ,
975 1120 1072 1167 quam
1089 1117 1226 1154 multum
1241 1146 1250 1161 ,
1263 1118 1361 1165 quam
1374 1119 1575 1161 diuturnum,

177 1183 234 1206 aut
249 1171 374 1219 aliquid
391 1171 555 1207 consimile
570 1175 738 1223 quaeritur,
756 1173 854 1206 toties
873 1171 1035 1218 quantitas
1045 1170 1092 1203 rei
1113 1169 1307 1214 inquiritur:
1332 1167 1414 1201 adeo
1423 1179 1458 1201 ut
1474 1179 1578 1214 quan-

180 1231 248 1255 tum
263 1223 396 1256 nomine
405 1222 568 1270 adjectivo
578 1251 586 1265 ,
599 1228 633 1258 ὅς
650 1223 875 1270 comparativo
891 1218 1016 1268 semper
1027 1219 1164 1265 exprimi
1179 1215 1290 1264 poffit:
1307 1227 1343 1250 ut
1356 1220 1455 1265 majus
1469 1221 1501 1252 ὃ(
1513 1217 1578 1250 mi-

178 1282 237 1306 nus
249 1298 259 1314 ,
274 1269 418 1305 velocius
428 1283 484 1306 aut
497 1272 626 1307 tardius.
648 1273 699 1306 Sic
712 1272 876 1318 quantitas
888 1269 1017 1304 videtur
1037 1266 1097 1303 esse
1111 1278 1232 1302 nomen
1246 1265 1437 1301 relativum:
1457 1275 1492 1300 ut
1509 1276 1575 1299 ma-

155 1350 159 1353 .
178 1332 279 1368 gnum
292 1326 353 1363 ,δε
371 1332 506 1368 parvum
518 1333 585 1357 non
603 1321 751 1356 dicuntur
764 1318 819 1355 nisi
841 1318 1028 1366 comparat&¹
1044 1317 1086 1351 ad
1099 1315 1198 1351 aliud.

214 1370 391 1417 Qantitas
405 1370 456 1404 vel
467 1371 510 1404 est
522 1369 657 1404 discreta
670 1398 680 1412 ‚
713 1373 803 1415 cujus
815 1380 920 1416 partes
931 1366 1002 1402 sunt
1011 1366 1159 1414 separatae
1169 1394 1177 1408 ‚
1189 1375 1226 1400 ut
1239 1375 1390 1400 numerus
1404 1381 1412 1407 3
1423 1361 1477 1398 vel
1493 1374 1573 1397 con-

179 1420 269 1453 tinua
285 1447 294 1462 ,
311 1423 394 1467 cujus
404 1431 510 1467 partes
521 1422 686 1455 communi
706 1418 835 1454 vinculo
848 1418 1084 1452 connectimur
1102 1429 1110 1450 z
1134 1425 1239 1461 eaque
1257 1413 1309 1447 vel
1329 1413 1373 1447 est
1386 1410 1573 1455 successiva,

177 1466 230 1502 seu
249 1470 281 1502 in
295 1467 381 1503 fluxu
392 1468 510 1516 posita,
526 1481 561 1503 ut
572 1480 716 1516 tempus;
733 1466 786 1502 vel
802 1478 994 1515 permanens
1006 1494 1015 1509 ‚
1032 1477 1100 1513 quae
1115 1462 1202 1498 simul
1220 1468 1253 1498 ὅ(
1273 1474 1342 1497 tota
1357 1461 1470 1496 exist-it.
1493 1463 1573 1495 Haec

178 1519 296 1552 iterum
331 1517 374 1550 est
394 1517 511 1564 triplex
536 1545 546 1559 ,
589 1517 674 1552 linea
687 1545 698 1560 ,
739 1528 808 1562 quae
844 1516 888 1549 est
917 1514 1090 1561 longitudo
1115 1522 1241 1547 tantum
1262 1529 1270 1553 ;
1300 1510 1482 1558 superficies
1506 1521 1576 1554 quae

178 1566 222 1600 est
232 1565 400 1612 longitudo
415 1571 448 1602 δε
459 1565 618 1608 latitud03
634 1570 668 1601 ὃ(
683 1576 799 1610 corpus
808 1563 896 1609 quod
913 1564 995 1597 trina
1003 1559 1201 1597 dimensione
1218 1557 1568 1606 constat,longitudine

178 1616 332 1649 nimirum
344 1643 353 1656 ‚
377 1613 548 1648 latitudine
572 1620 605 1650 &
619 1611 855 1661 profunditate.
1157 1630 1162 1633 »

216 1662 365 1709 Qalitas
377 1662 491 1696 dicitur
503 1690 512 1703 ,
528 1674 650 1708 quares
671 1661 742 1695 talis
757 1662 943 1696 neminatur
953 1674 961 1696 ε
973 1671 1010 1696 ut
1030 1659 1152 1695 albedo
1164 1688 1172 1702 ‚
1196 1658 1258 1706 qua
1277 1659 1379 1693 homo
1394 1658 1512 1693 dicitur
1525 1656 1574 1692 al-

177 1711 328 1759 buS.Jani
340 1710 504 1745 nonnullis
515 1710 622 1758 placet
632 1710 719 1744 idem
740 1709 948 1752 attributum,
972 1708 1166 1756 qualitatem
1181 1709 1245 1742 dici
1260 1737 1269 1751 ‚
1288 1713 1321 1744 δε
1333 1709 1552 1754 quantitatem
1566 1721 1575 1743 ε

176 1761 230 1797 sed
239 1759 375 1809 qualitas
392 1760 435 1794 est
447 1788 455 1802 ‚
471 1772 543 1794 cum
556 1758 702 1793 absolute
717 1760 926 1806 exprimitur,
936 1769 974 1794 ut
990 1758 1158 1795 doetrina:
1177 1759 1342 1804 quantitas
1357 1755 1437 1791 vero
1446 1756 1574 1799 dicitur,

177 1808 235 1844 ubi
256 1809 442 1856 comparate
451 1809 530 1855 quid
541 1807 696 1856 significat
711 1822 719 1843 ε
741 1818 775 1841 ut
788 1819 863 1842 curn
873 1807 1007 1842 dicimus
1020 1820 1119 1843 unum
1134 1806 1302 1841 hominem
1315 1805 1380 1839 alio
1396 1803 1457 1838 effe
1470 1809 1576 1851 majo-

178 1871 245 1894 rem
263 1870 316 1894 aut
331 1858 524 1893 doffiorem.
546 1860 599 1892 Sic
619 1856 675 1891 ubi
689 1858 859 1903 qua-:timus
870 1855 971 1902 qualis
987 1853 1024 1890 fit
1040 1854 1147 1891 mensa
1159 1883 1168 1896 ‚
1196 1859 1229 1890 &
1247 1852 1473 1901 respondemus
1493 1866 1523 1888 v.
1545 1867 1576 1901 g.

180 1907 243 1943 effe
257 1907 438 1956 oblongam
452 1936 461 1951 ‚
486 1919 542 1941 aur
556 1906 706 1949 malem,
730 1917 800 1939 turn
816 1903 900 1938 illius
917 1903 1109 1951 qualitatem
1123 1902 1300 1937 afferimus.
1316 1903 1360 1936 At
1377 1900 1397 1935 fi
1416 1912 1573 1948 quaeratur

179 1969 300 2006 quanta
314 1956 350 1992 sit
361 1987 370 2000 ,
385 1969 453 1992 tum
465 1955 550 1991 illius
563 1957 781 2003 quantitatem
803 1952 990 1987 adducimus
1005 1966 1013 1988 ε
1037 1950 1077 1987 sic
1092 1953 1305 1999 interroganti
1321 1949 1424 1997 qualis
1443 1948 1479 1984 sit
1503 1952 1577 1992 aer,

178 2006 385 2055 respondetur
396 2019 470 2041 eum
485 2003 546 2040 effe
560 2004 702 2039 calidum
711 2001 866 2038 absolute.
882 2003 960 2051 Jam
970 1999 990 2036 fi
1005 2013 1122 2049 quaeras
1132 2030 1142 2045 ,
1155 1999 1253 2048 quam
1265 1999 1394 2041 calidiis,
1409 2010 1477 2032 tum
1493 2011 1574 2045 quq„

180 2057 239 2092 stio
250 2058 310 2090 etit
324 2056 364 2090 de
374 2057 568 2103 quantitate.
581 2055 726 2102 Quoties
742 2054 829 2088 enim
843 2051 907 2086 haec
919 2050 1088 2098 particula,
1099 2049 1286 2097 qiiani‚addi
1302 2047 1415 2099 potest,
1429 2058 1465 2083 ut
1477 2046 1577 2094 quain

180 2118 332 2151 magnum
343 2134 352 2149 ,
367 2104 468 2152 quum
479 2104 615 2139 multum
626 2132 636 2146 ‚
653 2104 751 2137 toties
762 2102 802 2135 de
812 2102 997 2147 quantitate
1011 2102 1127 2149 agitur.

217 2154 398 2202 Qalitatis
409 2165 545 2200 quatuor
555 2151 675 2202 species
687 2150 788 2197 vulgo
801 2160 1008 2184 numerantur
1024 2164 1032 2184 τ
1050 2151 1155 2198 prima
1172 2146 1400 2195 complectitur
1414 2142 1577 2187 habitum,

180 2209 214 2242 &
226 2203 484 2252 dispositionem:
498 2202 589 2239 firma
598 2201 717 2247 agendi
745 2198 883 2235 facilitas
895 2197 947 2233 usu
971 2203 1004 2234 &
1017 2200 1173 2233 exercitio
1190 2205 1374 2244 comparata
1389 2194 1504 2228 dicitur
1515 2194 1573 2228 ha-

180 2253 284 2289 bitus:
297 2265 367 2288 cum
379 2251 630 2288 facileamoveri
641 2250 744 2299 potest
758 2278 767 2292 ‚
790 2249 907 2282 dicitur
918 2245 1100 2294 dispofitio:
1115 2259 1182 2294 quo
1194 2248 1292 2280 etiam
1309 2245 1442 2279 nomine
1456 2242 1577 2277 intelli-

181 2304 268 2351 gitur
280 2302 430 2350 aptitudo
447 2301 593 2347 quaedam
603 2301 643 2334 ad
653 2296 904 2346 comparandum
917 2296 1076 2334 habitum.

232 2352 378 2385 Secunda
393 2350 436 2384 cst
446 2350 580 2385 facultas
591 2349 708 2395 agendi
718 2347 739 2383 ἐι
758 2357 871 2382 natura
889 2343 1031 2380 conceffa
1044 2375 1054 2389 ‚
1074 2358 1143 2393 quae
1163 2345 1310 2391 potentia
1328 2341 1480 2378 naturalis
1495 2341 1575 2376 dici-

183 2411 230 2433 tur
243 2413 251 2434 z
262 2411 362 2446 eaque
378 2401 418 2434 ad
434 2399 596 2449 agendum
607 2397 791 2445 (impliciter
806 2395 849 2430 est
863 2393 1030 2433 necessaria
1042 2423 1052 2441 ‚
1067 2407 1104 2432 ut
1117 2393 1251 2431 facultas
1266 2392 1422 2433 videndi,
1432 2403 1505 2426 cum
1518 2390 1575 2424 de-

181 2447 281 2483 bilior
295 2449 337 2484 est
348 2477 358 2492 ,
385 2459 460 2484 tunc
492 2449 690 2497 impotentia
711 2445 840 2481 dicitur.
1344 2442 1372 2478 A
1400 2441 1431 2487 iij
