1857 2745
270 102 309 143 30·
628 85 1246 126 INSTITUTIONE5

305 141 451 191 Qaestio
471 153 548 191 ergo
563 152 633 188 quae
641 139 835 187 proponitur
844 134 908 170 alia
924 135 968 170 est
985 137 1179 179 Diuicvc'tics„
1197 138 1234 171 cie
1248 149 1311 183 qua
1329 136 1481 186 disputati
1501 141 1533 175 in
1550 148 1674 176 utrarm

266 206 331 241 que
342 204 468 241 partem
479 189 654 232 solet3alia
668 199 747 223 vero
760 185 936 232 Analytica
948 213 957 229 ,
977 189 1010 221 ἃ.
1029 189 1145 234 cuique
1163 185 1335 235 disciplina*
1353 192 1482 236 proptia
1503 204 1511 226 ε
1531 192 1563 225 in
1587 189 1672 224 lllius

289 241 498 277 robationem
513 247 705 287 argumenta
715 234 912 271 adhibemus
922 238 1108 270 communia
1123 264 1133 279 ‚
1154 249 1193 271 ex
1209 237 1287 271 iocis
1305 239 1397 271 certis
1414 266 1424 280 ,
1442 244 1476 274 ὅ(
1490 238 1583 274 velut
1600 241 1673 285 qui-

265 256 398 326 Eusdarn
414 289 431 324 ὲ
447 286 577 322 sedibus
590 285 757 334 desumpta
771 313 781 328 ‚
807 297 889 333 quos
900 284 1036 332 quidem
1047 285 1135 320 locos
1150 285 1340 322 Aristoteles
1366 288 1399 322 in
1411 289 1545 337 Topicis
1560 287 1627 323 fuse
1639 293 1673 325 &

265 339 417 374 distinete
429 336 612 372 admodum
627 334 780 385 explicat.

306 389 387 423 Haec
408 399 600 437 argumenta
620 388 689 421 erui
713 383 819 420 solent
841 382 858 418 ὲ
877 383 1119 429 Grammatica‚
1141 383 1324 421 Dialeffica
1338 415 1347 429 ‚
1373 392 1407 424 &
1435 385 1673 435 Metaphyfica-

266 438 348 472 Loci
371 438 591 472 Grammatici
611 435 653 471 ab
674 433 886 483 Etymologia
911 431 1103 482 plerumque
1114 434 1274 470 ducuntur
1293 449 1301 470 ε
1319 448 1353 471 ut
1371 436 1561 485 pecuniosus
1576 437 1596 472 a
1615 449 1674 485 pe-

266 499 380 521 corum
395 489 488 534 copia
499 486 617 521 dicitur
633 502 641 529 3
654 484 709 520 vel
722 485 742 520 ὲ
753 485 936 532 conjugatis
947 511 957 526 ,
976 484 1134 528 utjussurn
1151 484 1296 519 ducimus
1311 484 1329 520 ὲ
1347 485 1482 533 justitia.

302 537 382 570 Loci
398 535 573 572 Dialectici
588 547 705 584 magna
716 546 755 569 ex
770 544 861 581 parte
875 531 945 567 sunt
958 533 1115 581 explicati
1139 548 1147 570 :
1178 533 1357 569 meminisse
1377 546 1504 570 tantum
1520 546 1673 583 oportet,

269 587 447 620 terminum
463 585 792 633 diciantecedentem
806 611 816 627 ,
831 594 870 617 ex
882 594 950 631 quo
961 582 1050 618 aliud
1063 583 1220 631 quiddam
1237 581 1381 630 sequitur
1393 611 1403 623 ,
1419 596 1454 619 ut
1467 584 1603 620 circulus
1617 585 1676 630 est3

267 646 347 683 ergo
366 633 477 685 figura.

304 685 394 719 Hinc
407 696 485 733 ergo
501 682 550 718 illi
563 694 758 718 communes
778 680 843 716 loci
855 681 1037 718 dimanant.

304 735 416 769 Primo
430 763 438 777 ‚
457 745 558 783 genus
577 732 618 766 ad
629 731 831 780 probandam
845 730 984 780 speciem
994 745 1061 766 non
1081 731 1190 775 valet,
1209 729 1298 767 valet
1319 741 1430 766 autern
1444 729 1617 780 plurimum
1633 732 1678 767 ad

269 781 508 819 refellendum:
522 794 558 818 ut
568 795 634 817 non
646 780 690 816 est
705 780 806 830 figura
818 798 829 826 ·‚
841 793 919 829 ergo
933 792 993 815 nec
1008 781 1144 816 circulus
1162 795 1169 816 :
1184 794 1251 817 non
1266 781 1310 816 est
1326 784 1426 818 virtus
1443 797 1452 825 3
1466 792 1544 828 ergo
1554 793 1614 817 nec
1630 785 1677 830 ju-

269 832 368 867 stitia.

304 881 367 915 Sed
378 892 416 914 ex
441 879 546 928 specie
557 880 645 915 recte
657 879 762 928 potest
777 889 880 927 genus
895 877 1048 926 probari,
1078 877 1164 912 male
1187 877 1306 914 refelli.
1324 878 1427 921 Qiod
1440 880 1527 913 enirn
1547 890 1613 914 non
1633 878 1677 913 est

267 929 410 978 justitia,
428 928 533 977 potest
544 926 606 962 else
620 930 720 963 virtus
730 957 740 971 ,
769 938 804 962 ut
814 925 976 962 fortitudo
991 956 1000 972 ‚
1018 927 1234 975 &prudentia
1245 941 1257 963 ·.
1271 939 1333 962 nec
1351 926 1478 961 tollitur
1491 939 1611 976 genus,
1623 930 1676 962 ni-

271 978 292 1014 si
303 989 417 1014 ornnes
438 977 559 1025 species
576 988 820 1013 removeantur.

310 1027 462 1062 Secundo
472 1053 482 1068 ‚
503 1026 557 1060 hic
570 1026 614 1058 est
626 1028 727 1059 etiam
737 1024 823 1059 locus
837 1021 1046 1059 dialesticus:
1068 1024 1109 1058 de
1119 1037 1187 1071 quo
1198 1022 1385 1066 affirmatur,
1397 1034 1455 1058 aut
1469 1035 1604 1073 negatur
1617 1024 1676 1060 de-

274 1075 381 1114 finitio
394 1103 403 1118 ‚
430 1074 470 1108 de
482 1074 601 1108 eodem
615 1071 790 1108 affirmatur
803 1082 860 1105 aut
873 1081 1012 1119 negatur
1029 1071 1202 1108 definitum
1214 1103 1223 1117 ,
1241 1079 1275 1110 &
1287 1074 1360 1107 vice
1374 1071 1473 1109 versa.

308 1123 444 1171 Reliqui
459 1122 523 1158 loci
541 1122 705 1158 dialectici
722 1133 763 1157 ex
791 1123 828 1154 iis
844 1132 913 1167 quae
937 1120 1078 1157 diximus
1092 1151 1102 1166 ,
1113 1121 1211 1157 facile
1237 1121 1348 1171 colligi
1368 1119 1496 1170 poffunt
1509 1150 1518 1166 ‚
1534 1134 1590 1158 aut
1608 1136 1676 1161 non

274 1173 348 1209 sunt
363 1173 473 1221 magni
490 1170 570 1208 usus,

308 1224 389 1258 Loci
401 1220 617 1270 Metaphyfici
635 1232 674 1255 ex
690 1218 921 1255 communibus
946 1219 1138 1255 notionibus
1155 1219 1251 1256 causae
1273 1225 1307 1258 δε
1325 1218 1457 1256 effectus
1470 1250 1480 1265 ,
1504 1221 1606 1255 totius
1621 1232 1676 1257 aut

277 1274 377 1321 partis
395 1300 405 1314 ‚
437 1282 493 1306 aut
521 1269 674 1305 fimilibus
694 1270 864 1306 ducuntur.
979 1273 981 1275 ’

309 1320 411 1356 Causa
423 1319 632 1369 quadruplex,
645 1318 749 1354 finalis
761 1348 770 1362 ‚
790 1317 938 1354 effefflix
949 1318 1143 1363 ,materialis
1163 1324 1196 1356 ὃ(
1213 1318 1371 1354 formalis.

312 1370 427 1405 Finalis
441 1368 532 1404 causa
550 1369 595 1404 est
607 1370 758 1417 primatia
768 1397 778 1412 ,
792 1368 847 1402 vel
867 1366 1050 1403 secundaria
1066 1386 1074 1410 ·‚
1097 1369 1141 1402 est
1154 1371 1255 1403 etiam
1269 1372 1355 1416 cujus
1372 1369 1474 1416 gratia
1487 1366 1524 1403 fit
1538 1367 1677 1418 aliquid,

277 1432 312 1455 ut
332 1419 446 1454 sanitas
462 1418 507 1452 est
521 1417 593 1454 finis
605 1419 663 1466 qui
678 1419 841 1466 expetitur
856 1432 863 1454 ε
881 1430 962 1466 aeger
982 1417 1028 1452 est
1045 1416 1117 1453 finis
1129 1420 1182 1453 cui
1203 1416 1318 1453 sanitas
1342 1419 1513 1465 quaeritur,
1535 1431 1573 1454 ut
1594 1417 1678 1454 alibi

278 1466 375 1504 fufius
398 1480 610 1516 exponemus,

312 1516 423 1552 Multa
435 1528 473 1551 ex
489 1515 553 1551 fine
568 1516 727 1552 ducuntur
743 1527 952 1566 argumenta:
971 1514 1144 1550 undeillud
1165 1513 1303 1550 Caffiani
1318 1543 1328 1558 ‚
1346 1517 1397 1549 cui
1416 1513 1493 1549 bono
1508 1518 1521 1547 ?
1542 1518 1678 1553 innuen-

279 1567 356 1601 dum
367 1567 455 1601 enim
466 1565 545 1613 quid
560 1563 691 1600 affectet
701 1566 836 1614 quisque
845 1594 855 1609 ‚
877 1577 923 1601 an,
933 1563 1078 1612 locuples
1092 1593 1103 1608 ,
1125 1576 1170 1599 an
1182 1563 1312 1599 disertus
1323 1593 1334 1609 ‚
1360 1564 1457 1613 justus
1469 1593 1480 1609 ‚
1507 1577 1547 1602 an
1560 1577 1678 1615 potens

280 1613 340 1650 effe
358 1614 437 1649 velit
455 1625 465 1650 Ξ

313 1662 466 1699 effecum
477 1662 567 1697 causa
576 1662 631 1698 vel
643 1663 688 1698 est
701 1661 1031 1711 totali5,velpartialis
1043 1674 1050 1696 :
1064 1665 1198 1697 utDeus
1209 1660 1255 1695 est
1273 1660 1362 1695 causa
1383 1661 1501 1695 Adami
1517 1661 1624 1697 totalis
1643 1669 1679 1700 δε

281 1713 446 1760 adaequata
456 1742 465 1756 ‚
478 1710 531 1746 sed
544 1714 724 1760 aequivoca,
735 1713 768 1747 id
780 1713 914 1756 est‚non
931 1710 1073 1760 ejusdem
1087 1709 1382 1753 rationis3Adamus
1399 1709 1443 1743 est
1459 1709 1550 1744 causa
1563 1710 1677 1747 Abelis

280 1763 491 1809 inadaequata,
499 1772 554 1796 aut
563 1761 772 1809 partialis,sed
782 1764 931 1797 univoca.
942 1763 1028 1813 Ignis
1041 1760 1173 1794 demum
1182 1758 1375 1794 comburens
1386 1757 1431 1792 est
1442 1757 1678 1809 causaPhyfica,

280 1817 314 1848 δε
324 1809 568 1858 necessariaxqui
578 1812 686 1860 ignem
702 1810 887 1860 fiibjicit‚est
901 1813 990 1845 caula
1000 1809 1129 1844 moralis
1140 1814 1174 1846 &
1184 1807 1345 1843 liberazsol
1358 1806 1543 1843 cubiculum
1555 1809 1677 1845 illumi.

281 1873 360 1896 nans
373 1859 418 1895 est
426 1859 516 1894 causa
525 1872 581 1908 per
598 1859 629 1895 se
639 1860 724 1895 illius
736 1860 882 1902 luminis;
900 1861 1028 1907 apertio
1040 1858 1185 1893 fenessrae
1205 1857 1250 1891 est
1264 1856 1352 1891 causa
1365 1856 1429 1892 fine
1445 1869 1511 1904 qua
1521 1870 1598 1894 non.
1615 1861 1676 1894 Ar-

282 1909 365 1944 tifex
375 1908 419 1944 est
432 1907 524 1944 causa
532 1911 688 1956 praecipua
700 1909 863 1955 suioperis
877 1906 1006 1947 3securis
1022 1919 1086 1953 qua
1095 1908 1192 1941 utitur
1203 1935 1212 1950 ‚
1230 1907 1274 1942 est
1292 1905 1379 1941 causa
1399 1906 1678 1953 instrumentaria3

284 1958 343 1994 Sol
361 1959 404 1994 est
417 1957 508 1994 causa
533 1956 720 1993 uni'versalis
732 1956 916 2005 plantarum
934 1971 942 1991 ς
959 1956 1047 2006 stirps
1058 1967 1261 2004 unaquaeque
1278 1955 1323 1991 est
1333 1955 1423 1991 causa
1437 1958 1587 2005 proxima
1605 1957 1676 1993 fru·

284 2011 489 2056 {tuum-quos
510 2018 669 2056 procreat.

317 2059 407 2092 Hinc
426 2057 526 2092 multa
545 2055 700 2091 ducuntur
718 2068 910 2104 argumenta
928 2054 1069 2105 ,quibus
1090 2067 1129 2090 ex
1151 2052 1271 2090 effectu
1299 2052 1463 2099 colligitur
1485 2053 1574 2089 causa
1590 2085 1599 2100 ‚
1620 2068 1677 2092 aut

283 2106 414 2141 sublatis
437 2105 531 2141 causis
549 2105 708 2140 tolluntur
727 2105 875 2143 effectus.
899 2109 942 2142 Ex
959 2103 1052 2141 causis
1074 2104 1152 2153 saepe
1179 2100 1354 2139 neceffario
1377 2092 1479 2139 Eunt:
1502 2116 1539 2138 ut
1561 2117 1675 2153 corpus

285 2169 423 2203 opacum
437 2158 470 2190 in
485 2155 606 2190 lumine
619 2153 756 2204 positum
770 2156 922 2191 umbram
936 2154 1036 2191 efficit
1051 2172 1059 2198 3
1072 2160 1105 2192 δ(
1120 2152 1236 2189 umbra
1257 2151 1444 2200 ubicunque
1456 2153 1500 2187 est
1514 2183 1524 2196 ,
1550 2153 1597 2188 ibi
1612 2153 1673 2190 effe

286 2216 399 2251 corpus
417 2205 566 2240 ostendit.
595 2207 685 2253 Saepe
705 2218 771 2240 non
788 2204 960 2241 neceffario
979 2203 1114 2240 effeetus
1136 2203 1354 2252 producuntur
1372 2230 1378 2237 .
1395 2212 1430 2236 ut
1458 2201 1503 2236 sol
1524 2203 1650 2238 colorat
1662 2233 1673 2248 ,

285 2251 338 2287 sed
351 2266 417 2287 non
432 2254 552 2289 idcirco
566 2267 665 2290 omne
688 2255 778 2302 quod
798 2256 842 2290 est
855 2255 1035 2290 coloratum
1047 2284 1057 2298 ,
1074 2254 1095 2290 ἐι
1116 2252 1180 2288 sole
1191 2251 1279 2287 stium
1295 2250 1441 2286 colorem
1458 2251 1547 2286 ducit
1563 2267 1572 2289 :
1596 2253 1674 2289 reli-

287 2313 350 2349 qua
360 2314 427 2349 quae
439 2302 478 2335 ad
497 2301 600 2338 causas
614 2305 779 2352 pertinent
793 2335 803 2350 ‚
818 2304 872 2340 suo
888 2303 961 2339 loco
977 2305 1129 2340 dicemus.

321 2351 563 2388 Similiratione
584 2365 621 2390 ex
634 2351 787 2404 oppositis
807 2354 910 2391 multa
925 2365 1113 2403 argumenta
1129 2362 1290 2389 eruuntur.
1317 2348 1478 2400 Opposita
1491 2361 1603 2387 autem
1621 2350 1676 2387 vel
