1857 2745
585 120 626 155 M
647 118 682 155 O
707 118 741 152 R
765 118 794 156 A
813 118 842 154 L
862 118 878 152 1
896 118 929 154 S.
1406 137 1421 158 2

59 170 125 222 ipsa
142 168 312 206 voluntate
324 196 334 213 ,
353 179 424 217 quae
437 170 567 216 proprie
582 169 697 203 dicitur
709 167 797 203 bona
809 179 863 202 aut
882 164 986 210 mala3
1005 174 1074 201 tum
1091 166 1124 202 in
1143 169 1216 203 aetu
1231 167 1298 216 ipso
1314 137 1452 218 generis

61 224 118 256 tim
131 218 256 268 sumpto
268 247 278 262 ‚
291 220 349 266 qui
364 219 467 253 rectus
482 218 543 253 effe
559 217 670 255 deber.
696 221 729 252 ln
747 216 805 252 tali
821 229 900 251 vero
914 217 989 251 astu
1010 216 1053 251 est
1072 220 1214 251 carentia
1229 219 1427 254 testitudinis
1440 249 1451 264 ‚

56 282 123 306 non
139 269 201 303 sola
213 269 351 317 privatio
363 282 371 302 ;
384 266 489 302 bonus
505 270 628 316 quippe
645 269 671 301 is
700 265 760 302 effe
777 268 900 314 nequit.
923 264 1113 314 Exemplum
1125 265 1218 315 talpae
1231 295 1240 309 ‚
1265 266 1401 303 adhibet
1418 271 1448 305 S.

57 317 201 355 Thomas
214 346 223 361 ,
235 319 333 364 quiut
344 314 443 364 vulgo
454 319 592 351 creditur
605 347 613 360 ,
630 319 778 366 privatur
795 315 862 350 visu
876 344 885 359 ‚
902 327 968 350 non
980 325 1017 348 ut
1034 315 1080 349 est
1104 314 1167 349 tale
1185 314 1322 358 animal,
1342 330 1450 365 neque

55 369 145 403 enim
163 367 273 402 videre
286 364 403 402 debet:
421 365 474 400 sed
498 378 534 401 ut
546 366 591 400 est
609 365 730 401 animal
744 395 754 410 ‚
766 366 855 412 quod
867 365 1049 414 generatim
1057 362 1159 398 visum
1172 367 1282 413 exigit.
1295 365 1407 413 Qare
1416 378 1451 402 ut

53 418 178 452 caecitas
199 414 313 462 talpae‚
337 413 376 449 sic
386 415 465 450 odio
484 419 549 452 Dei
566 419 708 465 privatio
726 415 928 450 reetitudinis
944 412 1108 448 tribuitur.

79 468 194 512 Itaque
214 465 325 499 odium
337 466 403 500 Dei
416 464 600 500 formaliter
621 466 782 513 sumptum
803 477 871 499 non
891 463 934 497 est
954 475 1055 510 capax
1068 463 1268 497 testitudinis
1289 465 1423 500 moralis
1440 482 1448 503 :

50 511 105 549 fed
115 524 150 548 ut
160 513 205 548 est
215 512 327 547 odium
337 543 346 556 ‚
362 513 416 548 seu
431 516 521 551 astus
535 514 672 563 quidam
685 513 878 559 voluntatis,
889 517 923 550 &
932 513 1088 561 generice
1097 510 1273 559 speetatur,
1287 514 1331 548 est
1347 526 1448 563 capax

53 561 184 610 alicujus
195 563 408 600 rectitudinis.

81 614 202 646 Contra
215 612 346 657 inquies.
365 612 444 647 Non
464 610 603 648 dissimili
616 615 743 648 ratione
753 612 833 660 lapis
846 612 996 660 generice
1010 609 1152 659 sumptus
1167 610 1228 643 erit
1240 621 1340 658 capax
1350 610 1447 648 vistis:

50 671 169 709 nempe
189 671 224 694 ut
238 660 280 694 est
296 672 408 710 corpus
424 677 434 704 3
451 660 556 710 licque
578 664 699 698 caecitas
719 663 780 696 erit
799 664 832 697 in
845 661 952 709 lapide
971 673 980 695 ε
1006 662 1094 708 quod
1113 660 1250 694 omnino
1267 659 1315 693 est
1338 659 1450 697 absur-

49 708 140 746 dum.

81 758 170 806 Resp.
183 757 297 806 Longe
313 757 470 806 disparem
483 754 545 792 effe
559 759 742 796 rationem:
757 760 852 807 Lapis
869 760 957 794 enim
966 770 1002 794 ut
1014 770 1127 806 corpus
1141 772 1207 796 non
1220 760 1322 808 exigit
1334 760 1444 797 visum·

48 805 162 842 odium
172 817 280 842 autern
295 809 445 855 generice
458 805 618 856 sumptum
633 809 736 857 exigit
745 808 976 844 testitudinem
989 807 1155 842 moralem.
1438 798 1447 813 '

96 857 165 889 Imo
177 883 187 898 ‚
206 856 343 902 inquies.
364 858 415 892 Ut
431 869 545 905 corpus
569 859 720 905 generice
740 856 918 904 spetstamm
931 858 974 891 est
993 855 1179 891 indifferens
1197 868 1232 892 ut
1253 855 1289 893 fit
1305 861 1419 895 vivens
1436 888 1446 904 ,

47 915 105 938 aut
119 906 194 938 vitae
205 912 315 951 expers
328 920 337 947 ς
351 905 470 939 animal
482 916 518 939 ut
529 903 564 939 fit
576 905 733 940 rationale
742 906 795 941 vel
805 904 1043 941 irrationalezfic
1052 905 1164 940 odium
1175 910 1325 955 generice
1339 908 1448 953 sump-

50 962 118 987 tum
137 964 197 987 nec
212 950 396 988 bonitatem
413 983 423 997 ,
441 965 500 989 nec
516 953 676 989 malitiam
685 956 787 1003 exigit
803 968 811 990 :
828 954 882 990 sed
899 954 939 988 ad
957 965 1127 1001 utramque
1141 955 1184 990 est
1207 952 1302 1004 plane
1316 957 1449 993 indiffe-

48 1012 142 1036 rens:
157 1013 236 1049 ergo
245 1002 332 1036 aetus
347 1014 413 1037 non
431 1004 533 1050 exigit
548 1003 790 1038 rectitudinem.

84 1049 174 1098 Resp.
185 1051 276 1096 Neq.
288 1051 406 1096 conseq.
425 1053 513 1086 Nam
533 1062 569 1085 ut
583 1049 693 1084 oculus
710 1050 777 1085 visu
794 1049 898 1098 potest
914 1050 1028 1084 donari
1042 1054 1076 1086 ὃ(
1091 1061 1133 1084 eo
1145 1052 1266 1098 privari
1284 1082 1292 1095 ‚
1322 1053 1446 1088 tametsi

48 1109 122 1133 euru
133 1087 321 1134 naturaliter
330 1098 484 1146 postulat:
501 1096 540 1133 sic
551 1100 638 1134 actus
657 1101 808 1147 generice
820 1097 963 1146 sumptus
975 1102 1009 1134 δε
1021 1096 1126 1132 bonus
1136 1098 1198 1133 else
1211 1101 1318 1148 potest
1333 1107 1365 1138 &
1378 1116 1448 1137 ma-

47 1146 95 1182 lus
109 1175 119 1190 ,
142 1150 290 1195 quamvis
309 1149 539 1184 reffirudinem
554 1147 652 1197 ipsam
668 1150 787 1197 exigat.
816 1150 854 1184 Et
879 1147 1012 1194 quidem
1028 1147 1048 1182 fi
1063 1147 1286 1197 Metaphysice
1310 1164 1358 1185 res
1383 1151 1448 1199 ipsa

47 1194 262 1231 confideretur
280 1225 289 1239 ,
312 1198 355 1231 est
372 1197 485 1233 odium
501 1197 595 1245 plane
612 1195 819 1242 indifferens,
842 1209 879 1232 ut
894 1196 1017 1231 bonum
1038 1195 1074 1231 sit
1089 1224 1099 1240 ,
1124 1197 1178 1231 vel
1204 1198 1324 1234 malum
1350 1214 1357 1234 τ
1377 1212 1447 1235 tum

48 1247 135 1280 enim
151 1244 278 1294 praecise
289 1258 326 1281 ut
341 1259 440 1295 genus
452 1276 462 1290 ,
480 1246 570 1294 quod
587 1245 606 1282 ὲ
624 1246 681 1281 suis
706 1245 898 1283 differentiis
918 1244 1077 1281 abstrahit
1089 1274 1098 1286 ‚
1113 1245 1336 1285 consideratur.
1364 1251 1408 1284 At
1426 1249 1447 1284 fi

48 1293 214 1330 moraliter
228 1293 403 1343 spectetur,
430 1304 465 1331 ut'
480 1295 500 1331 ὲ
520 1297 646 1330 ratione
666 1295 895 1344 proficiscitur,
919 1299 953 1331 δε
970 1293 1076 1330 subest
1095 1297 1236 1343 imperio
1254 1297 1446 1342 voluntatis,

47 1354 116 1379 tum
129 1356 196 1380 non
214 1344 257 1378 est
275 1343 462 1381 indifferens
478 1357 514 1380 ut
527 1344 649 1380 bonum
666 1343 702 1380 fit
719 1374 724 1381 .
745 1357 798 1381 aut
808 1345 941 1381 malum.

80 1392 218 1437 Instant.
230 1394 262 1427 Si
277 1394 401 1429 malitia
412 1394 493 1430 nihil
509 1395 552 1429 est
564 1392 619 1429 nili
631 1396 792 1442 privatio,
823 1396 880 1442 qui
903 1397 1013 1430 Deum
1030 1402 1096 1428 n‘on
1114 1405 1204 1429 amat
1223 1407 1297 1431 cum
1323 1396 1444 1440 debet,

46 1453 112 1477 non
126 1443 232 1476 minus
240 1454 352 1489 peccat
366 1472 373 1484 ,
388 1442 489 1490 quam
500 1445 555 1489 qui
571 1455 647 1476 eum
658 1444 736 1478 odio
746 1442 849 1478 habet
859 1455 948 1479 :cum
958 1444 992 1476 in
1002 1453 1140 1488 utroque
1156 1441 1191 1476 fit
1200 1447 1343 1490 privatio
1353 1458 1444 1480 amo—

47 1492 89 1525 ris
105 1489 207 1523 divini
227 1517 237 1532 ,
257 1489 308 1525 seu
320 1491 518 1526 testitudinis
536 1489 667 1526 debitae.

89 1539 131 1583 R.
148 1539 234 1586 Neg.
247 1550 316 1576 emt.
327 1541 501 1586 Ratiojam
512 1538 531 1573 ὲ
542 1537 636 1574 nobis
647 1539 743 1573 allata
757 1539 799 1573 est
812 1552 821 1574 :
841 1549 909 1573 tum
921 1540 993 1585 quia
1008 1537 1208 1584 privationes
1226 1537 1296 1575 sunt
1312 1542 1441 1577 diversa:

46 1592 135 1637 juxta
150 1586 293 1622 diversos
307 1589 423 1624 modos
437 1587 554 1636 quibus
578 1587 682 1623 forma
703 1587 895 1630 destruitur3
916 1598 985 1621 tum
1008 1587 1082 1632 quia
1096 1586 1207 1621 odium
1225 1591 1289 1624 Dei
1310 1590 1352 1624 cst
1366 1603 1442 1637 pec,

49 1648 158 1671 catum
169 1637 416 1682 commistionis,
440 1636 525 1684 quod
543 1641 575 1672 &
591 1638 700 1672 aerum
716 1642 749 1673 ὃ(
763 1636 968 1674 voluntatem
985 1633 1084 1683 ipsam
1104 1638 1241 1672 omnino
1260 1643 1419 1686 pervertit
1430 1670 1441 1684 ‚

50 1690 85 1722 &
100 1685 121 1722 ὲ
134 1684 329 1722 testitudine
343 1686 408 1735 ipsa
423 1684 602 1735 longiffirne
618 1687 750 1722 recedit.

505 1769 593 1816 Qu
615 1770 654 1803 AE
678 1769 698 1802 s
727 1768 758 1803 ’r
787 1770 800 1802 1
824 1769 860 1803 0
918 1768 931 1800 1
952 1770 992 1802 v.

372 1849 408 1882 V
407 1847 491 1883 triam
507 1848 627 1881 malum
650 1846 847 1895 quoimalum
865 1849 974 1897 appeti
988 1843 1076 1895 poffit
1088 1847 1103 1878 ἓ

4 1966 5 1971 ,
49 1930 286 2018 Asserunt
302 1929 494 1968 Nominales
513 1929 719 1965 voluntatem
745 1931 887 1966 nostram
902 1932 935 1965 in
953 1927 1075 1964 malurn
1091 1924 1217 1975 praecise
1233 1925 1301 1974 quei
1316 1928 1438 1964 malurn

19 1999 23 2002 «
157 1980 203 2014 est
217 2009 226 2023 ‚
248 1981 323 2015 ferri
341 1979 444 2027 polle,
456 1979 556 2026 idque
567 1991 722 2027 appetere
734 1979 962 2027 prosecutionis
978 1986 1088 2019 motu,
1102 1975 1157 2012 vel
1170 1978 1293 2017 amoris
1307 1993 1315 2018 ς
1330 1989 1366 2011 ac
1377 1976 1438 2012 bo-

0 2064 1 2067 ,
52 2041 130 2066 num
147 2028 280 2065 viciffim
297 2042 334 2064 ut
346 2029 472 2065 bonum
487 2029 566 2064 odio
579 2027 694 2064 haberi
708 2030 808 2078 posse.
828 2028 966 2078 Reliqui
988 2037 1105 2063 omnes
1126 2024 1313 2075 Philosophi
1332 2026 1365 2060 id
1384 2039 1439 2060 ne-

0 2085 1 2112 }
51 2089 130 2125 gant
149 2093 157 2115 :
175 2077 211 2113 sit
226 2080 339 2126 utique

0 2127 1 2130 η
61 2127 63 2129 ·
595 2126 698 2160 Vnica
715 2128 887 2175 Conclusio.

1 2251 2 2254 η
90 2224 171 2259 Non
186 2225 292 2273 potest
308 2225 458 2262 voluntas
473 2223 593 2260 malum
609 2222 676 2272 qua
691 2223 813 2260 malum
827 2235 996 2274 expetere,
1025 2234 1085 2261 nec
1097 2222 1221 2258 bonum
1234 2218 1301 2270 qua
1314 2220 1438 2259 bonum

56 2268 166 2306 odisse.
775 2313 778 2315 ‚

96 2319 231 2355 Probari
247 2323 343 2369 potest
365 2323 523 2368 conclufio.
540 2322 738 2358 authoritate
754 2328 788 2359 ὃς
809 2324 934 2356 ratione
954 2337 964 2363 3
986 2321 1182 2356 authoritate
1195 2322 1251 2356 SS.
1265 2324 1323 2357 PP-
1346 2333 1381 2357 ut
1403 2325 1437 2358 S.

58 2368 206 2418 Dionysii
216 2372 272 2418 qui
285 2371 430 2421 locojatn
442 2376 544 2410 citato
560 2372 656 2410 docet
668 2372 791 2411 malum
803 2369 864 2410 effe
881 2382 995 2422 praeter
1015 2370 1216 2454 voltmtategi
1227 2398 1237 2412 ‚
1256 2382 1368 2426 praeter
1384 2373 1436 2406 in-

1209 2432 1229 2467 g
1255 2431 1274 2466 ‘J
