1857 2745
365 151 423 189 614
812 141 1320 176 METAPYHSICAEv

366 192 502 239 prensum
518 194 548 224 in
568 190 701 224 cerebro
714 189 884 237 vestigium
901 189 1059 237 applicat:
1069 201 1105 224 ut
1115 202 1188 226 cum
1198 190 1238 223 de
1247 188 1366 224 circulo
1378 192 1501 239 cogitat
1513 189 1629 233 ;alte1·a
1642 191 1689 226 est
1699 193 1752 227 iii-¹

367 240 510 273 telleclio
521 268 530 281 ,
546 244 578 275 &
589 241 689 273 menti
704 242 832 287 propria
842 267 851 282 ,
863 250 936 273 cum
946 250 984 272 ex
1002 237 1166 274 occasione
1180 237 1410 287 phantasmatis
1427 250 1497 273 rem
1506 242 1645 287 percipit
1655 269 1666 284 ,
1680 253 1751 289 quae

364 287 453 322 nullo
478 288 583 336 potest
596 287 823 336 phantasmate
840 287 1085 336 comprehendi.
1105 290 1157 323 Sic
1169 288 1228 323 ubi
1237 287 1338 323 solem
1353 289 1437 323 terri
1453 290 1575 323 centies
1591 293 1751 337 majorem

365 336 584 380 demonstrat3
603 336 656 371 vel
670 336 839 385 antipodas
853 349 922 372 non
937 336 1125 385 prono‚sed
1144 339 1254 373 erecto
1264 339 1371 385 capite
1388 336 1537 373 incedere
1556 354 1565 382 ;
1583 338 1636 373 vel
1651 337 1752 374 solem

363 384 465 433 ipsum
483 398 522 420 ex
533 388 625 420 variis
640 385 721 420 illius
740 387 818 420 locis
828 388 954 421 moveri
966 385 1095 435 colligit
1107 415 1118 430 ‚
1136 385 1259 421 tametsi
1277 397 1405 421 motum
1424 385 1513 433 ipsius
1532 386 1632 421 oculis
1647 389 1753 435 perci-

365 446 442 482 pere
452 448 519 469 non
532 433 626 483 possit
642 451 650 477 3
669 446 723 469 aut
744 445 862 469 terram
885 447 952 470 non
968 435 1097 483 planam
1111 433 1193 478 esse,
1216 435 1268 470 sed
1286 447 1467 470 convexam
1488 434 1661 484 intelligit,
1681 447 1751 472 turn

365 483 478 518 formis
497 484 629 530 quidem
647 486 747 518 utitur
762 486 925 532 corporeis
935 513 944 528 ‚
956 496 1157 531 quaecunque
1167 484 1227 519 illae
1241 483 1323 519 sint:
1339 484 1404 518 Sed
1420 483 1509 519 nulla
1522 482 1593 519 sunt
1615 487 1648 519 in
1662 496 1752 520 cere-

365 530 425 566 bro
440 532 694 580 vestigia,nullae
704 535 735 568 in
754 531 822 581 ipsa
836 544 946 568 mente
956 532 1073 581 species
1087 533 1271 582 insculptae,
1289 545 1357 580 quae
1372 544 1420 567 res
1440 532 1482 567 ab
1500 535 1591 567 omni
1604 532 1753 569 sensui-e-

364 593 469 615 motas
482 581 677 618 exhibeant:
695 593 792 629 atque
811 582 893 617 adeo
907 580 1030 631 semper
1058 582 1121 618 huc
1138 582 1184 616 est
1199 582 1400 617 redeundum
1412 610 1420 625 ‚
1451 594 1489 616 ea
1516 580 1588 630 lege
1608 584 1752 619 animum

363 642 437 664 cum
450 642 585 679 corpore
602 630 663 666 else
679 632 948 680 conjunCtum‚ut
967 643 1056 667 certa
1068 630 1193 667 cerebri
1211 631 1346 680 vestigia
1360 660 1369 674 ,
1388 643 1441 665 aut
1463 630 1629 679 spirituum
1645 644 1752 667 motus·

362 690 455 713 certae
469 680 583 714 itidem
605 683 831 729 perceptiones
849 683 973 724 animi,
990 693 1045 716 aut
1059 680 1243 716 voluntates
1273 678 1529 727 consequantur,
1552 692 1590 714 ac
1608 679 1752 718 vicissim.

365 730 415 762 Sic
427 741 490 762 vox
508 741 580 763 cum
594 729 802 778 perceptione
815 728 882 765 soni
896 741 995 778 atque
1006 743 1078 765 cum
1094 733 1143 764 rei
1156 730 1249 779 ipsius
1260 742 1357 777 quam
1370 741 1435 764 vox
1451 727 1604 777 significat
1615 728 1754 773 idea,seu

363 789 438 811 cum
448 780 659 826 perceptione
678 780 851 826 conjun&a
865 779 909 813 est
922 808 931 822 ‚
947 791 1007 814 nec
1020 778 1179 828 possumus
1191 781 1238 813 rei
1251 780 1425 827 imaginem
1438 781 1550 813 animo
1560 778 1752 827 depingere,

363 828 442 873 quin
455 825 522 861 soni
544 838 600 862 aut
615 830 705 862 vocis
725 826 887 876 impreffio
901 828 1008 862 statim
1017 840 1157 863 recurrat
1175 839 1183 862 :
1197 841 1272 863 nam
1290 840 1339 861 res
1350 839 1487 875 quaeque
1497 839 1662 874 nunquam
1675 827 1754 862 soli-

364 876 467 919 tanae,
481 875 533 910 sed
552 889 626 911 cum
647 875 750 925 signu,
766 875 883 924 quibus
905 877 1058 913 involutae
1080 890 1137 926 per
1157 876 1259 912 sensus
1276 875 1400 912 subiere
1412 905 1422 920 ,
1437 887 1608 912 occurrunt
1631 878 1750 914 animo.

364 925 444 959 Non
459 925 547 972 quod
566 937 683 974 magna
696 924 733 960 sit
752 925 926 962 similitudo
938 929 1023 961 inter
1040 939 1142 963 voces
1160 955 1169 969 ‚
1194 938 1247 961 aut
1270 926 1469 961 chamaeres
1490 953 1500 967 ,
1528 923 1646 972 quibus
1665 924 1751 961 sensa

362 975 464 1008 animi
478 976 733 1022 exprimimus,&
744 977 960 1024 cogitationes
971 976 1107 1011 nostras:
1119 975 1171 1009 sed
1181 987 1220 1010 ex
1233 974 1303 1024 lege
1315 973 1356 1008 ab
1371 974 1516 1009 Authore
1541 985 1662 1009 natura:
1673 987 1753 1010 con.

363 1022 469 1057 stituta
483 1022 722 1071 impressionem
733 1023 869 1058 cerebro
880 1024 1001 1060 factam
1013 1026 1135 1060 animus
1156 1026 1294 1072 percipit
1310 1051 1319 1066 ‚
1337 1029 1371 1060 &
1388 1021 1522 1058 vicissim
1539 1024 1637 1057 animi
1646 1034 1752 1066 nutus,

364 1075 399 1107 &
411 1070 544 1119 spiritus,
562 1078 595 1110 &
609 1075 719 1117 nervi,
735 1078 769 1110 &
782 1072 915 1108 musculi
931 1074 1040 1108 statim
1050 1084 1262 1121 exequuntur.
1280 1074 1360 1107 Haec
1377 1074 1470 1109 variis
1490 1075 1522 1107 in
1545 1071 1624 1107 locis
1642 1071 1751 1120 sparsi-

364 1132 433 1154 mus
443 1149 452 1163 ,
462 1122 550 1168 quod
560 1125 727 1170 permagni
746 1121 804 1157 sint
820 1125 993 1158 momenti.
1745 1148 1748 1151 -

402 1167 485 1203 Illud
495 1182 626 1217 quoque
649 1173 684 1206 S.
697 1173 779 1219 Aug.
792 1171 812 1205 l.
825 1177 854 1206 6.
873 1172 914 1205 de
926 1171 1048 1206 Musica
1057 1174 1089 1206 in
1101 1174 1295 1207 memoriam
1307 1171 1354 1206 est
1367 1170 1578 1218 redigendum
1589 1199 1598 1212 ,
1617 1172 1676 1205 tria
1688 1170 1750 1206 effe

364 1228 468 1252 rerum
480 1230 598 1266 genera
612 1233 620 1254 :
631 1220 774 1266 primum
788 1231 900 1253 eorum
909 1232 978 1266 quae
988 1218 1089 1254 sensus
1103 1223 1219 1263 cernit,
1231 1226 1264 1256 &
1277 1222 1381 1268 tangit
1393 1235 1401 1261 3
1416 1219 1551 1253 alterum
1570 1218 1670 1254 simile
1682 1231 1752 1254 cor-

363 1266 525 1313 poralibus
542 1294 550 1309 ‚
567 1266 643 1301 sicut
660 1267 730 1303 sunt
742 1280 781 1302 ea
793 1280 863 1314 quae
874 1265 987 1315 spiritu
998 1270 1380 1317 cogitataimaginamur‚
1397 1266 1461 1302 sive
1487 1268 1653 1302 recordata
1667 1297 1676 1312 ,
1694 1268 1751 1303 vel

364 1312 475 1349 oblata
485 1314 571 1362 quasi
584 1328 719 1362 corpora
740 1327 943 1352 contuemur.
957 1316 1168 1351 Haecscilicet
1177 1318 1216 1351 ad
1228 1320 1294 1351 vim
1306 1318 1562 1364 imaginatricem
1575 1319 1750 1364 pertinent,

363 1375 428 1409 qua
443 1376 490 1398 res
501 1366 602 1399 etiam
613 1363 761 1399 absentes
781 1363 876 1399 nobis
899 1363 1103 1400 exhibemus.
1115 1367 1269 1400 Tertium
1279 1366 1469 1411 est‚inquit,
1483 1364 1524 1398 ab
1539 1376 1674 1412 utroque
1683 1366 1749 1412 disl-

365 1423 485 1446 cretum
498 1441 507 1452 ‚
525 1413 718 1460 quodneque
732 1413 778 1458 fit
797 1423 925 1460 corpus,
944 1426 1044 1460 neque
1058 1412 1427 1458 habeatfimilitna'inem
1449 1415 1598 1461 corporis,
1618 1414 1693 1448 licut
1708 1413 1747 1448 &⁹

356 1463 519 1508 fhpientia
536 1475 598 1508 quae
610 1473 714 1496 mente
728 1462 891 1497 intellec&
907 1463 1111 1511 conspicitur,
1127 1461 1164 1497 ὠ·
1176 1464 1208 1496 in
1224 1467 1314 1508 cujus
1326 1462 1393 1496 luce
1404 1461 1442 1495 de
1462 1460 1511 1496 his
1530 1461 1672 1497 omm'bus
1693 1475 1750 1496 ve.

366 1513 485 1544 raciter
494 1510 674 1554 judicatur.
1744 1542 1747 1545 a

402 1561 499 1594 Hanc
512 1562 626 1606 utique
637 1559 827 1607 sapientiam
843 1572 911 1595 non
927 1572 984 1608 per
998 1559 1116 1609 species
1130 1560 1150 1596 ὲ
1164 1557 1391 1608 phantasmatis
1403 1558 1584 1602 abinaam,
1598 1564 1632 1596 &
1643 1560 1685 1595 ab
1696 1562 1751 1596 in-'

364 1606 497 1643 telleclu
512 1620 628 1658 agente
644 1608 802 1655 eliquatas
817 1610 985 1653 cernimus,
995 1608 1047 1645 sed
1065 1609 1150 1645 forte
1160 1613 1192 1646 in
1207 1622 1244 1644 ea
1256 1609 1324 1643 luce
1338 1638 1348 1652 ‚
1366 1622 1435 1656 quae
1445 1620 1479 1642 ut
1491 1608 1571 1657 saepe
1583 1611 1664 1657 Aug.
1679 1609 1750 1644 ubi÷

369 1670 430 1703 que
444 1658 525 1691 lucet
539 1687 549 1701 ,
562 1657 678 1705 ubique
693 1656 797 1707 praesto
811 1657 870 1703 est,
882 1671 983 1705 neque
999 1661 1034 1705 [ὲ
1053 1659 1178 1694 dividit
1194 1669 1252 1708 per
1271 1657 1429 1692 hominum
1454 1657 1552 1691 corda
1564 1685 1571 1695 ,
1590 1658 1688 1692 aliam
1701 1660 1750 1698 liu‘

364 1716 492 1754 partem
508 1706 580 1741 huic
597 1705 739 1742 tribuens
754 1707 932 1750 ‚illialiam
946 1707 1045 1753 ,fient
1061 1708 1120 1743 lux
1140 1708 1261 1756 istaper
1277 1706 1384 1741 aditus
1404 1705 1442 1741 (ῥ’
1461 1716 1518 1754 per
1519 1706 1674 1751 finestras
1691 1708 1748 1742 do-

365 1768 483 1788 morum
503 1767 619 1802 ;atqne
632 1768 699 1790 eam
709 1758 906 1803 quisquepro
916 1757 973 1801 fito
993 1758 1119 1791 modulo
1134 1759 1283 1805 perprit.
1302 1757 1395 1788 Nam
1408 1754 1445 1789 (ἓ
1461 1754 1748 1801 quemlibetsbnum

352 1803 474 1849 ficrdtcs
483 1817 541 1838 non
553 1807 639 1853 capit
654 1805 829 1850 ,sicrdaster
838 1817 901 1838 non
917 1815 1016 1838 totum
1038 1807 1124 1853 capit
1138 1834 1146 1845 ,
1177 1816 1274 1851 atque
1289 1806 1322 1837 in
1343 1806 1381 1838 iis
1400 1806 1455 1849 qni
1474 1804 1612 1841 andiunt
1628 1831 1636 1843 ,
1656 1815 1747 1839 tanto

364 1854 467 1899 magis
478 1854 561 1887 alius
580 1854 643 1887 alio
660 1856 766 1902 capit,
783 1863 902 1899 quanto
914 1852 954 1896 est
964 1855 1132 1892 acutioris,
1146 1865 1233 1888 tanto
1252 1863 1358 1886 autem
1374 1855 1490 1894 minus,
1504 1863 1622 1897 quanto
1640 1852 1681 1896 est
1689 1851 1745 1886 ob-

364 1902 627 1946 tufiorisanditns
639 1918 649 1936 .·
665 1904 711 1936 ita
722 1902 800 1935 reae
809 1900 961 1935 dicuntur
975 1902 1056 1936 oculi
1068 1905 1181 1937 mentis
1199 1913 1291 1936 tanto
1310 1902 1362 1947 iffi»
1373 1899 1413 1934 ab
1431 1900 1490 1934 hac
1510 1901 1576 1935 lnce
1598 1901 1720 1948 longius
1732 1927 1746 1943 ‚

366 1951 618 1996 quamofnerint
642 1953 784 1985 caeciores.

401 1998 531 2034 infinita
558 2012 660 2048 prope
683 2003 714 2035 in
738 1999 820 2035 hanc
841 1999 1034 2036 sententiam
1050 1998 1146 2035 affert
1169 2001 1250 2048 Aug.
1263 2010 1333 2045 quae
1352 1996 1372 2032 si
1390 1997 1475 2032 forte
1496 2009 1559 2031 non
1575 1995 1747 2044 placeant,‘

368 2053 378 2094 (
397 2061 582 2095 quanquam
595 2062 661 2083 non
674 2049 772 2084 video
790 2050 871 2097 quid
882 2052 915 2084 in
927 2052 964 2083 iis
977 2061 1036 2082 nos
1047 2046 1145 2096 poffit
1162 2046 1338 2090 offendere,
1352 2049 1363 2089 )
1377 2046 1450 2082 illuc
1471 2045 1668 2080 redeundum
1684 2047 1744 2090 est,

364 2110 436 2132 eam
452 2099 518 2131 vim
535 2096 655 2132 babere
669 2099 811 2133 animam
824 2126 833 2140 ‚
850 2110 915 2144 qua
929 2110 968 2133 ex
994 2097 1157 2132 occasione
1173 2095 1315 2131 sensuum
1327 2124 1337 2138 ,
1357 2107 1412 2129 aut
1434 2096 1675 2146 perceptionum
1696 2095 1745 2129 di-

363 2147 489 2182 stinctas
521 2159 626 2181 rerum
665 2147 751 2181 ideas
779 2148 950 2195 exprimat.
990 2145 1132 2181 Tametsi
1162 2145 1268 2180 fateor
1299 2143 1460 2192 explicatu
1497 2141 1556 2177 effe
1586 2142 1744 2178 difficilli-

363 2208 464 2237 mum,
478 2194 534 2241 qui
548 2194 641 2243 possit
654 2208 744 2230 mens
759 2207 827 2230 tam
838 2196 935 2230 doste
958 2206 1063 2230 rerum
1079 2197 1234 2243 imagines
1246 2196 1424 2243 exprimere
1448 2219 1457 2233 ,
1477 2189 1497 2224 si
1521 2191 1600 2225 nihil
1622 2194 1744 2226 intuea-

365 2256 414 2278 tur
437 2256 551 2291 praeter
568 2243 758 2279 umbratiles
778 2257 884 2280 rerum
903 2246 1058 2292 imagines
1070 2247 1103 2279 in
1117 2243 1253 2278 cerebro
1267 2241 1439 2288 impressas.
1460 2241 1518 2274 Hae
1541 2242 1659 2288 quippe
1679 2243 1743 2276 im..

365 2293 541 2339 perfectam
557 2306 677 2340 ,atque
688 2306 725 2328 ut
739 2296 783 2328 ita
795 2294 918 2341 loquar,
941 2294 1141 2328 materialem
1161 2305 1265 2327 rerum
1288 2289 1526 2324 similitudinem
1540 2301 1673 2336 gerunt,
1699 2302 1742 2324 ex

364 2354 424 2385 qua
438 2343 521 2376 rudis
536 2349 567 2379 ἃ
580 2342 713 2377 obscura
729 2346 876 2392 cognitio
888 2344 1035 2388 emergit.
1059 2345 1110 2377 An
1127 2342 1211 2377 forte
1221 2339 1330 2374 ultima
1343 2338 1504 2385 perfeetio
1515 2366 1525 2379 ,
1542 2349 1597 2372 aut
1613 2337 1741 2372 absolu..

367 2401 396 2422 ti
408 2389 576 2428 {imilitudo
586 2390 628 2427 ab
640 2403 762 2428 :eterno
780 2392 956 2440 exemplari
978 2391 1034 2428 vel
1053 2392 1125 2427 idea
1138 2391 1249 2426 divina
1261 2390 1398 2423 omnino
1408 2387 1533 2422 videtur
1551 2387 1743 2435 repetenda}
