1857 2745
85 192 126 220 ut
139 194 253 233 corpus
271 188 305 222 &
320 186 440 219 anima.
454 182 606 232 Cumque
621 183 785 220 distinetio
800 186 883 220 inter
901 185 978 219 duas
996 196 1046 222 res
1059 183 1234 222 intercedit
1246 214 1256 231 ,
1291 196 1360 223 turn
1380 154 1475 224 realis

86 238 189 281 major
205 233 449 282 appellatur,ut
458 235 565 268 minor
577 234 694 268 dicitur
705 263 713 277 ,
730 236 898 282 quaeinter
907 246 977 269 rem
990 263 1000 278 ,
1031 240 1065 272 δε
1094 240 1159 286 ejus
1176 236 1309 271 modum
1321 265 1331 281 ,
1367 237 1471 286 qualis

86 285 170 319 inter
183 295 296 332 corpus
311 289 345 320 &
363 287 428 332 ejus
440 281 575 332 figuram
593 286 743 320 occurrit.
763 286 850 319 Tum
863 286 951 319 enim
963 296 1013 318 res
1041 286 1170 334 concipi
1186 287 1321 333 quidem
1349 292 1384 324 &
1409 286 1472 323 esse

83 333 190 381 potest
204 335 282 367 citra
292 334 444 376 modurn,
462 343 499 366 ut
509 332 628 381 digitus
642 335 720 367 citra
745 332 958 369 inflexionem
975 362 984 376 ‚
1007 332 1059 368 sed
1085 348 1153 370 non
1171 333 1305 371 viciffim
1322 349 1329 371 :
1354 337 1470 372 modus

83 392 117 417 v.
127 394 157 430 g.
166 381 299 417 inflexio
311 380 373 416 fine
383 381 488 430 digito
503 410 512 423 ,
535 394 636 429 quem
645 380 743 417 afficit
755 412 763 426 ‚
781 381 842 417 esse
860 395 925 418 non
937 384 1042 431 potest
1050 395 1106 418 aut
1115 385 1253 432 concipi.
1266 387 1319 420 Sic
1331 388 1472 422 curvitas

81 432 118 467 in
135 432 219 465 linea
230 431 272 465 est
289 431 371 466 illius
388 431 503 466 modus
516 458 526 473 ,
544 433 599 478 qui
614 430 676 466 sinc
691 432 777 467 linea
791 445 858 468 non
875 435 1068 480 concvpitur.

132 480 305 515 Distinetio
325 482 458 515 rationis
473 492 510 514 ca
524 481 566 514 est
581 509 590 523 ‚
614 493 710 528 quam
728 494 820 516 mens
841 483 1025 528 excogitat,
1047 495 1118 529 quae
1138 480 1174 515 fit
1197 482 1251 517 vel
1271 495 1344 517 cum
1358 484 1472 532 aliquo

77 526 295 564 fundamento
308 559 317 574 ‚
335 541 469 577 tumque
484 529 601 564 dicitur
611 530 773 574 virtualis,
795 543 867 566 mm
884 529 1005 565 scilicet
1033 531 1146 566 eadem
1167 532 1210 566 est
1237 534 1354 566 entitas
1372 561 1384 576 ‚
1418 534 1472 569 sed

79 579 206 614 virtute
219 578 506 627 multiplex:unde
519 579 606 614 idern
623 578 740 624 efficit,
759 578 824 614 acfi
835 592 886 614 res
895 577 1142 616 essetdistinCRa.
1161 582 1214 615 Sic
1227 581 1377 631 justitiam
1394 585 1473 627 Dei,

81 631 117 664 &
129 626 379 662 inisericordiam
398 628 615 676 distinguimus
628 657 638 672 ,
656 635 687 666 ἃ
700 641 798 664 unam
813 627 875 663 sine
897 629 997 664 altera
1018 630 1229 678 concipimus.
1256 630 1340 665 Cum
1359 642 1470 667 autem

78 674 206 712 nullum
223 677 266 711 est
281 679 312 711 in
331 688 365 711 re
382 676 446 724 ipsa
461 677 671 715 distinctionis
682 677 928 713 fundamentum
947 707 956 721 ‚
983 686 1051 713 tum
1064 678 1146 713 solet
1162 679 1319 728 appellari
1335 683 1470 717 rationis

76 727 301 760 ratiocinantis
313 753 323 768 ,
343 737 378 760 ut
395 725 415 759 fi
435 727 660 762 indumentum
687 728 756 773 quis
774 727 793 761 ξι
820 727 1015 761 vestimento
1034 726 1223 765 secerneret.

108 773 286 809 Distinctio
299 773 440 808 virtualis
459 776 576 809 iterum
594 776 638 810 est
649 773 777 822 duplex,
794 774 962 811 intrinseca
975 778 1125 812 nimirum
1140 806 1149 821 ,
1167 791 1236 825 quae
1258 778 1340 814 hanc
1362 778 1464 814 habet

72 823 146 858 vim
160 851 170 865 ,
182 833 218 857 ut
230 823 480 858 comradidffiria
490 823 662 859 intrinseca
675 823 716 857 de
731 837 764 858 re
777 825 892 859 eadem
909 822 1112 862 affirmentur
1135 845 1142 871 3
1166 827 1218 862 seu
1233 841 1304 876 quae
1327 831 1471 876 aequiva-

75 870 124 908 let
134 871 277 921 pluribus
290 871 644 909 realiter&intrinsece
663 872 820 909 distinctis
840 889 848 910 :
879 876 923 908 ita
939 886 975 909 ut
993 888 1093 910 unum
1114 876 1262 924 perfecte
1293 877 1387 925 possit
1408 877 1471 913 fine

75 920 181 956 altero
193 923 332 969 concipi.
349 923 420 964 Sic,
443 933 479 956 ut
498 921 607 956 multis
624 921 771 965 videtur,
795 922 1012 958 misericordia
1023 925 1134 959 divina
1147 954 1156 968 ,
1174 931 1206 961 ἃ
1217 927 1334 973 justitia
1358 927 1468 961 distin-

76 978 240 1017 guuntur;
259 979 315 1005 ant
334 968 464 1005 essentia
481 975 516 1008 δε
532 969 648 1006 filiatio
664 973 697 1006 in
721 971 839 1007 divinis
868 985 876 1006 :
905 971 970 1006 haec
986 975 1075 1008 enim
1090 974 1276 1023 producitur
1293 1004 1304 1019 ‚
1335 974 1390 1009 illa
1402 988 1470 1011 non

75 1028 171 1052 uem.

75 1096 84 1104 ,
111 1064 296 1101 Extrinseca
308 1078 388 1101 vero
405 1066 522 1100 dicitur
538 1066 720 1111 diffinitio,
747 1076 819 1102 cum
848 1079 887 1102 cx
914 1079 952 1102 ea
968 1068 1128 1104 ducuntur
1156 1071 1311 1105 attributa
1337 1074 1470 1118 quidem

73 1115 346 1159 contradictoria,
371 1114 424 1150 sed
442 1114 616 1151 extrinseca
630 1144 640 1159 ,
661 1127 698 1150 ut
717 1116 834 1166 justitia
849 1120 944 1165 punit
956 1147 965 1160 ,
984 1131 1050 1153 non
1064 1121 1144 1153 item
1159 1119 1384 1156 misericordia.

106 1167 241 1200 Interim
256 1177 322 1200 non
333 1163 405 1200 satis
416 1164 502 1199 estin
517 1177 551 1199 re
565 1165 790 1209 fundamenti,
808 1177 845 1200 ut
859 1178 928 1201 rem
946 1169 980 1202 in
996 1169 1098 1202 varias
1117 1169 1204 1203 ideas
1217 1167 1267 1204 seu
1280 1181 1470 1219 conceptus,

72 1220 215 1263 quorum
228 1226 309 1250 unus
324 1227 390 1250 non
400 1213 497 1249 alium
511 1214 649 1249 includit
663 1243 673 1257 ‚
695 1216 920 1265 distinguamus
940 1230 948 1252 :
973 1215 1026 1250 sed
1042 1228 1151 1252 tamen
1170 1217 1260 1265 quod
1284 1231 1361 1253 unus
1389 1233 1468 1255 con-

74 1275 186 1313 ceptus
197 1262 353 1312 implicite
369 1292 379 1306 ,
396 1275 433 1299 ut
449 1265 564 1308 aiunt,
582 1269 615 1300 δι
633 1262 765 1299 obscure
778 1293 787 1306 ,
804 1263 886 1299 alter
914 1265 1067 1313 explicite
1094 1271 1128 1303 δε
1150 1267 1267 1302 diserte
1293 1270 1466 1315 exprimit:

71 1322 111 1348 ut
128 1312 202 1348 cum
212 1315 295 1348 entis
308 1315 523 1362 proprietates
536 1342 546 1357 ‚
559 1324 678 1357 unum,
697 1326 828 1357 verum,
852 1313 977 1350 bonurn
997 1314 1038 1350 ab
1061 1327 1137 1350 ente
1160 1316 1228 1365 ipso
1247 1315 1465 1355 discernimus,

73 1359 155 1398 Non
167 1364 253 1397 enim
275 1361 401 1398 bonum
414 1360 554 1411 intelligi
563 1363 666 1411 potest
679 1390 689 1404 ,
718 1366 796 1410 quin
809 1365 979 1398 notionem
994 1366 1078 1400 entis
1093 1364 1204 1400 saltem
1217 1366 1350 1401 confuse
1365 1366 1467 1402 inclu-

70 1410 130 1445 dat
151 1424 159 1447 ε
182 1423 251 1458 quae
262 1412 426 1448 distinctio
436 1414 543 1447 minor
557 1413 600 1447 est
619 1424 715 1459 quam
730 1412 875 1447 virtualis
893 1427 901 1448 ε
927 1417 1031 1461 major
1055 1425 1164 1450 tamen
1188 1415 1234 1449 est
1254 1428 1312 1459 ea,
1337 1427 1406 1462 quae
1429 1415 1466 1451 fit

72 1467 129 1494 aut
142 1470 182 1494 ex
196 1460 261 1495 sola
279 1460 496 1496 foecunditate
509 1490 518 1504 ‚
535 1473 591 1495 aut
604 1473 642 1495 ex
660 1459 849 1497 infirmitate
873 1461 1056 1497 intelledlms
1075 1463 1176 1498 nostri
1191 1493 1200 1507 ,
1228 1476 1327 1512 quam
1343 1476 1465 1500 vocare

73 1506 178 1542 solent
193 1511 328 1544 rationis
360 1510 592 1544 ratiocinantis.

101 1555 186 1601 Aliis
195 1569 327 1603 quoque
338 1553 473 1590 vocibus
489 1558 625 1603 exprimi
644 1556 747 1590 solent
763 1556 810 1590 hae
835 1556 1053 1593 distinetiones
1078 1558 1098 1594 Ξι
1123 1570 1235 1594 mente
1258 1563 1459 1608 excogitatae.

75 1605 164 1639 Cum
175 1607 263 1640 enim
275 1614 375 1640 unum
397 1602 460 1639 fine
478 1604 582 1639 altero
592 1606 681 1640 reete
699 1606 880 1653 concipitur
892 1634 901 1648 ,
920 1605 1076 1653 ptaecifiva
1093 1610 1278 1642 nominatur
1292 1607 1377 1642 :five
1391 1623 1464 1658 per..

72 1653 162 1689 feste
171 1653 334 1702 praescindi
348 1652 441 1701 poffit
456 1657 489 1688 &
502 1652 640 1688 abstrahi
653 1668 660 1688 :
678 1664 823 1701 urgentis
834 1659 866 1690 &
878 1653 1060 1690 differentia
1075 1673 1084 1699 ς
1097 1654 1160 1691 five
1174 1655 1367 1703 imperfecte
1379 1659 1463 1693 dun-

73 1713 165 1738 taxat
178 1731 188 1746 ,
213 1703 289 1737 dum
301 1715 397 1737 unum
408 1701 543 1737 includit
557 1701 692 1736 alterum
703 1704 735 1736 in
744 1700 799 1737 suo
809 1713 966 1752 conceptu
981 1731 991 1746 ,
1011 1703 1122 1739 saltem
1134 1703 1277 1747 confuse,
1295 1717 1330 1740 ut
1340 1706 1462 1743 dietum

72 1751 116 1786 est
129 1751 169 1786 de
182 1747 434 1801 proprietatibus
444 1753 538 1787 entis.
558 1752 643 1787 Cum
666 1762 777 1786 autem
789 1752 877 1787 nullo
897 1753 997 1787 modo
1015 1752 1178 1802 praescindi
1201 1765 1302 1788 unum
1321 1754 1362 1789 ab
1379 1756 1462 1791 alte..

71 1813 110 1835 ro
123 1801 244 1849 potest,
263 1810 297 1835 ut
315 1799 465 1846 definitio
482 1803 528 1834 rei
545 1829 554 1843 ,
580 1806 614 1837 &
635 1812 684 1835 res
703 1799 767 1848 ipsa
783 1816 792 1842 ς
822 1800 943 1845 honio,
966 1807 1000 1839 &
1019 1802 1142 1837 animal
1163 1802 1322 1837 rationale
1349 1815 1357 1838 ε
1393 1817 1462 1840 tum

72 1849 191 1884 dicitur
212 1863 279 1885 non
297 1848 454 1898 praecifiva
469 1878 479 1893 ‚
505 1848 558 1883 seu
581 1852 714 1885 rationis
732 1851 954 1886 ratiocinantis
974 1865 981 1887 :
1010 1850 1083 1887 sunt
1098 1853 1185 1887 enim
1207 1850 1331 1886 eaedern
1348 1852 1461 1889 distin-0

71 1900 198 1934 &iones
211 1928 220 1942 ‚
244 1912 315 1947 quae
332 1899 402 1933 aliis
420 1897 558 1933 vocibus
577 1898 758 1935 efferuntur.

107 1948 270 1997 Qcirca
284 1947 446 1984 distinctio
458 1950 593 1983 rationis
606 1948 851 1996 quodammodo
871 1948 988 1998 triplex
1003 1948 1046 1983 est
1061 1977 1070 1992 ,
1088 1953 1174 1998 juxta
1192 1948 1333 1984 diversos
1349 1954 1459 1987 conci„

71 1998 184 2044 piendi
193 1998 320 2033 modos,
333 2009 362 2033 10
372 1992 539 2041 virtualis,
556 1996 607 2032 seu
624 1998 758 2031 rationis
782 2000 981 2033 ratiocinata:
999 2011 1008 2033 ε
1032 2010 1105 2033 cum
1124 1997 1238 2033 diver-fi
1256 1999 1327 2034 sunt
1347 2004 1455 2036 omni-

70 2057 116 2080 no
128 2057 301 2094 conceptus
313 2075 323 2088 ‚
343 2058 398 2081 aut
411 2047 442 2081 id
449 2055 489 2081 τε·
500 2076 509 2086 ,
525 2059 659 2094 quaeque
676 2048 778 2094 magis
789 2047 831 2080 est
844 2047 1094 2082 fundamentum
1105 2048 1314 2083 distinfflonis
1327 2078 1336 2092 ‚
1360 2049 1460 2098 quam

71 2094 245 2134 distinfflo.
268 2109 300 2131 20
312 2095 386 2131 huic
401 2095 545 2144 opposita
555 2125 564 2139 ,
583 2101 615 2132 &
632 2094 695 2130 fine
708 2095 775 2129 ullo
788 2095 1002 2132 fundamento
1015 2126 1025 2140 ,
1046 2110 1114 2144 quae
1129 2097 1244 2132 dicitur
1264 2100 1397 2133 rationis
1408 2111 1458 2133 ra-

72 2142 325 2186 tiocinantis‚seu
339 2146 378 2179 ad
394 2145 564 2180 arbitrium
578 2145 717 2180 nostrum
727 2142 843 2179 effiCta.
863 2160 896 2193 30
908 2147 1014 2180 media
1027 2147 1172 2193 quaedam
1183 2146 1228 2181 est
1242 2149 1326 2181 inter
1336 2159 1458 2183 utram-

71 2203 136 2238 que
155 2192 319 2229 distinctio
334 2223 344 2237 ‚
365 2206 463 2241 quam
477 2193 548 2229 satis
566 2193 765 2242 exposuimus
778 2223 787 2237 ,
805 2207 878 2230 cum
901 2198 993 2230 unius
1012 2197 1058 2228 rei
1081 2196 1152 2228 idea
1169 2194 1280 2230 saltem
1298 2195 1428 2231 confuse
1445 2225 1456 2240 ,

72 2240 128 2283 δέ,
151 2253 188 2276 ut
200 2241 374 2290 loquuntur
385 2273 394 2286 ‚
418 2244 576 2293 implicite
593 2243 723 2277 alterius
741 2243 848 2279 ideam
869 2244 1022 2282 includit:
1038 2255 1073 2278 ut
1086 2254 1199 2278 natura
1209 2244 1339 2289 divina,
1366 2251 1400 2282 δε
1415 2246 1456 2281 il-

71 2286 134 2323 lius
152 2291 408 2329 immutabilitas.

107 2339 188 2373 Non
202 2339 338 2375 diffimili
348 2342 483 2389 quidem
498 2343 624 2377 ratione
637 2343 751 2377 Scotus
777 2344 859 2377 inter
881 2341 1120 2377 diffinitionem
1136 2343 1257 2378 realem
1276 2347 1310 2379 δε
1323 2343 1455 2377 tationis

70 2387 214 2423 mediam
227 2391 388 2437 quandam
400 2419 413 2434 ,
426 2390 488 2429 &a
502 2403 595 2439 parte
611 2392 676 2433 rei,
709 2402 746 2426 ut
759 2403 877 2428 vocant
889 2418 900 2435 ,
933 2394 1135 2443 excogitavit
1141 2422 1154 2444 ἃ
1169 2391 1301 2441 qualem
1319 2389 1378 2426 effe
1391 2404 1459 2436 pu.

1219 2442 1292 2489 Lij
