1857 2745
4 207 6 212 ·
55 188 216 240 nffirpata,
233 198 306 222 cum
319 185 496 236 subjeetum
524 186 639 223 formae
658 186 855 234 excipiendae
870 199 936 221 non
954 186 1002 220 est
1019 185 1184 220 idoneum.
1375 152 1442 187 4³⁷

94 238 272 275 Fatendum
293 249 403 273 tamen
424 238 471 272 est
493 235 646 285 ejusmodi
664 237 832 283 principia,
846 234 1043 284 impoffibile
1058 234 1204 269 estidem
1232 232 1294 269 effe
1321 241 1355 273 ὅ(
1376 251 1445 275 non

55 286 117 325 effe
130 317 140 332 ‚
166 293 198 324 ὃς
215 286 278 320 alia
293 286 383 335 hujus
402 289 529 335 generis
551 286 626 321 usui·
642 284 701 321 effe
716 284 801 333 posse
822 297 858 320 ut
878 286 1095 333 pertinaciam
1111 281 1282 318 adversarii
1304 291 1444 323 convin-

55 348 134 373 eant
148 366 159 382 ‚
177 346 232 371 aut
249 337 422 371 veritatem
442 340 509 385 jam
527 347 640 371 notam
664 334 860 370 confirment
877 348 886 370 :
911 333 964 369 sed
978 332 1087 368 nescio
1106 345 1146 367 an
1157 331 1335 381 plurimum
1353 337 1445 371 utilia

6 390 7 393 ’
56 387 121 421 dici
134 383 251 434 poffint
265 412 273 423 ,
296 390 329 421 &
345 396 451 420 rerum
462 386 595 421 veritati
611 385 834 434 comparandae
850 381 1042 419 neceffiiria„

92 436 207 482 Qare
216 433 296 468 illud
307 432 436 469 fortasse
452 437 483 469 in
493 434 578 470 hunc
592 434 694 470 finem
712 433 821 469 utilius
833 435 896 469 erit
906 434 1099 482 principium
1112 433 1306 482 cognitionis
1317 433 1446 479 nostrae,

55 485 98 519 de
108 497 175 532 quo
185 482 241 519 suo
253 482 330 518 loco
353 485 506 520 dicemus,
523 483 604 519 Illud
622 484 662 519 de
681 496 715 518 re
739 483 847 531 aliqua
869 479 946 519 vere
957 480 1106 517 affirmari
1126 482 1234 531 potest
1252 511 1261 525 ‚
1302 483 1389 531 quod
1413 486 1445 519 in

8 559 9 562 η
55 538 121 583 ejus
147 533 220 567 idea
243 532 326 568 clara
342 538 386 570 ·&
415 533 562 569 distincta
585 533 850 582 comprehensum
869 530 1078 580 cognoscitur.
1105 533 1208 581 Hujus
1225 534 1349 579 generis
1375 531 1448 568 sunt

58 580 222 631 aequalitas
234 583 398 617 radiorum
411 585 447 618 in
466 582 587 618 circulo
601 613 610 626 ‚
634 589 668 620 δε
686 584 801 618 cuneata
827 582 898 618 fere
922 593 993 629 quae
1019 583 1054 617 in
1070 581 1313 616 Mathematicis
1331 580 1448 631 suppo-

0 665 3 668 ,
57 642 178 668 nuntur
192 660 201 674 ‚
219 643 275 666 aut
292 633 566 668 demonstrantur.
593 635 640 669 Ac
663 632 771 668 nescio
792 645 833 668 an
853 633 959 668 omnia
977 643 1060 680 pene
1082 632 1239 680 principia
1259 636 1292 667 δε
1315 632 1446 667 conclu-

56 679 159 716 fiones
172 682 206 715 in
222 680 284 717 hoc
296 683 492 731 principium
505 683 636 718 tandem
649 695 714 717 non
726 681 945 726 resolvantur,
965 693 1037 716 cum
1057 681 1181 715 direete
1198 679 1375 729 &positive
1389 681 1449 715 de..

58 730 282 766 monstrantur.
309 732 377 766 Cur
398 733 486 766 enim
510 743 576 766 tam
600 732 784 766 constanter
797 730 955 767 afferimus
977 742 1083 765 totum
1100 728 1161 765 effe
1180 734 1281 779 majus
1303 728 1353 764 sua
1372 742 1447 778 par-

11 782 13 791 '
59 789 93 815 te
107 807 118 822 ,
133 777 192 816 nisi
207 781 281 827 quia
308 782 344 816 in
366 780 516 816 distincita
538 783 635 816 totius
654 782 725 815 idea
746 792 872 828 partem
884 780 983 828 ipsam
997 810 1006 824 ‚
1027 785 1062 817 &
1074 779 1198 828 aliquid
1212 779 1347 827 amplius
1357 791 1448 814 com-

10 838 13 859 :
59 827 259 878 prehensum*
273 829 359 864 clare
375 830 586 878 intelligimus
598 831 723 878 {quue
746 827 849 865 efficit
861 830 924 879 ipsa
944 833 1156 865 terminorum
1172 830 1340 877 perceptio
1354 857 1363 872 ‚
1375 841 1449 878 quae

58 890 194 914 ornnem
205 879 401 914 inductionis
417 879 703 928 imperfectionem
720 878 855 928 supplet.
885 882 1005 926 Neque
1024 880 1111 914 enim
1126 878 1191 912 sola
1211 878 1357 914 induetio
1375 879 1445 912 ido-

58 939 159 963 neum
180 928 234 961 est.
251 933 286 964 &
304 926 463 964 sufficiens
477 940 701 977 argumentur-n
720 955 730 971 ,
754 941 811 964 aut
826 931 1043 977 principium,
1071 939 1144 963 cum
1162 927 1317 977 generalis
1330 939 1368 962 ea
1388 925 1450 962 effe

59 988 129 1012 non
142 975 248 1023 poffir.

97 1024 163 1059 Sed
178 1037 251 1060 cum
269 1024 346 1073 saepe
358 1025 482 1060 accidat
494 1053 503 1068 ,
523 1037 561 1061 ut
578 1038 636 1061 nos
648 1038 715 1061 rem
737 1026 820 1061 clare
835 1031 868 1063 &
880 1026 1029 1062 distinete
1046 1029 1214 1074 percipere
1237 1025 1431 1060 arbitremur
1442 1054 1463 1068 ,.

60 1084 159 1120 quam
168 1085 211 1108 ne
220 1074 430 1122 intelligimus
448 1074 580 1120 quidem
595 1103 604 1118 ,
631 1075 748 1110 merito
767 1075 798 1108 id
817 1077 912 1121 quaeri
929 1075 1058 1122 potest,
1085 1088 1155 1121 quae
1182 1073 1218 1110 fit
1237 1074 1348 1122 regula
1362 1073 1452 1108 adhi-

61 1120 170 1158 benda
182 1150 192 1166 ‚
213 1133 252 1157 ut
263 1121 435 1158 falsitatem
445 1128 478 1159 &
488 1123 717 1171 deceptionem
734 1122 930 1170 effugiamus.
952 1126 1096 1159 Primum
1110 1125 1219 1171 itaque
1234 1122 1298 1158 hoc
1315 1123 1388 1157 loco
1403 1124 1455 1158 in-

62 1172 256 1220 quirendum
274 1171 363 1220 quod
389 1170 425 1206 sit
449 1172 481 1206 id
508 1174 654 1207 veritatis
674 1174 839 1207 criterium
858 1177 892 1208 &
906 1172 1037 1222 regula„

93 1221 131 1256 Id
143 1222 230 1256 enim
251 1220 349 1270 longe
371 1223 517 1256 omnium
535 1222 583 1256 est>
596 1220 792 1257 utilissimum
806 1249 816 1263 ,
845 1233 880 1255 ut
895 1234 964 1268 quae
978 1220 1012 1256 fit
1025 1223 1168 1256 veritatis
1186 1219 1294 1268 regula
1317 1232 1370 1255 aut
1391 1224 1454 1255 cri-

64 1271 182 1305 terium
193 1269 290 1318 paulo
307 1269 494 1318 explicatius
510 1271 663 1306 tradatur.
679 1273 797 1319 Neque
813 1271 849 1305 iis
873 1269 1057 1306 affentimur
1070 1299 1078 1313 ,
1096 1272 1153 1317 qui
1176 1269 1300 1304 nullam
1325 1268 1386 1304 effe
1400 1283 1456 1304 ve-

63 1321 167 1354 ritatis
176 1331 290 1355 notam
301 1349 311 1362 ,
333 1318 415 1354 nihil
434 1318 494 1354 esse
508 1321 541 1354 in
553 1319 727 1368 disciplinis
743 1322 820 1354 certi
834 1348 843 1363 ‚
858 1319 938 1354 nihil
949 1320 1106 1368 explorati
1120 1331 1236 1367 putant
1250 1333 1256 1353 :
1274 1319 1332 1353 hos
1346 1322 1455 1367 utique

62 1373 130 1416 jam
149 1370 183 1402 in
200 1366 268 1416 ipso
285 1367 500 1415 Philosophiae
516 1367 629 1402 limine
650 1369 917 1415 rejecimus„8ed
940 1370 1087 1403 nondum
1111 1368 1214 1415 liquet
1232 1381 1303 1414 quae
1326 1367 1362 1402 sit
1380 1367 1453 1403 inii-

66 1419 137 1466 gnis
149 1416 205 1451 illa
218 1422 251 1453 &
265 1419 392 1465 propria
403 1417 602 1464 percipiendi
613 1428 692 1451 nota
708 1445 718 1459 ,
735 1429 797 1463 qua
810 1429 899 1451 mens
914 1429 1023 1451 verum
1040 1416 1061 1450 it
1078 1416 1167 1450 falso·
1183 1415 1346 1452 secernat..
1359 1419 1454 1452 Hanc

68 1469 182 1513 utique
196 1467 228 1500 in
244 1465 437 1500 certitudine
454 1470 487 1502 &
500 1465 667 1500 evidentia
688 1464 823 1513 positam
841 1463 901 1499 effe
923 1466 1041 1500 docent
1058 1464 1266 1512 Philosophi..

21 1548 22 1554 ,
105 1515 278 1549 Certitudo
291 1543 301 1558 ,
315 1526 349 1549 ut
362 1516 477 1548 veritas
489 1513 607 1562 duplex
627 1514 669 1548 est
686 1543 697 1558 ‚
709 1527 770 1549 una
784 1512 949 1562 objectiva
963 1543 973 1557 ,
995 1527 1064 1561 quae
1079 1516 1110 1548 in
1124 1526 1206 1548 nexu
1220 1514 1368 1550 attributi
1381 1529 1466 1552 cum·

21 1564 23 1606 ἶ
69 1562 212 1611 subjecto
223 1563 359 1598 consistit
373 1580 381 1606 3
397 1575 502 1610 eoque
516 1564 560 1597 est
577 1567 679 1610 major
695 1593 704 1606 ‚
728 1576 796 1610 quo
813 1576 910 1598 nexus
924 1563 978 1597 ille
996 1564 1042 1596 est
1059 1564 1176 1597 arctior
1198 1590 1208 1604 ,
1236 1568 1269 1598 ὅ(
1290 1568 1390 1609 magis
1406 1568 1456 1600 in-

71 1611 272 1648 diffolubilis.
297 1612 405 1648 Altera
418 1613 579 1646 certitudo
600 1613 643 1646 est
662 1612 809 1647 formalis
823 1640 833 1651 ‚
861 1611 913 1646 vel
930 1611 1122 1658 sub-ectum,
1148 1623 1209 1658 qua
1230 1625 1320 1647 nicus
1338 1605 1469 1662 jndicio*

21 1679 23 1690 1
73 1661 206 1705 stabili,
231 1660 322 1696 firma
339 1660 518 1696 adhaefione
532 1690 540 1704 ‚
557 1666 588 1698 δε
601 1665 678 1695 citra
690 1663 805 1695 erroris
821 1661 1000 1709 periculum
1015 1674 1084 1695 rem
1100 1659 1139 1694 sic
1155 1658 1215 1694 effe
1227 1690 1235 1702 ‚
1253 1662 1305 1695 vel
1317 1676 1381 1697 non
1395 1664 1456 1698 effe

72 1710 328 1759 cognoscin—lam
341 1710 539 1754 utjudicium
556 1709 633 1745 illud
645 1709 681 1745 fit
695 1709 822 1745 firmum
840 1740 849 1754 ‚
866 1709 987 1745 necesse
1008 1711 1054 1744 est
1073 1721 1109 1744 ut
1122 1721 1217 1743 mensv
1234 1713 1457 1758 cognitionem

24 1786 25 1789 η
72 1758 159 1795 suam
173 1760 211 1793 ad
224 1760 365 1807 aliquam
379 1757 521 1807 regulam
544 1772 666 1794 certam
685 1765 719 1796 δέ
742 1759 959 1795 indubitatam
977 1762 1087 1808 exigat
1103 1788 1112 1802 ‚
1137 1766 1237 1805 atque
1254 1771 1288 1792 ut
1317 1759 1457 1806 loquitur

73 1807 194 1844 sanstus
207 1809 352 1844 Thomas
367 1821 388 1842 ι,
403 1820 436 1855 p.
447 1820 481 1854 q.
493 1815 533 1843 16.
549 1820 610 1843 art.
626 1823 646 1844 2.
668 1821 757 1843 mens
771 1807 836 1856 ipsa
862 1809 1003 1856 judicet,
1027 1822 1090 1842 rem
1112 1811 1159 1841 ita
1169 1810 1205 1853 se
1224 1806 1338 1840 habere
1352 1836 1360 1846 ,
1375 1810 1460 1853 ficut

75 1856 225 1902 estforma
240 1887 249 1902 ‚
267 1870 362 1904 qnam
377 1856 414 1889 de
429 1869 462 1889 re
479 1856 700 1904 apprehendit.
729 1859 782 1891 Sic
807 1859 986 1892 Geometra
1013 1857 1185 1891 secundum
1202 1856 1306 1890 ideam
1327 1857 1470 1901 circuli„

75 1918 171 1953 quam
185 1905 250 1941 sola
269 1917 380 1941 mente
393 1904 619 1953 complectitur
634 1935 643 1948 ,
668 1906 708 1940 de
725 1904 871 1940 omnibus
893 1906 1019 1941 circulis
1036 1906 1153 1952 judicat
1173 1920 1182 1945 ς
1201 1909 1233 1940 &
1259 1905 1373 1939 artifex
1390 1920 1462 1941 oni-

25 1952 32 2000 J
76 1957 125 1990 nis
141 1967 221 2002 opus
235 1954 321 1990 suum
340 1955 378 1989 ad
396 1956 470 1988 artis
484 1952 541 1989 suae
557 1966 716 2003 praecepta
729 1957 843 2001 exigit.
860 1955 914 1988 Sic
929 1954 1024 1990 faber
1037 1965 1092 1987 aut
1107 1953 1299 1988 architectus
1314 1967 1471 1989 normam

77 2005 169 2051 operi
184 2002 239 2039 suo
249 2002 402 2046 adhibet,
426 2014 461 2037 ut
472 2001 618 2051 exploret
641 2033 650 2047 ‚
669 2016 708 2039 an
723 2002 911 2046 sitrectum,
933 2015 988 2038 aut
1012 2003 1108 2037 secus.
1141 2002 1322 2048 Qaerimus
1351 2006 1462 2049 itaque

78 2052 168 2098 quod
188 2052 266 2087 illud
279 2052 315 2087 fit
325 2054 467 2087 veritatis
478 2054 643 2087 criterium
657 2068 663 2089 :
678 2065 719 2087 an
733 2053 818 2087 forre
835 2051 871 2086 fit
890 2055 921 2087 in
945 2052 1030 2087 sensu
1047 2050 1114 2099 ipso
1130 2049 1266 2099 positum
1279 2080 1289 2095 ‚
1315 2064 1350 2086 ut
1370 2054 1463 2087 vide-

27 2128 29 2130 -
79 2103 296 2149 turEpicureis
316 2131 326 2145 ‚
344 2104 386 2136 ita
401 2100 524 2135 utillud
539 2114 651 2136 verum
666 2101 700 2136 fit
717 2103 804 2149 quod
819 2101 957 2137 inculcat
975 2101 1160 2137 Lucretius:

248 2174 326 2180 —..
355 2152 469 2185 Primis
486 2148 672 2195 absenstbus
690 2154 740 2198 effe
758 2163 897 2185 creatam

117 2198 281 2233 Notitiam
298 2202 368 2233 veri
386 2227 394 2237 ,
416 2212 514 2240 neque
526 2200 615 2245 ftzsst
636 2203 715 2248 F⁰ffi
733 2200 842 2240 refhlli.

118 2244 181 2280 Alii
192 2247 227 2280 in
244 2247 327 2281 clara
344 2254 377 2285 &
394 2248 543 2282 distincta
561 2249 607 2281 rei
619 2251 805 2294 cognitione
815 2261 913 2284 omne
924 2249 1067 2282 veritatis
1081 2247 1241 2281 criterium
1257 2246 1473 2284 constituunt„

85 2294 176 2341 Qud
189 2305 296 2330 autem
305 2297 414 2331 hacde
435 2309 468 2331 re
481 2296 516 2332 fit
534 2287 757 2342 sentiendum,
777 2310 838 2334 una
853 2309 910 2333 aut
932 2295 1031 2332 altera
1048 2293 1250 2333 conclusione
1275 2299 1465 2343 aperiemus,

86 2345 135 2378 Sit
153 2344 251 2392 igitur

253 2441 349 2476 Tam..
363 2441 397 2475 l„
1262 2444 1277 2476 I
1293 2443 1302 2475 i
1314 2442 1330 2475 i:
