1857 2745
301 138 338 171 26
665 126 1280 166 INSTITUTIONES

300 178 372 219 Ubi
385 176 549 224 utriusque
568 174 743 225 syllogismi
759 176 866 212 forma
876 177 992 211 vitiosa
1002 178 1045 212 est
1056 177 1100 213 ob
1114 180 1256 214 rationes
1270 177 1389 215 allatas.

341 230 489 278 Qiiita,
507 238 573 261 non
585 225 789 261 concluditur
807 239 847 262 ex
866 228 953 275 puris
972 226 1178 276 negantibus,

335 279 438 313 Ratio
456 274 589 310 obscura
606 273 668 309 effe
685 288 751 310 non
765 276 870 323 potest
885 303 894 318 ,
912 287 984 311 cum
998 278 1030 311 in
1046 276 1319 325 propositionibus
1338 273 1531 326 negantibus
1548 286 1692 315 extrema,

300 329 485 376 separentur
498 323 520 360 ὲ
530 323 640 359 medio
653 338 661 360 ε
675 335 714 359 ex
727 337 769 359 eo
785 324 866 360 vero
881 325 970 371 quod
984 326 1046 361 duo
1061 327 1210 374 quaedam
1225 326 1283 363 sint
1298 326 1340 361 ab
1357 339 1424 361 uno
1439 327 1537 361 tertio
1554 324 1672 363 secreta
1682 356 1693 371 ,

299 389 368 412 non
378 375 455 410 hinc
465 373 605 421 sequitui·
616 385 654 408 ea
664 373 717 410 vel
726 375 841 423 juncta
857 372 916 410 effe
941 376 1026 411 inter
1036 374 1072 410 :se
1085 404 1095 420 ‚
1110 376 1164 412 vel
1175 375 1288 413 divissa.
1310 379 1356 413 Ex
1370 375 1433 411 hoc
1457 373 1642 425 syllogismo
1660 377 1692 412 id

299 424 356 460 fiet
368 423 585 461 manifestum.

469 472 587 510 Nullus
606 471 686 522 lapis
703 472 748 507 est
766 473 891 510 homo:

467 521 607 560 Nullum
626 520 748 559 animal
761 523 805 557 est
824 522 902 571 lapis
921 536 930 558 ε

461 574 545 621 Ergo
560 571 683 608 nullum
699 571 819 606 animal
836 572 879 607 est
906 571 1021 607 homo.

338 623 436 656 Sexta
447 650 458 665 ,
470 619 644 658 Conclusio
659 619 801 669 sequitur
811 620 1012 657 deteriorem
1022 629 1151 666 partem
1163 647 1173 658 ‚
1188 621 1220 655 icl
1229 620 1273 656 est
1285 650 1295 665 ‚
1311 619 1334 656 si
1356 619 1583 669 praeniiffarum
1595 620 1695 656 altera

298 669 336 706 fit
346 670 719 719 particularis‚conclufio
731 672 775 706 est
795 670 1008 719 particiilari53
1026 669 1048 706 si
1069 669 1171 705 altera
1190 670 1227 706 fit
1247 682 1383 719 negem,
1396 668 1557 706 conclusio
1574 682 1696 719 negans

299 732 434 769 quoque
450 719 557 756 futura
575 721 628 757 est.
643 719 882 756 particularitas
897 722 985 756 enirn
997 750 1006 765 ‚
1024 732 1060 755 ut
1078 722 1124 754 ita
1138 718 1251 766 loquar
1264 749 1275 764 ,
1290 720 1435 754 deterior
1452 720 1495 754 est
1507 718 1697 755 universali-

300 780 388 814 tate,
407 772 484 818 quia
500 781 606 805 totum
617 769 732 805 melius
750 770 793 804 est
808 769 860 804 sua
872 781 970 818 parte-
994 768 1100 805 Simili
1113 770 1242 803 ratione
1254 770 1388 817 negatio
1404 767 1548 804 censetur
1564 766 1625 804 effe
1637 769 1695 804 de.-

300 822 402 855 terior
414 818 631 855 affirmatione
650 848 657 858 ,
677 821 756 867 quia
770 817 925 854 divifione
944 819 1061 855 melior
1077 818 1120 854 est
1135 830 1210 853 com
1236 817 1339 854 ositio.
1358 819 1462 853 Ratio
1479 820 1588 853 autern
1608 818 1694 854 istius

299 869 414 917 regulae
432 869 497 904 baec
510 870 571 912 est,
582 869 670 916 quod
681 880 825 904 extrema
837 881 904 903 non
921 866 980 903 sint
990 870 1091 916 magis
1102 870 1186 901 inter
1214 880 1231 901 e
1241 869 1412 915 conjundhi
1431 869 1464 902 in
1478 865 1696 912 conclusione,

298 929 399 965 quarn
415 930 489 952 curn
498 918 609 952 medio
623 919 655 952 in
672 916 832 965 praeiniffis
852 915 1087 953 consocientur.
1101 916 1236 951 Accedit
1251 919 1352 950 etiam
1364 914 1518 950 effi-&um
1533 918 1696 965 integrum

300 966 479 1015 procedere
501 979 568 1002 non
582 964 751 1014 posse,1iifi
761 965 781 1001 ὲ,
795 964 884 1001 causa
907 968 1033 1016 integra
1045 994 1054 1010 ,
1065 971 1099 1004 &
1112 965 1290 1013 adaequata.
1306 965 1370 1001 Sed
1380 965 1492 1013 praesto
1503 961 1572 1001 sunt
1587 977 1697 1001 exem<

300 1014 354 1063 pla
368 1043 376 1055 ,
393 1014 509 1062 quibus
524 1027 574 1048 res
586 1014 651 1061 ipsa
661 1014 950 1063 Qisillustratur.

443 1065 556 1099 Omne
576 1062 697 1097 animal
720 1063 763 1096 est
778 1064 913 1097 vivens:

450 1112 612 1161 Qiaedam
627 1110 800 1146 substantia
815 1111 858 1145 est
878 1109 996 1146 animal
1011 1124 1018 1145 :

449 1165 533 1213 Ergo
547 1161 693 1208 quaedam
712 1159 883 1196 substantia
906 1161 950 1195 est
966 1162 1094 1196 vivens,

517 1210 658 1246 Nullum
676 1208 796 1246 animal
815 1209 858 1244 est
884 1208 963 1258 lapis
979 1224 986 1245 :

519 1259 584 1295 Sed
602 1262 706 1296 omnis
721 1260 823 1295 homo
840 1259 884 1293 est
906 1257 1025 1294 animal
1039 1272 1046 1294 :

518 1312 602 1358 Ergo
617 1309 722 1344 nullus
745 1309 846 1344 homo
873 1309 917 1343 est
939 1308 1030 1357 lapis.

335 1357 532 1393 Cavendum
549 1371 647 1407 porro
665 1371 706 1394 ne
726 1361 810 1393 inter
822 1356 1035 1393 disserendum
1058 1357 1236 1406 propositio
1266 1356 1394 1393 infinita
1419 1355 1579 1395 affirmans
1608 1359 1695 1392 acci-

302 1408 407 1454 piatur
435 1419 494 1455 pro
516 1419 664 1456 negante.
695 1405 928 1443 Conclusiones
946 1421 976 1443 v.
1002 1420 1048 1456 gr.
1067 1405 1321 1455 syllogismorum
1335 1409 1393 1454 qui
1411 1405 1608 1453 sequuntur,
1625 1407 1696 1442 sunt

305 1452 505 1490 affirmantes
519 1486 529 1501 ‚
545 1469 654 1504 eaeque
668 1470 706 1492 ex
725 1455 889 1504 psaemislis
902 1456 1037 1491 infinitis
1057 1461 1091 1493 &
1105 1455 1357 1500 affirmantibus,
1381 1467 1451 1503 quae
1465 1459 1569 1505 prima
1585 1456 1696 1492 fronte

304 1504 408 1539 videri
421 1504 548 1553 poffunt
567 1518 723 1553 negantes
738 1535 747 1549 ‚
759 1506 918 1540 ducuntur
931 1534 941 1549 ,
955 1517 990 1540 ut

466 1553 575 1588 Stellae
592 1582 599 1592 ,
617 1567 689 1601 quae
703 1568 770 1590 non
784 1552 976 1598 scintillant,
988 1554 1112 1588 eaedem
1133 1552 1205 1588 sunt
1217 1565 1309 1589 terrae
1325 1553 1492 1602 propiores
1507 1566 1519 1586 :

465 1603 607 1638 Planetae
623 1616 690 1639 non
707 1602 883 1639 scintillant
901 1616 908 1638 :

466 1654 552 1700 Ergo
564 1651 632 1687 sunt
649 1665 739 1688 terrae
758 1654 937 1702 propiores,

436 1703 507 1749 Qi
530 1714 596 1736 non
609 1702 689 1737 colit
707 1713 856 1751 parentes
867 1730 877 1746 ,
893 1703 918 1735 is
939 1712 1007 1734 non
1020 1699 1074 1734 diu
1088 1701 1173 1734 vivit
1187 1713 1195 1735 ε

428 1751 524 1786 Filius
543 1752 684 1799 ingratus
708 1765 775 1787 non
785 1751 865 1786 colit
882 1760 1029 1799 parentes
1044 1762 1052 1783 ε

432 1803 516 1848 Ergo
542 1798 624 1836 filius
644 1803 786 1850 ingratus
801 1814 868 1835 non
880 1800 935 1834 diu
959 1799 1056 1833 vivit.

304 1850 418 1886 Palam
440 1849 485 1883 est
508 1851 540 1884 in
559 1861 698 1897 utroque
714 1849 901 1899 syllogismo
923 1846 1182 1896 propositionem
1206 1842 1268 1880 esse
1283 1844 1505 1880 affirmantem
1524 1857 1532 1879 :
1562 1849 1695 1896 negatio

303 1903 392 1936 enim
405 1897 534 1949 praefixa
545 1896 644 1933 efficit
653 1895 1083 1948 propositionem-infinitam
1093 1925 1102 1939 ,
1114 1908 1183 1930 non
1197 1907 1384 1944 negantem.

351 1952 431 1985 Sunt
447 1951 545 1998 igitur
554 1946 788 1996 propositiones
803 1959 873 1995 quae
885 1944 1035 1980 videntur
1045 1956 1201 1994 negantes
1213 1973 1222 1989 ‚
1248 1957 1321 1981 cum
1334 1956 1446 1981 revera
1469 1943 1527 1979 fint
1548 1943 1694 1984 affiman-

305 2011 352 2036 tes
365 2030 375 2045 ,
390 2010 425 2036 ut
439 2001 473 2035 in
491 1998 554 2034 hoc
568 1995 763 2047 syllogismo.

558 2047 764 2094 :Qodnon
781 2046 823 2081 est
831 2043 970 2087 animal,
989 2057 1057 2079 non
1070 2044 1115 2079 est
1129 2043 1250 2079 homo:

561 2097 635 2132 Sed
659 2096 741 2146 lapis
757 2109 825 2133 non
842 2095 885 2129 est
909 2093 1051 2130 animal:

572 2149 657 2196 Ergo
674 2145 754 2195 lapis
768 2159 835 2182 non
853 2144 896 2178 est
919 2144 1031 2180 homo.

342 2196 450 2276 Pirima
459 2195 637 2246 propositio
649 2195 823 2245 aequivalet
840 2191 1013 2229 affirmanti
1025 2223 1034 2239 ‚
1049 2193 1125 2230 huic
1139 2194 1290 2231 nimirum
1300 2222 1310 2237 ,
1323 2195 1427 2229 omnis
1446 2192 1547 2228 bomo
1567 2192 1612 2227 est
1625 2194 1694 2228 ani-

293 2251 360 2276 -ma
375 2270 383 2278 .

331 2292 489 2328 ‹Secunda
507 2296 623 2332 itidem
642 2296 685 2334 est
701 2294 882 2334 affirmans:
905 2306 1025 2345 nempe
1040 2293 1120 2344 lapis
1138 2292 1181 2330 est
1194 2305 1308 2343 corpus
1319 2293 1407 2343 quod
1416 2306 1483 2330 non
1501 2293 1544 2329 est
1561 2291 1690 2345 animal.

1428 2434 1446 2443 ι»
