1857 2745
60 185 195 232 persaepe
209 180 374 218 distinctas
391 179 515 217 efficiat>
525 184 675 218 notiones
686 211 697 226 ,
709 192 744 217 ut
760 181 920 218 fortealio
934 182 1009 219 loco
1029 182 1184 218 dicemus.
1387 150 1444 182 439

96 245 132 268 ιο
144 235 220 268 Nec
228 244 341 269 verum
350 261 360 277 ‚
378 244 439 268 nec
455 230 570 267 falsum
585 261 595 276 ,
617 244 724 280 neque
734 231 836 268 ullum
847 235 983 268 omnino
999 233 1041 267 de
1050 230 1149 267 rebus
1162 230 1316 280 judicium
1329 232 1368 266 ad
1379 230 1450 268 sen-

59 279 108 317 sus
128 283 271 329 pertinet
290 296 297 317 :
323 294 398 317 nam
409 280 451 316 ab
466 280 603 330 objeffis
613 283 762 329 quaedam
778 285 810 317 in
829 280 976 317 sensuum
997 293 1121 331 organa
1139 279 1360 328 impressiones
1379 294 1451 317 rna-

60 342 141 366 nant
153 359 164 374 ‚
183 342 258 366 cum
266 329 383 378 quibus
393 329 542 380 simplex,
559 342 617 365 aut
627 331 743 367 coloris
753 361 762 375 ‚
774 343 830 366 aut
842 330 909 368 soni
919 343 1013 380 perce
1041 334 1087 365 tio
1099 328 1140 364 ab
1161 329 1307 364 Authore
1329 342 1451 366 naturae

57 381 234 428 conjuana
250 381 302 416 est.
322 382 422 416 Hanc
434 380 626 429 plerumque
639 382 798 428 judicium
817 383 917 416 animi
940 343 1166 428 εοηίξφιίῐιιῐ,
1193 391 1259 425 quo
1280 379 1370 414 illam
1390 383 1452 414 im-

53 427 254 476 {pressionem
263 428 305 463 ab
318 428 452 478 obJ‘e&o
464 428 623 478 proficisci
646 431 791 466 decernit
803 459 812 474 ‚
830 429 921 465 simul
938 430 1102 476 &judicat
1111 427 1279 475 objecitum
1289 427 1351 464 esse
1373 429 1450 478 ejus·

53 478 150 513 modi
160 505 170 519 ,
185 489 220 512 ut
235 478 308 512 idea
322 492 421 527 quam
435 480 560 514 animus
579 479 736 514 formavit
750 508 758 523 ,
774 481 805 514 id
821 478 1034 528 repraesentat.

56 549 58 551 ·
87 540 121 572 30
135 527 242 576 Hujus
252 530 380 576 generis
396 529 515 578 judicia
527 541 593 563 non
609 527 711 564 solum
721 541 797 564 vera
811 558 821 573 ,
839 529 891 564 sed
901 534 936 566 &
948 540 1036 563 certa
1046 525 1107 562 esse
1119 525 1265 575 possunt:
1286 526 1371 562 secus
1381 541 1455 563 om-

31 599 34 602 <
55 577 109 612 nis
124 578 197 610 vitae
206 579 290 612 ratio
304 577 481 614 tolleretur.
493 578 581 613 Cum
591 581 678 613 enim
691 578 732 612 de
747 577 862 623 rebus,
881 576 1053 626 quaesssensu
1068 578 1286 625 percipiuntur
1303 605 1312 620 ‚
1330 575 1455 612 sentcn-

54 627 139 660 tiam
149 625 234 660 ferre
246 637 415 662 teneamur
426 657 436 672 ‚
454 639 514 662 nec
525 629 589 663 Dei
599 628 805 675 providentia
821 657 830 671 ,
845 639 900 662 aut
911 629 1064 662 verae-itas
1077 638 1136 661 nos
1152 638 1184 660 in
1203 638 1344 660 errorem
1361 627 1454 661 indu-

53 672 292 710 ·cineceffitate
304 677 444 724 quadam
462 678 619 724 patiatur:
641 678 703 713 hoc
721 678 833 724 utique
847 677 887 710 ad
903 678 970 713 Dei
983 676 1223 724 providentiam
1237 677 1399 722 pertinet,
1420 686 1455 710 ut

52 728 162 758 v{sertas
173 723 269 760 nobis
283 727 426 761 rationes
439 725 623 773 suppeditet
633 755 643 769 ,
657 725 777 773 quibus
789 738 900 761 verum
914 725 934 761 ὲ
954 725 1035 760 falso
1045 725 1255 771 distinguatur
1267 752 1276 766 ‚
1297 729 1329 760 δε
1349 724 1454 773 phan-

61 771 234 809 tasmatum
248 773 384 809 ludibria
394 773 436 808 ab
452 774 661 823 objed'mtum
672 773 932 824 impressionibus
946 774 1068 809 secerni
1081 770 1385 822 poffint:p1·aesertim
1394 772 1454 808 ubi

59 824 310 860 acti&intento
327 826 438 859 animo
455 835 526 858 rem
543 822 642 871 lpsam
661 823 869 873 inspeximus.
899 823 1002 861 Unde
1028 836 1101 857 cum
1121 826 1205 857 inter
1224 823 1453 859 dormiendum

59 869 257 909 somniamus
270 902 280 916 ,
306 885 375 908 non
393 873 509 907 eadem
523 872 746 909 effievidentia
763 901 773 916 ‚
798 887 866 908 non
881 873 998 908 eadem
1021 884 1128 906 rerum
1155 873 1338 915 connexio,
1354 885 1455 920 quam

61 921 149 956 inter
165 921 368 969 vigilandum
378 923 561 969 experimur
580 938 589 965 ;
605 922 754 969 nequesid
767 934 893 969 :equum
915 933 984 957 erat
1012 933 1048 956 ut
1059 923 1105 970 >in
1119 919 1223 956 dubio
1242 919 1365 971 semper
1379 920 1457 958 effer

62 970 185 1005 animus
196 999 206 1014 ,
224 982 266 1005 an
277 969 362 1006 forte
377 969 397 1005 22
412 968 550 1005 sensibus
564 969 773 1008 illuderetur.-

94 1021 225 1065 φῂς
235 1030 342 1053 tamen
355 1015 720 1054 hincliceeconcludere
730 1049 739 1064 ‚
757 1032 806 1055 res
817 1033 933 1057 omnes
948 1022 992 1056 ita
1007 1018 1132 1068 prorsus
1144 1018 1205 1055 esse
1215 1049 1224 1063 ‚
1246 1031 1287 1056 ur
1305 1021 1455 1056 videntur

61 1066 219 1103 sensibus-‚1
228 1066 374 1104 Primum
387 1070 476 1103 enim
485 1069 667 1115 excipiendi
677 1068 747 1104 sunt
760 1082 874 1104 omnes
885 1071 997 1104 omani
1010 1069 1155 1104 defectus
1168 1097 1176 1111 ‚
1196 1075 1227 1105 ἃ·
1238 1071 1338 1104 medii
1354 1072 1454 1104 inter-

59 1117 140 1166 jetffi
159 1117 500 1166 impedimentffitum
522 1118 760 1165 imaginationis
790 1100 1035 1166 phantassnata:
1053 1128 1088 1151 ut
1105 1117 1186 1152 nihil
1200 1119 1304 1153 dicam
1327 1119 1367 1152 de
1385 1118 1456 1154 illu-

62 1164 203 1202 sionibus
216 1166 399 1201 daemonum
414 1194 423 1208 ,
439 1176 495 1200 aut
515 1167 582 1200 Dei
594 1166 755 1201 miraculis
768 1194 777 1206 ,
797 1179 874 1214 quae
884 1168 925 1200 ad
948 1166 1124 1202 institutum
1141 1167 1282 1201 nostrum
1303 1180 1368 1202 non
1382 1180 1457 1216 per-

63 1217 179 1252 tinent.
199 1214 420 1252 Deindeillud
428 1216 591 1263 imprimis
607 1216 783 1252 videndum
795 1215 908 1260 est‘,an
922 1216 1001 1250 ideae
1015 1244 1025 1258 ,
1041 1215 1095 1250 vel
1113 1217 1242 1264 imagini
1257 1245 1266 1259 ,
1284 1229 1354 1263 quae
1375 1217 1456 1252 hau.

63 1264 111 1300 sta
121 1265 193 1301 est&
205 1263 342 1300 sensibus
356 1294 365 1308 ‚
382 1263 533 1312 quaedam
548 1277 614 1299 non
628 1264 809 1313 adjiciamus
821 1294 830 1308 ,
849 1278 919 1312 quae
933 1267 964 1299 ei
976 1277 1042 1300 non
1060 1264 1133 1300 sunt
1153 1264 1172 1299 ii
1190 1277 1302 1300 natura
1322 1271 1457 1315 conjun-

64 1315 126 1351 ἃᾶ.
139 1316 192 1349 Sic
203 1312 260 1349 ubi
271 1317 346 1349 Irim
357 1315 531 1357 cernimus,
550 1312 587 1348 fit
599 1316 630 1348 in
641 1313 728 1349 sensu
739 1315 887 1362 quaedam
903 1314 1048 1349 colorum
1063 1313 1225 1362 impressio
1239 1343 1248 1356 ,
1261 1327 1333 1361 quae
1343 1314 1384 1349 ab
1395 1314 1457 1350 ob-

60 1362 372 1412 Jefilcoproficiscitur
381 1377 388 1398 :
397 1374 431 1396 at
439 1359 668 1410 si³obje6toeos
678 1363 803 1397 colores
816 1361 997 1411 affingimus
1010 1392 1019 1405 ‚
1033 1375 1101 1397 tum
1114 1362 1255 1397 fallimur
1266 1369 1299 1400 ὅ(
1312 1364 1396 1398 malt·
1407 1370 1458 1413 ju-

64 1413 299 1460 dicamus.Jam
313 1415 424 1458 itaque
435 1411 703 1458 respondeamus,
723 1423 790 1446 tum
807 1414 846 1445 iis
861 1414 915 1458 qui
933 1411 1053 1446 nullam
1068 1413 1101 1446 in
1125 1409 1259 1446 sensibus
1281 1415 1455 1448 veritatem

65 1472 211 1510 ponunt,
230 1473 299 1498 tuni
314 1463 353 1496 iis
377 1461 478 1496 etiam
486 1461 543 1508 qui
555 1463 587 1496 in
607 1459 680 1495 solis
693 1459 831 1496 sensibus
841 1460 985 1509 regulam
1002 1462 1150 1497 veritatis
1164 1460 1369 1496 constituunt,

556 1559 739 1594 Solvuntur
759 1558 966 1605 ehje-‹Silonen-

158 1660 205 1697 Ui
223 1659 351 1696 nullum
372 1660 518 1695 veritatis
533 1659 697 1694 criterium
715 1660 749 1694 in
771 1656 907 1694 sensibus
931 1656 1069 1707 positum
1082 1655 1198 1692 volunt
1211 1686 1219 1700 ‚
1238 1655 1339 1690 multa
1354 1656 1458 1692 solent

66 1662 328 1761 Qopponere
343 1740 353 1754 ,
380 1721 453 1756 quae
474 1709 610 1744 striftim
634 1709 842 1757 attingemus.
868 1717 892 1744 1*>
913 1705 1027 1742 Sensus
1041 1734 1051 1749 ,
1075 1708 1246 1754 inquiunt,
1264 1703 1456 1753 plerumque

22 1775 27 1779 ·
66 1769 126 1793 nos
138 1759 312 1794 destituunt
323 1786 342 1803 ‚,
354 1769 408 1792 aut
418 1757 596 1806 decipiunt.
609 1766 641 1793 20
649 1757 759 1792 Multa
774 1756 876 1792 sensus
892 1758 991 1791 etiam
1012 1766 1079 1797 non
1091 1755 1266 1801 impeditos
1281 1749 1436 1802 effugiunt
1448 1784 1469 1798 2,

67 1817 123 1842 aut
133 1819 307 1856 corporum
324 1806 504 1842 subtilitate
514 1835 531 1850 ,⁷
543 1818 600 1841 aut
617 1807 757 1854 partium
767 1808 910 1841 minutiis
925 1835 935 1848 ‚
948 1814 1006 1840 aur
1015 1804 1078 1839 loci
1094 1804 1246 1839 distantia
1257 1832 1265 1845 ‚
1287 1815 1347 1837 aut>
1359 1803 1459 1837 tardi-

70 1866 138 1891 tate
150 1886 160 1900 ,
178 1856 230 1891 vel
243 1859 342 1891 etiam
359 1857 459 1892 nimia
470 1855 636 1890 celeritate
651 1855 759 1890 motus
774 1883 785 1898 ,
805 1866 858 1889 aut
867 1853 1087 1889 familiaritate
1100 1852 1233 1900 objecti.
1255 1867 1277 1897 3.
1296 1854 1349 1886 De
1362 1851 1458 1886 rebus

67 1902 196 1941 tanturn
206 1917 264 1954 per
277 1904 398 1941 sensum
408 1906 586 1953 judicamus
599 1934 607 1948 ‚
623 1915 659 1938 ut
674 1904 785 1939 nostra
800 1901 949 1938 afficiunt
967 1915 1103 1951 corpora
1117 1931 1127 1945 ,
1148 1915 1216 1937 non
1241 1913 1275 1936 ur
1306 1903 1338 1934 in
1357 1900 1458 1949 seipsis

69 1955 220 1991 existunt.
239 1955 330 1990 Hinc
340 1958 448 1989 aerem
467 1960 499 1991 &
511 1952 677 1989 subtiliora
693 1965 827 2001 quaeque
842 1964 978 2001 corpora
987 1951 1069 1988 nihil
1089 1950 1159 1986 fere
1171 1948 1232 1986 esse
1245 1949 1438 1984 arbitramur
1449 1981 1460 1994 ‚

68 2005 145 2050 quia
155 2003 254 2040 sensus
265 2005 385 2040 nostros
404 2016 472 2038 non
489 2002 619 2038 feriunt.

104 2053 193 2102 Rc'sp.
206 2056 250 2089 Ex
265 2052 314 2089 liis
329 2058 363 2090 δ(
374 2052 445 2088 aliis
459 2051 606 2100 plurimis
626 2065 692 2088 non
709 2051 795 2088 aliud
806 2050 889 2088 effici
899 2080 910 2094 ,
929 2049 1028 2099 qusstm
1049 2050 1081 2084 id
1095 2050 1183 2098 quod
1204 2048 1289 2085 ultro
1306 2048 1459 2082 concedi-

70 2113 141 2136 mus
155 2130 165 2146 ,
186 2115 252 2137 non
263 2114 394 2138 omnem
406 2105 524 2137 mentis
534 2103 754 2149 cognitionem
770 2101 935 2136 oculorum
947 2099 1078 2148 aspectu
1088 2128 1097 2142 ,
1116 2111 1173 2133 aut
1185 2110 1333 2134 manuum
1347 2108 1460 2132 conta-

73 2151 127 2184 &u
145 2153 328 2195 contineri3
346 2164 454 2198 neque
466 2153 497 2185 in
510 2150 578 2197 solo
590 2149 675 2186 sensu
696 2163 831 2186 omnem
850 2151 997 2186 veritatis
1017 2148 1160 2197 regulam
1180 2146 1240 2182 esse
1263 2146 1458 2181 constituens

73 2198 158 2233 dam:
197 2201 260 2234 Sed
284 2200 364 2235 illud
388 2212 497 2236 tamen
517 2199 646 2235 firmum
666 2199 713 2233 est
735 2205 768 2236 &
787 2196 1003 2234 inconcussum
1017 2228 1027 2242 ‚
1048 2210 1096 2232 res
1114 2196 1226 2231 saltem
1243 2193 1404 2231 sensibiles
1426 2201 1460 2233 ες

73 2259 243 2295 corporeas
253 2262 309 2296 per.
324 2249 425 2284 sensus
444 2251 483 2283 ad
497 2260 643 2286 mentem
664 2248 780 2283 deduci
806 2265 815 2292 3
839 2260 975 2295 quaeque
1004 2247 1201 2295 experienti&
1220 2250 1252 2282 &
1270 2244 1460 2280 induffione

75 2295 316 2343 cognoscimus,
334 2311 392 2345 per
407 2297 507 2333 sensus
525 2300 636 2334 animo
654 2299 821 2347 imprimi:
839 2297 920 2330 adeo
939 2307 975 2331 ut
995 2298 1101 2331 omnis
1122 2307 1231 2329 earum
1255 2305 1361 2328 rerum
1388 2296 1460 2327 evi⁴

76 2344 186 2380 dentia
195 2348 227 2380 in
239 2346 423 2382 testimonio
440 2346 579 2382 sensuum
597 2346 696 2396 posita
718 2347 877 2383 videatur.
901 2346 1001 2382 Unde
1023 2344 1043 2380 si
1067 2343 1168 2379 sensus
1194 2342 1309 2389 aliquis
1328 2342 1460 2377 defece.

75 2395 138 2440 ‘st’
162 2406 199 2431 ut
213 2394 293 2434 Visus
307 2424 319 2440 ‚
345 2395 398 2432 vel
415 2396 537 2438 auditus
551 2426 569 2443 „
583 2396 667 2435 nihil
677 2409 790 2434 eorum
808 2408 881 2446 quae
892 2394 947 2434 sub
960 2407 1034 2432 eum
1047 2393 1167 2432 sensum
1181 2394 1316 2448 veniunt
1330 2420 1340 2436 ,
1362 2390 1460 2443 intes

1178 2444 1235 2478 Iii
1254 2445 1274 2489 ij
