1857 2745
610 127 653 163 M
677 128 712 163 O
735 128 768 163 R
790 127 820 165 A
844 129 870 164 L
892 129 906 164 1
931 129 962 166 S.
1415 146 1425 157 ⁹
1456 145 1466 156 ·

77 177 187 229 gio‘ra‘a.
206 187 299 227 prov,
317 174 618 223 29sContritionem
650 176 930 227 raeceditfhperbia
944 207 955 221 ,
983 176 1022 212 ὠ
1054 187 1129 212 ante
1150 181 1274 215 ruinam
1301 147 1470 214 eit-altam

71 229 215 276 spiritns.
232 228 329 271 Bene,
339 230 396 275 qui
407 225 569 269 dixit‚hoc
580 187 648 260 essg
651 228 684 260 in
698 228 807 261 animo
822 226 1024 275 superbiam,
1052 227 1141 275 quod
1152 227 1289 276 putredo
1310 233 1344 265 δε
1366 228 1468 264 foetor

81 275 123 310 est
137 277 168 310 in
179 275 337 311 cadavere
354 293 363 320 3
378 275 470 312 nullo
484 277 573 310 enim
592 274 692 309 modo
709 274 784 312 ferri
804 276 922 323 potest.

114 324 178 358 Sed
190 323 347 371 nusquam
358 330 458 373 magis
471 323 589 359 fallunt
614 326 695 358 vitia
711 324 883 360 virtutibus
900 323 1039 361 finitima
1053 354 1064 370 ‚
1092 338 1189 374 quam
1208 324 1265 360 ubi
1280 326 1323 360 de
1334 326 1467 362 fortitu-

78 373 153 408 dine
168 401 178 416 ‚
197 377 230 409 &
243 373 363 408 robore
380 375 480 409 animi
497 373 688 420 judicamus.
723 374 805 409 Sunt
819 377 876 422 qui
895 376 929 410 in
957 373 1052 409 rebus
1076 376 1266 418 contrariis,
1289 386 1325 409 ut
1345 376 1465 410 Cicero

76 421 327 466 animadvertit,
352 433 467 471 parum
479 421 543 467 fibi
559 421 713 467 constent,
738 423 937 471 voluptatem
954 423 1150 469 fiveriffime
1180 433 1401 461 contemnant,
1431 427 1468 458 in

81 469 187 505 dolore
199 470 267 516 fint
283 472 438 506 molliores
451 488 460 515 ·‚
468 471 608 520 gloriam
619 471 787 519 negligant
803 499 812 510 ,
823 469 1029 521 frangantur
1045 470 1180 516 infamia}
1192 499 1202 510 ‚
1225 482 1324 517 atque
1339 484 1375 506 ea
1390 475 1466 518 qui.

79 517 150 552 dem
168 521 316 565 nonsatis
332 519 515 564 constanter.
534 521 582 555 Ac
597 519 674 568 saepe
694 532 767 567 qute
789 520 905 555 dicitur
931 520 1125 563 constantia,
1154 531 1209 554 aut
1223 519 1322 554 robur
1342 522 1467 564 animi,

79 566 267 616 plerumque
282 581 349 604 non
362 569 448 604 aliud
459 569 505 603 est
522 568 620 616 quam
632 580 680 602 ars
692 569 839 615 quaedam
854 568 1081 606 diffiniulandae
1095 568 1305 618 aegritudinis,
1317 574 1351 605 &
1367 570 1464 612 aestus,

76 615 193 663 quibus
204 629 295 651 mens
308 620 446 666 agitatur
456 647 466 661 ‚
481 620 565 652 intra
581 619 720 665 pe&oris
733 617 822 666 septa
840 619 1013 653 co'c'rcendi
1028 645 1038 661 ‚
1064 630 1113 653 ne¹
1120 620 1256 653 exterius
1267 616 1297 651 se
1309 618 1460 666 prodant.

75 668 114 701 Et
124 666 255 712 quidem
269 666 332 714 ipsa
344 666 550 716 Philosophia
561 666 602 700 de
612 666 701 701 malis
719 695 729 710 ,
752 678 808 702 aut
825 669 1004 716 praeteriti5‚
1019 678 1075 702 aut
1093 666 1207 702 futuris
1232 665 1329 702 facile
1349 669 1464 702 trium.

100 713 156 747 hat
171 742 180 757 ,
202 714 253 748 sed
267 714 473 763 praesentibus
483 717 690 763 opprimitur.
714 718 794 750 Sunt
811 718 868 764 qui
877 715 1078 751 calamitates
1099 728 1165 751 non
1180 716 1282 749 animi
1299 743 1309 757 ,
1325 714 1377 750 sed
1393 729 1466 750 am-

76 726 212 797 {irionis
229 765 262 798 vi
283 765 452 812 perferunt
472 782 480 809 3
503 776 539 797 ac
553 762 629 811 saepe
646 763 760 799 hero‘c's
777 764 798 799 ὲ
811 764 910 814 vulgo
931 765 1100 800 hominum
1123 766 1212 799 unius
1233 766 1387 800 vanitatis
1402 765 1463 799 stu-

76 811 131 845 dio
148 810 361 861 sejunguntur.
395 813 496 860 Qod
512 814 624 859 utique
643 824 774 847 cernere
792 813 836 848 est
853 816 886 849 in
919 816 958 848 iis
976 826 1058 862 quos
1085 813 1240 848 diuturnae
1261 812 1462 851 calamitates

77 858 231 908 frangunt
243 889 254 904 ‚
281 874 337 896 aut
352 865 408 909 qui
425 862 572 896 restantis
585 861 720 896 fortunae
730 861 846 898 ieribus
859 863 1059 911 perferendis
1079 860 1148 896 sunt
1163 863 1310 908 impares.
1329 864 1463 897 Summa

77 920 189 943 autem
201 921 286 943 verre
304 910 503 945 fortitudinis
514 910 580 953 est,
601 909 688 943 idem
711 922 808 958 agere
822 914 967 948 ,remotis
985 910 1136 952 arbitris,
1158 909 1246 957 quod
1263 910 1296 943 in
1315 912 1463 945 omnium

78 957 253 1004 conspeetu
272 973 279 993 ς
306 961 338 993 in
356 961 482 1007 magnis
496 956 645 1006 periculis
657 956 714 991 fibi
733 959 874 994 constare
888 972 978 1002 ‚rnec
996 961 1115 995 mentis
1134 957 1366 1005 tranquillitate
1379 986 1389 1001 ,
1407 970 1464 992 aut

79 1003 184 1039 libero
197 1008 330 1041 rationis
348 1007 402 1042 usu
418 1008 511 1053 dejici
525 1021 533 1041 ς
550 1018 684 1053 quaeque
693 1009 795 1054 magis
809 1006 878 1042 sunt
893 1011 1079 1056 inopinata,
1100 1012 1134 1043 ὅ(
1154 1005 1364 1041 formidolosa
1378 1009 1464 1055 peri-

77 1052 149 1087 cula
159 1054 546 1103 pacate&i1nperturbare
557 1055 780 1101 excipere.Sed
794 1056 958 1090 interdum
968 1069 1037 1103 qua:
1051 1055 1211 1090 fortitudo
1223 1053 1323 1103 vulgo
1335 1056 1463 1098 dicitur⁹

79 1101 218 1150 pudori,
242 1115 520 1153 temperamento,
548 1103 686 1138 vanitati
703 1100 874 1138 referenda
900 1105 942 1139 est
959 1115 1102 1153 accepta.

532 1202 630 1249 ‚Qu
650 1204 689 1235 AE
709 1202 730 1235 s
746 1201 777 1235 T
795 1202 859 1236 10
918 1203 989 1238 1v.

592 1301 657 1339 ,De
675 1298 924 1348 Temperantia.

78 1398 372 1484 TEmperantiae
382 1399 515 1432 nomine
531 1409 603 1432 eam
621 1400 777 1434 virtutem
790 1397 1020 1446 intelligimus,
1037 1410 1109 1445 quo:
1129 1411 1298 1447 corporeas
1312 1397 1461 1445 volupta-

165 1457 212 1481 tes
227 1445 426 1487 moderatur,
447 1458 483 1479 ac
502 1445 702 1493 potissimum
717 1459 769 1480 eas
783 1459 852 1493 quae
861 1446 996 1493 gustu&
1006 1449 1333 1496 tatfhipercipiuntur.
1351 1447 1463 1491 Quare

76 1497 273 1544 praecipuum
286 1493 376 1541 hujus
394 1496 520 1530 virtutis
533 1506 645 1529 munus
663 1497 696 1529 in
714 1506 754 1529 eo
771 1493 909 1542 positum
926 1494 1054 1529 videtur
1066 1523 1077 1540 ,
1093 1507 1127 1530 ut
1137 1499 1314 1545 praecipitcs
1331 1494 1464 1529 affictus

79 1544 250 1587 inhibeat,
279 1554 315 1577 ut
332 1543 491 1577 fortitudo
510 1543 665 1577 tardiores
682 1545 812 1579 exc-irat.

114 1596 152 1628 In
163 1593 223 1628 hac
237 1594 358 1626 virtute
377 1591 408 1625 id
429 1593 517 1640 quod
539 1593 691 1626 decorum
711 1591 864 1627 vocam-us
880 1619 890 1634 ‚
912 1591 1019 1628 elucet
1038 1595 1200 1629 maxime:
1221 1604 1406 1640 quanquam
1430 1590 1463 1623 id

79 1655 153 1677 cum
170 1641 308 1685 honesto
321 1642 364 1674 ita
378 1641 586 1687 conjunctum
596 1641 642 1674 est
651 1670 660 1684 ‚
681 1652 717 1675 ut
730 1639 771 1675 ab
783 1653 824 1675 eo
837 1639 971 1689 separari
985 1656 1050 1678 non
1061 1641 1166 1691 poffit.
1175 1645 1264 1679 Nam
1277 1653 1313 1677 ut
1323 1641 1398 1676 scite
1412 1641 1464 1673 M.

79 1690 224 1734 Tullius,
245 1689 283 1724 θ
298 1689 386 1735 quod
401 1690 487 1723 decet
505 1688 656 1732 honestum
667 1689 729 1734 est3
755 1688 793 1724 (9⁷⁸
809 1690 896 1735 quod
914 1690 1069 1735 honestum
1086 1690 1145 1737 est,
1174 1690 1273 1727 decet.
1304 1689 1359 1734 Est
1378 1690 1460 1726 enim

79 1740 235 1787 quiddam
254 1766 260 1775 ,
281 1737 376 1783 idque
392 1738 588 1787 intelligitur
600 1739 727 1772 inomni
743 1739 888 1777 virtute,
907 1740 1001 1785 qnod
1018 1741 1146 1779 deceat,
1170 1739 1255 1786 quod
1270 1740 1461 1785 cogitatione

79 1790 182 1836 magis
193 1786 212 1820 lt
227 1786 456 1833 virtute—pota}
470 1813 478 1823 ,
492 1785 589 1832 quitm
602 1799 635 1819 re
643 1789 801 1834 ftparari.
820 1789 870 1823 Ut
880 1790 968 1822 enim
982 1789 1130 1823 venustas
1146 1817 1156 1832 ‚
1176 1799 1229 1822 aut
1255 1785 1462 1835 pulchritudo

77 1838 218 1884 eorporis
232 1835 351 1870 secerni
362 1847 424 1869 non
437 1835 572 1883 potest-a
587 1834 770 1869 valetudine
789 1850 797 1871 ε
815 1835 854 1870 sic
865 1835 927 1870 hoc
938 1865 946 1878 ‚
967 1837 1008 1871 de
1023 1850 1090 1884 quo
1102 1837 1264 1885 loquimur
1275 1865 1283 1878 ‚
1295 1836 1462 1874 decorum,

79 1896 184 1920 totum
193 1885 327 1932 quidem
342 1883 419 1918 illud
431 1884 476 1917 est
486 1897 559 1918 cum
572 1886 692 1918 virtute
706 1883 895 1927 confusunu
913 1883 966 1919 scd
981 1896 1090 1921 mente
1099 1892 1133 1923 &
1142 1887 1343 1934 cogitatione
1356 1883 1464 1917 distin—

77 1935 192 1982 guitur.
210 1930 398 1969 Verssmhic
412 1945 478 1967 non
490 1935 613 1981 agimus
624 1933 664 1966 de
676 1931 733 1966 illo
744 1932 889 1981 generali
908 1933 1027 1970 decoro
1039 1964 1048 1978 ‚
1066 1935 1155 1982 quod
1170 1937 1204 1969 in
1216 1931 1465 1969 omnibonesta-

80 1993 113 2017 te
131 1981 271 2017 versatur
284 2011 294 2025 ,
321 1983 354 2016 id
367 1982 565 2029 unumquod
581 1983 780 2030 attingimus,
797 1983 830 2016 in
846 1981 1068 2017 moderatione
1085 1989 1118 2021 ὃς
1134 1981 1346 2032 temperanti&
1359 1979 1465 2014 cerni-

78 2042 131 2066 tur
158 2045 166 2067 ι
189 2044 259 2079 quae
295 2030 341 2065 est
364 2033 518 2066 virtutum
543 2031 689 2066 omnium
721 2032 887 2066 munimen
908 2032 1056 2068 &custos
1082 2051 1092 2077 ·,
1112 2032 1198 2068 unde
1223 2037 1257 2069 &
1282 2040 1465 2077 temperans

78 2079 195 2119 σῶφοων
213 2109 221 2122 ,
242 2078 327 2128 quali
350 2080 471 2129 sapiens
491 2080 614 2115 dicitur.
628 2080 761 2127 Justitiae
780 2081 908 2116 enimv.
921 2093 952 2128 g.
973 2091 1082 2129 partes
1090 2084 1168 2129 sunt
1182 2109 1191 2120 ‚
1207 2092 1243 2116 ut
1261 2082 1308 2115 ait
1319 2079 1440 2114 Cicero
1454 2106 1466 2121 ,

80 2130 142 2162 osmi
152 2131 276 2164 violare
287 2129 441 2172 homines3
467 2131 660 2162 verecundiae
670 2155 679 2166 ‚
700 2128 732 2164 id
746 2127 791 2162 est
802 2158 813 2173 ‚
829 2132 1053 2178 temperantiae
1068 2159 1078 2173 ,
1098 2143 1156 2164 non
1173 2129 1343 2177 offendere:
1357 2129 1389 2162 in
1399 2138 1464 2174 quo

78 2176 224 2212 maxime
240 2177 425 2226 perspicitur
447 2179 496 2212 vis
514 2177 632 2211 decori.

118 2225 345 2272 Qamobrem
355 2226 431 2261 licet
446 2228 658 2274 temperantia
672 2230 754 2263 circa
764 2226 948 2275 voluptates
958 2227 1071 2276 gustus
1082 2232 1115 2264 δε
1128 2225 1235 2262 taetus
1247 2224 1388 2262 versetur
1398 2237 1466 2259 ma-

82 2275 170 2306 xime
190 2301 200 2315 ,
221 2287 299 2321 quas
322 2275 511 2310 Aristoteles
532 2274 692 2311 belluinas
705 2282 738 2313 δε
751 2276 881 2312 serviles
907 2288 1022 2319 vocat,
1044 2275 1121 2310 alias
1148 2286 1259 2310 tamen
1274 2273 1467 2324 cupiditates

81 2320 125 2356 sic
137 2322 320 2357 moderatur
332 2353 340 2366 ‚
359 2336 394 2359 ut
414 2327 525 2359 omnia
541 2335 615 2372 agat
633 2325 752 2360 decore
770 2332 805 2363 δε
823 2326 986 2360 decenter.

105 2373 234 2418 vitaque
250 2375 461 2420 temperantia
479 2372 667 2422 voluptates
691 2373 791 2412 sensus
815 2376 899 2423 regit
923 2378 955 2411 &
974 2373 1179 2417 moderatur,
1208 2376 1242 2410 δε
1257 2384 1308 2407 eas
1328 2374 1469 2409 maxime
