<?xml version="1.0" encoding="UTF-8"?>
<!DOCTYPE html PUBLIC "-//W3C//DTD XHTML 1.0 Transitional//EN"
    "http://www.w3.org/TR/xhtml1/DTD/xhtml1-transitional.dtd">
<html xmlns="http://www.w3.org/1999/xhtml" xml:lang="en" lang="en">
 <head>
  <title>
</title>
<meta http-equiv="Content-Type" content="text/html;charset=utf-8" />
  <meta name='ocr-system' content='tesseract 3.04.00' />
  <meta name='ocr-capabilities' content='ocr_page ocr_carea ocr_par ocr_line ocrx_word'/>
</head>
<body>
  <div class='ocr_page' id='page_1' title='image "./philosophiavetus01duhauoft_0487.png"; bbox 0 0 1857 2745; ppageno 0'>
   <div class='ocr_carea' id='block_1_1' title="bbox 80 142 1482 808">
    <p class='ocr_par' dir='ltr' id='par_1_1' title="bbox 82 142 1465 257">
     <span class='ocr_line' id='line_1_1' title="bbox 87 142 1465 222; baseline 0.004 -15"><span class='ocrx_word' id='word_1_1' title='bbox 87 181 155 207; x_wconf 78' lang='lat' dir='ltr'>rem</span> <span class='ocrx_word' id='word_1_2' title='bbox 170 176 204 208; x_wconf 76' lang='grc' dir='ltr'>δε</span> <span class='ocrx_word' id='word_1_3' title='bbox 216 171 350 207; x_wconf 86' lang='lat' dir='ltr'>modum</span> <span class='ocrx_word' id='word_1_4' title='bbox 367 199 377 215; x_wconf 88' lang='lat'>,</span> <span class='ocrx_word' id='word_1_5' title='bbox 391 175 425 209; x_wconf 82' lang='lat'>&amp;</span> <span class='ocrx_word' id='word_1_6' title='bbox 438 173 662 222; x_wconf 70' lang='lat' dir='ltr'>negataCkum</span> <span class='ocrx_word' id='word_1_7' title='bbox 684 173 861 208; x_wconf 83' lang='lat' dir='ltr'>voluntatis</span> <span class='ocrx_word' id='word_1_8' title='bbox 879 172 944 208; x_wconf 78' lang='lat' dir='ltr'>effe·</span> <span class='ocrx_word' id='word_1_9' title='bbox 959 185 1027 208; x_wconf 87' lang='lat' dir='ltr'>rem</span> <span class='ocrx_word' id='word_1_10' title='bbox 1037 200 1051 218; x_wconf 49' lang='lat'>,1</span> <span class='ocrx_word' id='word_1_11' title='bbox 1062 172 1114 210; x_wconf 86' lang='lat' dir='ltr'>sed</span> <span class='ocrx_word' id='word_1_12' title='bbox 1141 182 1265 210; x_wconf 82' lang='lat' dir='ltr'>merum</span> <span class='ocrx_word' id='word_1_13' title='bbox 1288 142 1465 221; x_wconf 47' lang='lat' dir='ltr'>adiumfut</span> 
     </span>
     <span class='ocr_line' id='line_1_2' title="bbox 82 218 389 257; baseline -0.003 0"><span class='ocrx_word' id='word_1_14' title='bbox 82 218 136 257; x_wconf 75' lang='lat' dir='ltr'>fiio</span> <span class='ocrx_word' id='word_1_15' title='bbox 147 219 220 256; x_wconf 91' lang='lat' dir='ltr'>loco</span> <span class='ocrx_word' id='word_1_16' title='bbox 236 220 389 256; x_wconf 77' lang='lat' dir='ltr'>dicemus,</span> 
     </span>
    </p>

    <p class='ocr_par' dir='ltr' id='par_1_2' title="bbox 80 268 1482 808">
     <span class='ocr_line' id='line_1_3' title="bbox 120 268 1482 319; baseline 0.006 -15"><span class='ocrx_word' id='word_1_17' title='bbox 120 271 228 317; x_wconf 86' lang='lat' dir='ltr'>Atque</span> <span class='ocrx_word' id='word_1_18' title='bbox 254 269 301 304; x_wconf 79' lang='lat' dir='ltr'>ha:</span> <span class='ocrx_word' id='word_1_19' title='bbox 338 272 463 305; x_wconf 81' lang='lat' dir='ltr'>ratione</span> <span class='ocrx_word' id='word_1_20' title='bbox 481 270 640 319; x_wconf 74' lang='lat' dir='ltr'>oppositas</span> <span class='ocrx_word' id='word_1_21' title='bbox 670 273 754 306; x_wconf 85' lang='lat' dir='ltr'>circa</span> <span class='ocrx_word' id='word_1_22' title='bbox 781 271 896 306; x_wconf 88' lang='lat' dir='ltr'>modos</span> <span class='ocrx_word' id='word_1_23' title='bbox 919 270 1091 307; x_wconf 86' lang='lat' dir='ltr'>sententias</span> <span class='ocrx_word' id='word_1_24' title='bbox 1114 268 1209 305; x_wconf 88' lang='lat' dir='ltr'>facile</span> <span class='ocrx_word' id='word_1_25' title='bbox 1235 274 1465 315; x_wconf 88' lang='lat' dir='ltr'>conciliamus:</span> <span class='ocrx_word' id='word_1_26' title='bbox 1479 290 1482 291; x_wconf 48' lang='lat'><em>⁷</em></span> 
     </span>
     <span class='ocr_line' id='line_1_4' title="bbox 84 317 1466 373; baseline 0.005 -21"><span class='ocrx_word' id='word_1_27' title='bbox 84 331 161 355; x_wconf 85' lang='lat' dir='ltr'>nam</span> <span class='ocrx_word' id='word_1_28' title='bbox 175 317 276 353; x_wconf 83' lang='lat' dir='ltr'>reales</span> <span class='ocrx_word' id='word_1_29' title='bbox 294 319 429 366; x_wconf 85' lang='lat' dir='ltr'>quidem</span> <span class='ocrx_word' id='word_1_30' title='bbox 437 320 649 364; x_wconf 81' lang='lat' dir='ltr'>admittimus,</span> <span class='ocrx_word' id='word_1_31' title='bbox 661 321 713 356; x_wconf 86' lang='lat' dir='ltr'>sed</span> <span class='ocrx_word' id='word_1_32' title='bbox 728 334 794 355; x_wconf 83' lang='lat' dir='ltr'>non</span> <span class='ocrx_word' id='word_1_33' title='bbox 811 332 877 364; x_wconf 69' lang='grc' dir='ltr'>τες,</span> <span class='ocrx_word' id='word_1_34' title='bbox 889 320 943 355; x_wconf 89' lang='lat' dir='ltr'>vel</span> <span class='ocrx_word' id='word_1_35' title='bbox 955 322 1106 355; x_wconf 81' lang='lat' dir='ltr'>entitates</span> <span class='ocrx_word' id='word_1_36' title='bbox 1119 326 1325 366; x_wconf 83' lang='lat' dir='ltr'>quantumvis</span> <span class='ocrx_word' id='word_1_37' title='bbox 1348 326 1466 373; x_wconf 86' lang='lat' dir='ltr'>imper..</span> 
     </span>
     <span class='ocr_line' id='line_1_5' title="bbox 82 367 1467 418; baseline 0.004 -16"><span class='ocrx_word' id='word_1_38' title='bbox 82 367 195 404; x_wconf 60' lang='lat' dir='ltr'>sectas.</span> <span class='ocrx_word' id='word_1_39' title='bbox 216 367 303 401; x_wconf 89' lang='lat' dir='ltr'>Cum</span> <span class='ocrx_word' id='word_1_40' title='bbox 321 369 432 414; x_wconf 83' lang='lat' dir='ltr'>itaque</span> <span class='ocrx_word' id='word_1_41' title='bbox 449 369 627 404; x_wconf 85' lang='lat' dir='ltr'>accidentia</span> <span class='ocrx_word' id='word_1_42' title='bbox 639 370 784 418; x_wconf 84' lang='lat' dir='ltr'>quaedam</span> <span class='ocrx_word' id='word_1_43' title='bbox 795 369 852 404; x_wconf 86' lang='lat' dir='ltr'>fint</span> <span class='ocrx_word' id='word_1_44' title='bbox 863 380 951 403; x_wconf 83' lang='lat' dir='ltr'>extra</span> <span class='ocrx_word' id='word_1_45' title='bbox 969 371 1015 403; x_wconf 91' lang='lat' dir='ltr'>rei</span> <span class='ocrx_word' id='word_1_46' title='bbox 1026 367 1189 404; x_wconf 80' lang='lat' dir='ltr'>effentiam</span> <span class='ocrx_word' id='word_1_47' title='bbox 1205 398 1213 412; x_wconf 87' lang='lat'><em>‚</em></span> <span class='ocrx_word' id='word_1_48' title='bbox 1225 382 1258 404; x_wconf 88' lang='lat' dir='ltr'>nt</span> <span class='ocrx_word' id='word_1_49' title='bbox 1268 370 1359 406; x_wconf 82' lang='lat' dir='ltr'>sonus</span> <span class='ocrx_word' id='word_1_50' title='bbox 1376 386 1467 410; x_wconf 87' lang='lat' dir='ltr'>cam..</span> 
     </span>
     <span class='ocr_line' id='line_1_6' title="bbox 82 415 1465 466; baseline 0.005 -17"><span class='ocrx_word' id='word_1_51' title='bbox 82 427 175 465; x_wconf 81' lang='lat' dir='ltr'>panae</span> <span class='ocrx_word' id='word_1_52' title='bbox 188 415 267 460; x_wconf 78' lang='lat' dir='ltr'>3alia</span> <span class='ocrx_word' id='word_1_53' title='bbox 279 418 361 451; x_wconf 89' lang='lat' dir='ltr'>circa</span> <span class='ocrx_word' id='word_1_54' title='bbox 380 419 426 451; x_wconf 89' lang='lat' dir='ltr'>rei</span> <span class='ocrx_word' id='word_1_55' title='bbox 438 416 611 462; x_wconf 81' lang='lat' dir='ltr'>effentiam,</span> <span class='ocrx_word' id='word_1_56' title='bbox 624 431 660 454; x_wconf 91' lang='lat' dir='ltr'>ut</span> <span class='ocrx_word' id='word_1_57' title='bbox 675 418 767 454; x_wconf 87' lang='lat' dir='ltr'>color</span> <span class='ocrx_word' id='word_1_58' title='bbox 784 421 839 465; x_wconf 88' lang='lat' dir='ltr'>qui</span> <span class='ocrx_word' id='word_1_59' title='bbox 856 418 899 452; x_wconf 86' lang='lat' dir='ltr'>est</span> <span class='ocrx_word' id='word_1_60' title='bbox 914 420 948 454; x_wconf 89' lang='lat' dir='ltr'>in</span> <span class='ocrx_word' id='word_1_61' title='bbox 961 417 1122 466; x_wconf 85' lang='lat' dir='ltr'>superficie</span> <span class='ocrx_word' id='word_1_62' title='bbox 1140 422 1304 464; x_wconf 78' lang='lat' dir='ltr'>corp0ri53</span> <span class='ocrx_word' id='word_1_63' title='bbox 1323 421 1385 456; x_wconf 85' lang='lat' dir='ltr'>alia</span> <span class='ocrx_word' id='word_1_64' title='bbox 1409 424 1465 458; x_wconf 76' lang='lat' dir='ltr'>de-</span> 
     </span>
     <span class='ocr_line' id='line_1_7' title="bbox 82 464 1464 516; baseline 0.004 -15"><span class='ocrx_word' id='word_1_65' title='bbox 82 478 174 501; x_wconf 88' lang='lat' dir='ltr'>rnum</span> <span class='ocrx_word' id='word_1_66' title='bbox 188 466 271 500; x_wconf 85' lang='lat' dir='ltr'>intra</span> <span class='ocrx_word' id='word_1_67' title='bbox 286 467 332 500; x_wconf 87' lang='lat' dir='ltr'>rei</span> <span class='ocrx_word' id='word_1_68' title='bbox 345 464 508 501; x_wconf 70' lang='lat' dir='ltr'>essentiam</span> <span class='ocrx_word' id='word_1_69' title='bbox 517 480 616 515; x_wconf 87' lang='lat' dir='ltr'>quam</span> <span class='ocrx_word' id='word_1_70' title='bbox 632 468 819 503; x_wconf 82' lang='lat' dir='ltr'>immediate</span> <span class='ocrx_word' id='word_1_71' title='bbox 841 465 984 502; x_wconf 84' lang='lat' dir='ltr'>afficiunt</span> <span class='ocrx_word' id='word_1_72' title='bbox 994 470 1004 510; x_wconf 59' lang='lat'>3</span> <span class='ocrx_word' id='word_1_73' title='bbox 1023 479 1061 501; x_wconf 91' lang='lat' dir='ltr'>ut</span> <span class='ocrx_word' id='word_1_74' title='bbox 1082 469 1128 501; x_wconf 90' lang='lat' dir='ltr'>rei</span> <span class='ocrx_word' id='word_1_75' title='bbox 1144 465 1263 515; x_wconf 78' lang='lat' dir='ltr'>figura,</span> <span class='ocrx_word' id='word_1_76' title='bbox 1289 481 1344 504; x_wconf 89' lang='lat' dir='ltr'>aut</span> <span class='ocrx_word' id='word_1_77' title='bbox 1359 474 1464 516; x_wconf 76' lang='lat' dir='ltr'>potius</span> 
     </span>
     <span class='ocr_line' id='line_1_8' title="bbox 81 512 1465 565; baseline 0.004 -18"><span class='ocrx_word' id='word_1_78' title='bbox 81 516 221 562; x_wconf 87' lang='lat' dir='ltr'>partium</span> <span class='ocrx_word' id='word_1_79' title='bbox 236 512 462 550; x_wconf 69' lang='lat' dir='ltr'>insensibilium</span> <span class='ocrx_word' id='word_1_80' title='bbox 474 545 483 558; x_wconf 93' lang='lat'>,</span> <span class='ocrx_word' id='word_1_81' title='bbox 497 528 534 550; x_wconf 79' lang='lat' dir='ltr'>ex</span> <span class='ocrx_word' id='word_1_82' title='bbox 545 516 661 564; x_wconf 89' lang='lat' dir='ltr'>quibus</span> <span class='ocrx_word' id='word_1_83' title='bbox 682 529 731 552; x_wconf 89' lang='lat' dir='ltr'>res</span> <span class='ocrx_word' id='word_1_84' title='bbox 752 518 980 565; x_wconf 87' lang='lat' dir='ltr'>componitur,</span> <span class='ocrx_word' id='word_1_85' title='bbox 994 514 1224 564; x_wconf 83' lang='lat' dir='ltr'>configuratio:</span> <span class='ocrx_word' id='word_1_86' title='bbox 1241 530 1311 565; x_wconf 70' lang='lat' dir='ltr'>quse</span> <span class='ocrx_word' id='word_1_87' title='bbox 1324 518 1394 555; x_wconf 88' lang='lat' dir='ltr'>sunt</span> <span class='ocrx_word' id='word_1_88' title='bbox 1408 533 1465 556; x_wconf 84' lang='lat' dir='ltr'>ex..</span> 
     </span>
     <span class='ocr_line' id='line_1_9' title="bbox 83 564 1466 614; baseline 0.007 -18"><span class='ocrx_word' id='word_1_89' title='bbox 83 573 131 597; x_wconf 87' lang='lat' dir='ltr'>tra</span> <span class='ocrx_word' id='word_1_90' title='bbox 147 565 194 597; x_wconf 89' lang='lat' dir='ltr'>rei</span> <span class='ocrx_word' id='word_1_91' title='bbox 204 574 350 598; x_wconf 84' lang='lat' dir='ltr'>naturam</span> <span class='ocrx_word' id='word_1_92' title='bbox 362 593 371 607; x_wconf 84' lang='lat'>,</span> <span class='ocrx_word' id='word_1_93' title='bbox 381 564 595 601; x_wconf 84' lang='lat' dir='ltr'>accidentium</span> <span class='ocrx_word' id='word_1_94' title='bbox 609 578 729 602; x_wconf 87' lang='lat' dir='ltr'>nomen</span> <span class='ocrx_word' id='word_1_95' title='bbox 747 565 847 614; x_wconf 83' lang='lat' dir='ltr'>vulgo</span> <span class='ocrx_word' id='word_1_96' title='bbox 857 567 1019 610; x_wconf 78' lang='lat' dir='ltr'>retinent3</span> <span class='ocrx_word' id='word_1_97' title='bbox 1039 577 1106 613; x_wconf 87' lang='lat' dir='ltr'>quae</span> <span class='ocrx_word' id='word_1_98' title='bbox 1119 567 1236 600; x_wconf 83' lang='lat' dir='ltr'>intime</span> <span class='ocrx_word' id='word_1_99' title='bbox 1256 579 1403 604; x_wconf 84' lang='lat' dir='ltr'>naturam</span> <span class='ocrx_word' id='word_1_100' title='bbox 1416 572 1466 605; x_wconf 84' lang='lat' dir='ltr'>rei</span> 
     </span>
     <span class='ocr_line' id='line_1_10' title="bbox 81 609 1466 662; baseline 0.004 -17"><span class='ocrx_word' id='word_1_101' title='bbox 81 609 229 647; x_wconf 86' lang='lat' dir='ltr'>afficiunt</span> <span class='ocrx_word' id='word_1_102' title='bbox 243 640 253 655; x_wconf 85' lang='lat'>‚</span> <span class='ocrx_word' id='word_1_103' title='bbox 267 613 356 646; x_wconf 82' lang='lat' dir='ltr'>modi</span> <span class='ocrx_word' id='word_1_104' title='bbox 367 612 555 662; x_wconf 86' lang='lat' dir='ltr'>plerumque</span> <span class='ocrx_word' id='word_1_105' title='bbox 569 618 749 651; x_wconf 78' lang='lat' dir='ltr'>vocitantur</span> <span class='ocrx_word' id='word_1_106' title='bbox 760 643 769 658; x_wconf 89' lang='lat'>‚</span> <span class='ocrx_word' id='word_1_107' title='bbox 787 617 927 649; x_wconf 80' lang='lat' dir='ltr'>maxime</span> <span class='ocrx_word' id='word_1_108' title='bbox 944 625 1016 650; x_wconf 78' lang='lat' dir='ltr'>cu&#39;m</span> <span class='ocrx_word' id='word_1_109' title='bbox 1030 625 1116 649; x_wconf 88' lang='lat' dir='ltr'>certa</span> <span class='ocrx_word' id='word_1_110' title='bbox 1130 615 1256 650; x_wconf 88' lang='lat' dir='ltr'>ratione</span> <span class='ocrx_word' id='word_1_111' title='bbox 1277 628 1345 651; x_wconf 81' lang='lat' dir='ltr'>rem</span> <span class='ocrx_word' id='word_1_112' title='bbox 1358 619 1466 654; x_wconf 88' lang='lat' dir='ltr'>deter-</span> 
     </span>
     <span class='ocr_line' id='line_1_11' title="bbox 81 660 1465 712; baseline 0.005 -16"><span class='ocrx_word' id='word_1_113' title='bbox 81 662 227 704; x_wconf 80' lang='lat' dir='ltr'>minant3</span> <span class='ocrx_word' id='word_1_114' title='bbox 241 660 280 695; x_wconf 83' lang='lat' dir='ltr'>sic</span> <span class='ocrx_word' id='word_1_115' title='bbox 297 663 410 697; x_wconf 66' lang='lat' dir='ltr'>cuneta</span> <span class='ocrx_word' id='word_1_116' title='bbox 429 663 564 699; x_wconf 80' lang='lat' dir='ltr'>dicimus</span> <span class='ocrx_word' id='word_1_117' title='bbox 577 664 664 700; x_wconf 68' lang='lat' dir='ltr'>facia</span> <span class='ocrx_word' id='word_1_118' title='bbox 678 667 709 700; x_wconf 91' lang='lat' dir='ltr'>in</span> <span class='ocrx_word' id='word_1_119' title='bbox 719 663 822 712; x_wconf 87' lang='lat' dir='ltr'>specie</span> <span class='ocrx_word' id='word_1_120' title='bbox 832 692 841 707; x_wconf 84' lang='lat'>‚</span> <span class='ocrx_word' id='word_1_121' title='bbox 854 663 954 699; x_wconf 91' lang='lat' dir='ltr'>modo</span> <span class='ocrx_word' id='word_1_122' title='bbox 966 693 975 707; x_wconf 91' lang='lat'>,</span> <span class='ocrx_word' id='word_1_123' title='bbox 988 669 1022 701; x_wconf 91' lang='lat'>&amp;</span> <span class='ocrx_word' id='word_1_124' title='bbox 1038 664 1152 699; x_wconf 84' lang='lat' dir='ltr'>ordine</span> <span class='ocrx_word' id='word_1_125' title='bbox 1166 691 1175 706; x_wconf 90' lang='lat'>,</span> <span class='ocrx_word' id='word_1_126' title='bbox 1195 663 1248 698; x_wconf 92' lang='lat' dir='ltr'>vel</span> <span class='ocrx_word' id='word_1_127' title='bbox 1269 667 1301 699; x_wconf 90' lang='lat' dir='ltr'>in</span> <span class='ocrx_word' id='word_1_128' title='bbox 1315 679 1465 712; x_wconf 86' lang='lat' dir='ltr'>numero,</span> 
     </span>
     <span class='ocr_line' id='line_1_12' title="bbox 81 710 1463 762; baseline 0.006 -19"><span class='ocrx_word' id='word_1_129' title='bbox 81 710 226 758; x_wconf 76' lang='lat' dir='ltr'>pondere</span> <span class='ocrx_word' id='word_1_130' title='bbox 240 739 249 753; x_wconf 91' lang='lat'><strong><em>,</em></strong></span> <span class='ocrx_word' id='word_1_131' title='bbox 266 715 301 746; x_wconf 87' lang='lat'>&amp;</span> <span class='ocrx_word' id='word_1_132' title='bbox 318 710 462 746; x_wconf 84' lang='lat' dir='ltr'>mensura</span> <span class='ocrx_word' id='word_1_133' title='bbox 483 728 491 749; x_wconf 92' lang='lat'><strong>:</strong></span> <span class='ocrx_word' id='word_1_134' title='bbox 517 713 569 747; x_wconf 89' lang='lat' dir='ltr'>sed</span> <span class='ocrx_word' id='word_1_135' title='bbox 584 726 656 761; x_wconf 84' lang='lat' dir='ltr'>quae</span> <span class='ocrx_word' id='word_1_136' title='bbox 675 715 872 760; x_wconf 71' lang='lat' dir='ltr'>magiscitta</span> <span class='ocrx_word' id='word_1_137' title='bbox 889 711 1100 749; x_wconf 82' lang='lat' dir='ltr'>substantiam</span> <span class='ocrx_word' id='word_1_138' title='bbox 1121 712 1208 758; x_wconf 83' lang='lat' dir='ltr'>sunt,</span> <span class='ocrx_word' id='word_1_139' title='bbox 1227 726 1325 761; x_wconf 85' lang='lat' dir='ltr'>quam</span> <span class='ocrx_word' id='word_1_140' title='bbox 1353 717 1437 751; x_wconf 85' lang='lat' dir='ltr'>intra</span> <span class='ocrx_word' id='word_1_141' title='bbox 1450 745 1463 762; x_wconf 90' lang='lat'>‚</span> 
     </span>
     <span class='ocr_line' id='line_1_13' title="bbox 80 757 1084 808; baseline 0.006 -14"><span class='ocrx_word' id='word_1_142' title='bbox 80 757 258 806; x_wconf 77' lang='lat' dir='ltr'>aliquando</span> <span class='ocrx_word' id='word_1_143' title='bbox 273 760 564 808; x_wconf 86' lang='lat' dir='ltr'>modi,aliquando</span> <span class='ocrx_word' id='word_1_144' title='bbox 583 760 760 798; x_wconf 86' lang='lat' dir='ltr'>accidentia</span> <span class='ocrx_word' id='word_1_145' title='bbox 777 764 995 799; x_wconf 80' lang='lat' dir='ltr'>nominantur.·</span> <span class='ocrx_word' id='word_1_146' title='bbox 1007 788 1014 793; x_wconf 89' lang='lat'>-</span> <span class='ocrx_word' id='word_1_147' title='bbox 1081 775 1084 777; x_wconf 83' lang='lat'>&#39;</span> 
     </span>
    </p>
   </div>
   <div class='ocr_carea' id='block_1_2' title="bbox 78 852 746 866">
    <p class='ocr_par' dir='ltr' id='par_1_3' title="bbox 78 852 746 866">
     <span class='ocr_line' id='line_1_14' title="bbox 78 852 746 866; baseline 0 1879"><span class='ocrx_word' id='word_1_148' title='bbox 78 852 746 866; x_wconf 95' lang='lat' dir='ltr'> </span> 
     </span>
    </p>
   </div>
   <div class='ocr_carea' id='block_1_3' title="bbox 752 855 1456 870">
    <p class='ocr_par' dir='ltr' id='par_1_4' title="bbox 752 855 1456 870">
     <span class='ocr_line' id='line_1_15' title="bbox 752 855 1456 870; baseline 0 1875"><span class='ocrx_word' id='word_1_149' title='bbox 752 855 1456 870; x_wconf 95' lang='lat' dir='ltr'> </span> 
     </span>
    </p>
   </div>
   <div class='ocr_carea' id='block_1_4' title="bbox 413 912 1096 1163">
    <p class='ocr_par' dir='ltr' id='par_1_5' title="bbox 413 912 1096 1163">
     <span class='ocr_line' id='line_1_16' title="bbox 413 912 1096 956; baseline 0.004 -4"><span class='ocrx_word' id='word_1_150' title='bbox 413 913 964 956; x_wconf 69' lang='lat' dir='ltr'><strong>DISPUTA&#39;TIO</strong></span> <span class='ocrx_word' id='word_1_151' title='bbox 1027 912 1096 955; x_wconf 69' lang='grc' dir='ltr'>ῙῙΞ</span> 
     </span>
     <span class='ocr_line' id='line_1_17' title="bbox 556 1015 1017 1075; baseline 0.004 -15"><span class='ocrx_word' id='word_1_152' title='bbox 556 1026 611 1060; x_wconf 85' lang='lat' dir='ltr'>De</span> <span class='ocrx_word' id='word_1_153' title='bbox 633 1022 727 1060; x_wconf 83' lang='lat' dir='ltr'>entis</span> <span class='ocrx_word' id='word_1_154' title='bbox 740 1015 1017 1075; x_wconf 33' lang='grc' dir='ltr'>ιςκῄῑῖε“’έῗὶι)ηἰόι”ι.ι·.ι</span> 
     </span>
     <span class='ocr_line' id='line_1_18' title="bbox 571 1116 1010 1163; baseline 0 -11"><span class='ocrx_word' id='word_1_155' title='bbox 571 1116 733 1163; x_wconf 68' lang='lat' dir='ltr'>QU1AE-</span> <span class='ocrx_word' id='word_1_156' title='bbox 751 1117 772 1151; x_wconf 87' lang='lat' dir='ltr'>s</span> <span class='ocrx_word' id='word_1_157' title='bbox 797 1118 908 1152; x_wconf 74' lang='lat' dir='ltr'>Tio</span> <span class='ocrx_word' id='word_1_158' title='bbox 964 1117 1010 1152; x_wconf 59' lang='grc' dir='ltr'>ις.</span> 
     </span>
    </p>
   </div>
   <div class='ocr_carea' id='block_1_5' title="bbox 511 1209 1010 1262">
    <p class='ocr_par' dir='ltr' id='par_1_6' title="bbox 511 1209 1010 1262">
     <span class='ocr_line' id='line_1_19' title="bbox 511 1209 1010 1262; baseline 0.006 -16"><span class='ocrx_word' id='word_1_159' title='bbox 511 1209 568 1246; x_wconf 85' lang='lat' dir='ltr'>D&#39;e</span> <span class='ocrx_word' id='word_1_160' title='bbox 582 1214 695 1262; x_wconf 81' lang='lat' dir='ltr'>primis</span> <span class='ocrx_word' id='word_1_161' title='bbox 711 1216 792 1248; x_wconf 72' lang='lat' dir='ltr'>entis</span> <span class='ocrx_word' id='word_1_162' title='bbox 813 1211 1010 1250; x_wconf 81' lang='lat' dir='ltr'>attributis.-</span> 
     </span>
    </p>
   </div>
   <div class='ocr_carea' id='block_1_6' title="bbox 71 1291 1516 2370">
    <p class='ocr_par' dir='ltr' id='par_1_7' title="bbox 73 1291 1478 1439">
     <span class='ocr_line' id='line_1_20' title="bbox 73 1291 1457 1380; baseline 0.007 -54"><span class='ocrx_word' id='word_1_163' title='bbox 73 1291 303 1380; x_wconf 63' lang='lat' dir='ltr'>EXplicati&#39;s</span> <span class='ocrx_word' id='word_1_164' title='bbox 317 1302 389 1340; x_wconf 85' lang='lat' dir='ltr'>quae</span> <span class='ocrx_word' id='word_1_165' title='bbox 408 1292 448 1327; x_wconf 83' lang='lat' dir='ltr'>ad</span> <span class='ocrx_word' id='word_1_166' title='bbox 459 1294 623 1329; x_wconf 84' lang='lat' dir='ltr'>rationem</span> <span class='ocrx_word' id='word_1_167' title='bbox 643 1298 677 1331; x_wconf 67' lang='grc' dir='ltr'>ὃς</span> <span class='ocrx_word' id='word_1_168' title='bbox 694 1292 847 1343; x_wconf 76' lang='lat' dir='ltr'>principia</span> <span class='ocrx_word' id='word_1_169' title='bbox 863 1296 944 1329; x_wconf 86' lang='lat' dir='ltr'>entis</span> <span class='ocrx_word' id='word_1_170' title='bbox 957 1295 1145 1343; x_wconf 89' lang='lat' dir='ltr'>pertinent,</span> <span class='ocrx_word' id='word_1_171' title='bbox 1165 1296 1306 1345; x_wconf 88' lang='lat' dir='ltr'>sequitur</span> <span class='ocrx_word' id='word_1_172' title='bbox 1323 1309 1358 1334; x_wconf 94' lang='lat' dir='ltr'>ut</span> <span class='ocrx_word' id='word_1_173' title='bbox 1373 1297 1457 1336; x_wconf 76' lang='lat' dir='ltr'>illius</span> 
     </span>
     <span class='ocr_line' id='line_1_21' title="bbox 111 1340 1478 1391; baseline 0.007 -15"><span class='ocrx_word' id='word_1_174' title='bbox 111 1360 114 1364; x_wconf 64' lang='lat'><strong><em>¹</em></strong></span> <span class='ocrx_word' id='word_1_175' title='bbox 142 1341 330 1378; x_wconf 63' lang='lat' dir='ltr'>affectiones</span> <span class='ocrx_word' id='word_1_176' title='bbox 343 1371 352 1384; x_wconf 94' lang='lat'>,</span> <span class='ocrx_word' id='word_1_177' title='bbox 367 1340 417 1376; x_wconf 88' lang='lat' dir='ltr'>seu</span> <span class='ocrx_word' id='word_1_178' title='bbox 433 1345 673 1390; x_wconf 54' lang='lat' dir='ltr'>proprietates,</span> <span class='ocrx_word' id='word_1_179' title='bbox 693 1355 792 1389; x_wconf 87' lang='lat' dir='ltr'>quam</span> <span class='ocrx_word' id='word_1_180' title='bbox 820 1342 1002 1378; x_wconf 86' lang='lat' dir='ltr'>brevissime</span> <span class='ocrx_word' id='word_1_181' title='bbox 1027 1347 1204 1391; x_wconf 85' lang='lat' dir='ltr'>poterimus</span> <span class='ocrx_word' id='word_1_182' title='bbox 1216 1375 1226 1390; x_wconf 87' lang='lat'>‚</span> <span class='ocrx_word' id='word_1_183' title='bbox 1244 1348 1456 1387; x_wconf 59' lang='lat' dir='ltr'>decurramus„</span> <span class='ocrx_word' id='word_1_184' title='bbox 1470 1376 1478 1380; x_wconf 88' lang='lat'><em>-</em></span> 
     </span>
     <span class='ocr_line' id='line_1_22' title="bbox 75 1390 1219 1439; baseline 0.003 -13"><span class='ocrx_word' id='word_1_185' title='bbox 75 1391 144 1426; x_wconf 75' lang='lat' dir='ltr'>Istae</span> <span class='ocrx_word' id='word_1_186' title='bbox 158 1393 245 1425; x_wconf 89' lang='lat' dir='ltr'>enim</span> <span class='ocrx_word' id='word_1_187' title='bbox 257 1402 373 1439; x_wconf 81' lang='lat' dir='ltr'>magna</span> <span class='ocrx_word' id='word_1_188' title='bbox 387 1402 426 1424; x_wconf 86' lang='lat' dir='ltr'>ex</span> <span class='ocrx_word' id='word_1_189' title='bbox 439 1401 529 1437; x_wconf 85' lang='lat' dir='ltr'>parte</span> <span class='ocrx_word' id='word_1_190' title='bbox 552 1393 584 1425; x_wconf 90' lang='lat' dir='ltr'>in</span> <span class='ocrx_word' id='word_1_191' title='bbox 603 1393 723 1439; x_wconf 82' lang='lat' dir='ltr'>Logica</span> <span class='ocrx_word' id='word_1_192' title='bbox 739 1396 772 1427; x_wconf 71' lang='grc' dir='ltr'>ὃ(</span> <span class='ocrx_word' id='word_1_193' title='bbox 785 1390 907 1426; x_wconf 75' lang='lat' dir='ltr'>Morali</span> <span class='ocrx_word' id='word_1_194' title='bbox 920 1391 990 1426; x_wconf 88' lang='lat' dir='ltr'>sunt</span> <span class='ocrx_word' id='word_1_195' title='bbox 1004 1395 1219 1439; x_wconf 67' lang='lat' dir='ltr'>pertradtatae.</span> 
     </span>
    </p>

    <p class='ocr_par' dir='ltr' id='par_1_8' title="bbox 74 1439 1456 1583">
     <span class='ocr_line' id='line_1_23' title="bbox 111 1439 1456 1487; baseline 0.004 -14"><span class='ocrx_word' id='word_1_196' title='bbox 111 1441 328 1487; x_wconf 79' lang='lat' dir='ltr'>Proprietates</span> <span class='ocrx_word' id='word_1_197' title='bbox 352 1440 434 1472; x_wconf 87' lang='lat' dir='ltr'>entis</span> <span class='ocrx_word' id='word_1_198' title='bbox 454 1450 506 1471; x_wconf 86' lang='lat' dir='ltr'>eas</span> <span class='ocrx_word' id='word_1_199' title='bbox 523 1439 680 1482; x_wconf 74' lang='lat' dir='ltr'>dicimus,</span> <span class='ocrx_word' id='word_1_200' title='bbox 711 1451 780 1486; x_wconf 77' lang='lat' dir='ltr'>quae</span> <span class='ocrx_word' id='word_1_201' title='bbox 808 1450 890 1474; x_wconf 82' lang='lat' dir='ltr'>cum·</span> <span class='ocrx_word' id='word_1_202' title='bbox 906 1449 980 1474; x_wconf 79' lang='lat' dir='ltr'>ente</span> <span class='ocrx_word' id='word_1_203' title='bbox 1009 1453 1241 1477; x_wconf 84' lang='lat' dir='ltr'>convertuntur</span> <span class='ocrx_word' id='word_1_204' title='bbox 1261 1471 1271 1486; x_wconf 92' lang='lat'><em>‚</em></span> <span class='ocrx_word' id='word_1_205' title='bbox 1295 1449 1331 1480; x_wconf 87' lang='lat'>&amp;</span> <span class='ocrx_word' id='word_1_206' title='bbox 1356 1445 1398 1479; x_wconf 83' lang='lat' dir='ltr'>ab</span> <span class='ocrx_word' id='word_1_207' title='bbox 1416 1459 1456 1482; x_wconf 86' lang='lat' dir='ltr'>e0</span> 
     </span>
     <span class='ocr_line' id='line_1_24' title="bbox 74 1487 1456 1539; baseline 0.006 -17"><span class='ocrx_word' id='word_1_208' title='bbox 74 1489 276 1538; x_wconf 81' lang='lat' dir='ltr'>cogitatione</span> <span class='ocrx_word' id='word_1_209' title='bbox 305 1490 403 1536; x_wconf 77' lang='lat' dir='ltr'>magis</span> <span class='ocrx_word' id='word_1_210' title='bbox 417 1516 426 1530; x_wconf 94' lang='lat'>,</span> <span class='ocrx_word' id='word_1_211' title='bbox 451 1487 549 1534; x_wconf 62' lang='lat' dir='ltr'>quum</span> <span class='ocrx_word' id='word_1_212' title='bbox 581 1500 616 1522; x_wconf 85' lang='lat' dir='ltr'>re</span> <span class='ocrx_word' id='word_1_213' title='bbox 632 1487 849 1536; x_wconf 57' lang='lat' dir='ltr'>sejunguntur„</span> <span class='ocrx_word' id='word_1_214' title='bbox 881 1490 930 1523; x_wconf 76' lang='lat' dir='ltr'>Eae</span> <span class='ocrx_word' id='word_1_215' title='bbox 945 1500 1059 1524; x_wconf 70' lang='lat' dir='ltr'>autem⁴</span> <span class='ocrx_word' id='word_1_216' title='bbox 1078 1488 1148 1525; x_wconf 88' lang='lat' dir='ltr'>sunt</span> <span class='ocrx_word' id='word_1_217' title='bbox 1170 1504 1269 1526; x_wconf 87' lang='lat' dir='ltr'>unum</span> <span class='ocrx_word' id='word_1_218' title='bbox 1283 1521 1292 1535; x_wconf 89' lang='lat'>,</span> <span class='ocrx_word' id='word_1_219' title='bbox 1322 1506 1456 1539; x_wconf 79' lang='lat' dir='ltr'>verum,</span> 
     </span>
     <span class='ocr_line' id='line_1_25' title="bbox 74 1536 736 1583; baseline 0.003 -11"><span class='ocrx_word' id='word_1_220' title='bbox 74 1536 212 1577; x_wconf 85' lang='lat' dir='ltr'>bonum.</span> <span class='ocrx_word' id='word_1_221' title='bbox 733 1582 736 1583; x_wconf 20' lang='lat'><em>⁷</em></span> 
     </span>
    </p>

    <p class='ocr_par' dir='ltr' id='par_1_9' title="bbox 71 1584 1516 2075">
     <span class='ocr_line' id='line_1_26' title="bbox 119 1584 1475 1638; baseline 0.003 -16"><span class='ocrx_word' id='word_1_222' title='bbox 119 1588 167 1622; x_wconf 83' lang='lat' dir='ltr'>Ac</span> <span class='ocrx_word' id='word_1_223' title='bbox 182 1599 206 1621; x_wconf 88' lang='lat'>1.</span> <span class='ocrx_word' id='word_1_224' title='bbox 221 1584 255 1619; x_wconf 87' lang='lat' dir='ltr'>id</span> <span class='ocrx_word' id='word_1_225' title='bbox 272 1585 377 1632; x_wconf 89' lang='lat' dir='ltr'>liquet</span> <span class='ocrx_word' id='word_1_226' title='bbox 390 1597 446 1620; x_wconf 87' lang='lat' dir='ltr'>ens</span> <span class='ocrx_word' id='word_1_227' title='bbox 464 1585 566 1634; x_wconf 87' lang='lat' dir='ltr'>ipsum</span> <span class='ocrx_word' id='word_1_228' title='bbox 578 1615 588 1631; x_wconf 85' lang='lat'><em>,</em></span> <span class='ocrx_word' id='word_1_229' title='bbox 609 1584 662 1620; x_wconf 86' lang='lat' dir='ltr'>seu</span> <span class='ocrx_word' id='word_1_230' title='bbox 680 1584 848 1622; x_wconf 78' lang='lat' dir='ltr'>effentiam</span> <span class='ocrx_word' id='word_1_231' title='bbox 861 1589 906 1621; x_wconf 91' lang='lat' dir='ltr'>rei</span> <span class='ocrx_word' id='word_1_232' title='bbox 921 1585 1061 1635; x_wconf 55' lang='lat' dir='ltr'>&#39;primum</span> <span class='ocrx_word' id='word_1_233' title='bbox 1079 1587 1099 1623; x_wconf 72' lang='grc' dir='ltr'>ὲ</span> <span class='ocrx_word' id='word_1_234' title='bbox 1112 1586 1212 1623; x_wconf 66' lang='lat' dir='ltr'>nobis&#39;</span> <span class='ocrx_word' id='word_1_235' title='bbox 1223 1592 1351 1638; x_wconf 83' lang='lat' dir='ltr'>concipi</span> <span class='ocrx_word' id='word_1_236' title='bbox 1371 1605 1379 1626; x_wconf 76' lang='grc' dir='ltr'><strong><em>ε</em></strong></span> <span class='ocrx_word' id='word_1_237' title='bbox 1396 1605 1475 1627; x_wconf 64' lang='lat' dir='ltr'>un„-</span> 
     </span>
     <span class='ocr_line' id='line_1_27' title="bbox 74 1633 1457 1685; baseline 0.005 -16"><span class='ocrx_word' id='word_1_238' title='bbox 74 1635 116 1670; x_wconf 91' lang='lat' dir='ltr'>de</span> <span class='ocrx_word' id='word_1_239' title='bbox 131 1634 261 1670; x_wconf 81' lang='lat' dir='ltr'>essentia</span> <span class='ocrx_word' id='word_1_240' title='bbox 273 1635 364 1668; x_wconf 82' lang='lat' dir='ltr'>realis</span> <span class='ocrx_word' id='word_1_241' title='bbox 374 1649 388 1677; x_wconf 48' lang='lat'>¹,</span> <span class='ocrx_word' id='word_1_242' title='bbox 408 1639 441 1671; x_wconf 92' lang='lat'>&amp;</span> <span class='ocrx_word' id='word_1_243' title='bbox 457 1633 593 1682; x_wconf 75' lang='lat' dir='ltr'>positiva</span> <span class='ocrx_word' id='word_1_244' title='bbox 607 1661 617 1677; x_wconf 86' lang='lat'>‚</span> <span class='ocrx_word' id='word_1_245' title='bbox 636 1635 675 1668; x_wconf 91' lang='lat' dir='ltr'>de</span> <span class='ocrx_word' id='word_1_246' title='bbox 685 1646 750 1680; x_wconf 86' lang='lat' dir='ltr'>qua</span> <span class='ocrx_word' id='word_1_247' title='bbox 760 1648 845 1671; x_wconf 91' lang='lat' dir='ltr'>nunc</span> <span class='ocrx_word' id='word_1_248' title='bbox 854 1638 978 1684; x_wconf 82' lang='lat' dir='ltr'>agimus</span> <span class='ocrx_word' id='word_1_249' title='bbox 992 1665 1002 1680; x_wconf 91' lang='lat'>,</span> <span class='ocrx_word' id='word_1_250' title='bbox 1028 1635 1098 1671; x_wconf 88' lang='lat' dir='ltr'>satis</span> <span class='ocrx_word' id='word_1_251' title='bbox 1119 1649 1193 1685; x_wconf 85' lang='lat' dir='ltr'>apte</span> <span class='ocrx_word' id='word_1_252' title='bbox 1212 1637 1363 1674; x_wconf 82' lang='lat' dir='ltr'>definitur</span> <span class='ocrx_word' id='word_1_253' title='bbox 1380 1653 1457 1676; x_wconf 90' lang='lat' dir='ltr'>con-</span> 
     </span>
     <span class='ocr_line' id='line_1_28' title="bbox 73 1684 1474 1733; baseline 0.006 -15"><span class='ocrx_word' id='word_1_254' title='bbox 73 1695 184 1732; x_wconf 92' lang='lat' dir='ltr'>ceptus</span> <span class='ocrx_word' id='word_1_255' title='bbox 198 1686 316 1732; x_wconf 90' lang='lat' dir='ltr'>primus</span> <span class='ocrx_word' id='word_1_256' title='bbox 329 1685 384 1717; x_wconf 90' lang='lat' dir='ltr'>rei.</span> <span class='ocrx_word' id='word_1_257' title='bbox 395 1684 602 1732; x_wconf 87' lang='lat' dir='ltr'>Conceptum</span> <span class='ocrx_word' id='word_1_258' title='bbox 613 1696 708 1732; x_wconf 87' lang='lat' dir='ltr'>porro</span> <span class='ocrx_word' id='word_1_259' title='bbox 722 1685 930 1733; x_wconf 75' lang='lat' dir='ltr'>intelligimus</span> <span class='ocrx_word' id='word_1_260' title='bbox 941 1684 1142 1733; x_wconf 70' lang='lat' dir='ltr'>objefflvum</span> <span class='ocrx_word' id='word_1_261' title='bbox 1158 1715 1168 1730; x_wconf 92' lang='lat'><em>,</em></span> <span class='ocrx_word' id='word_1_262' title='bbox 1183 1699 1257 1721; x_wconf 77' lang='lat' dir='ltr'>non</span> <span class='ocrx_word' id='word_1_263' title='bbox 1270 1686 1453 1726; x_wconf 86' lang='lat' dir='ltr'>formalem:</span> <span class='ocrx_word' id='word_1_264' title='bbox 1470 1701 1474 1717; x_wconf 76' lang='lat'>2</span> 
     </span>
     <span class='ocr_line' id='line_1_29' title="bbox 73 1731 1472 1785; baseline 0.004 -18"><span class='ocrx_word' id='word_1_265' title='bbox 73 1735 170 1767; x_wconf 81' lang='lat' dir='ltr'>aerei</span> <span class='ocrx_word' id='word_1_266' title='bbox 184 1734 317 1767; x_wconf 84' lang='lat' dir='ltr'>nomine</span> <span class='ocrx_word' id='word_1_267' title='bbox 329 1744 382 1766; x_wconf 78' lang='lat' dir='ltr'>ens</span> <span class='ocrx_word' id='word_1_268' title='bbox 393 1731 494 1779; x_wconf 86' lang='lat' dir='ltr'>ipsum</span> <span class='ocrx_word' id='word_1_269' title='bbox 509 1761 517 1776; x_wconf 88' lang='lat'>‚</span> <span class='ocrx_word' id='word_1_270' title='bbox 546 1733 597 1767; x_wconf 85' lang='lat' dir='ltr'>seu</span> <span class='ocrx_word' id='word_1_271' title='bbox 610 1734 782 1767; x_wconf 80' lang='lat' dir='ltr'>entitatem</span> <span class='ocrx_word' id='word_1_272' title='bbox 792 1736 837 1768; x_wconf 90' lang='lat' dir='ltr'>rei</span> <span class='ocrx_word' id='word_1_273' title='bbox 851 1733 1058 1781; x_wconf 78' lang='lat' dir='ltr'>designamus.</span> <span class='ocrx_word' id='word_1_274' title='bbox 1076 1737 1165 1770; x_wconf 85' lang='lat' dir='ltr'>Nam</span> <span class='ocrx_word' id='word_1_275' title='bbox 1181 1748 1229 1769; x_wconf 84' lang='lat' dir='ltr'>res</span> <span class='ocrx_word' id='word_1_276' title='bbox 1241 1765 1249 1778; x_wconf 89' lang='lat'><em>‚</em></span> <span class='ocrx_word' id='word_1_277' title='bbox 1273 1736 1323 1770; x_wconf 78' lang='lat' dir='ltr'>vel</span> <span class='ocrx_word' id='word_1_278' title='bbox 1335 1736 1455 1785; x_wconf 88' lang='lat' dir='ltr'>aliquid</span> <span class='ocrx_word' id='word_1_279' title='bbox 1470 1763 1472 1766; x_wconf 38' lang='lat' dir='ltr'>v</span> 
     </span>
     <span class='ocr_line' id='line_1_30' title="bbox 73 1782 1475 1832; baseline 0.004 -16"><span class='ocrx_word' id='word_1_280' title='bbox 73 1793 147 1816; x_wconf 87' lang='lat' dir='ltr'>cum</span> <span class='ocrx_word' id='word_1_281' title='bbox 157 1792 234 1816; x_wconf 82' lang='lat' dir='ltr'>ente</span> <span class='ocrx_word' id='word_1_282' title='bbox 251 1782 460 1816; x_wconf 82' lang='lat' dir='ltr'>confunditur</span> <span class='ocrx_word' id='word_1_283' title='bbox 478 1792 485 1813; x_wconf 91' lang='lat'>:</span> <span class='ocrx_word' id='word_1_284' title='bbox 509 1794 695 1829; x_wconf 67' lang='lat' dir='ltr'>quanquam</span> <span class='ocrx_word' id='word_1_285' title='bbox 716 1782 889 1829; x_wconf 82' lang='lat' dir='ltr'>aliquando</span> <span class='ocrx_word' id='word_1_286' title='bbox 910 1795 959 1818; x_wconf 78' lang='lat' dir='ltr'>res</span> <span class='ocrx_word' id='word_1_287' title='bbox 974 1786 1129 1832; x_wconf 86' lang='lat' dir='ltr'>accipitur</span> <span class='ocrx_word' id='word_1_288' title='bbox 1141 1812 1150 1826; x_wconf 87' lang='lat'>‚</span> <span class='ocrx_word' id='word_1_289' title='bbox 1175 1796 1332 1831; x_wconf 69' lang='lat' dir='ltr'>quatenus</span> <span class='ocrx_word' id='word_1_290' title='bbox 1355 1788 1453 1822; x_wconf 87' lang='lat' dir='ltr'>modo</span> <span class='ocrx_word' id='word_1_291' title='bbox 1471 1802 1475 1813; x_wconf 73' lang='lat'>‹·</span> 
     </span>
     <span class='ocr_line' id='line_1_31' title="bbox 73 1829 1453 1879; baseline 0.003 -15"><span class='ocrx_word' id='word_1_292' title='bbox 73 1832 262 1878; x_wconf 87' lang='lat' dir='ltr'>opponitur.</span> <span class='ocrx_word' id='word_1_293' title='bbox 277 1832 327 1864; x_wconf 87' lang='lat' dir='ltr'>Sic</span> <span class='ocrx_word' id='word_1_294' title='bbox 341 1832 427 1864; x_wconf 84' lang='lat' dir='ltr'>enim</span> <span class='ocrx_word' id='word_1_295' title='bbox 437 1842 492 1864; x_wconf 83' lang='lat' dir='ltr'>ens</span> <span class='ocrx_word' id='word_1_296' title='bbox 505 1831 606 1864; x_wconf 86' lang='lat' dir='ltr'>dividi</span> <span class='ocrx_word' id='word_1_297' title='bbox 625 1829 703 1864; x_wconf 85' lang='lat' dir='ltr'>solet</span> <span class='ocrx_word' id='word_1_298' title='bbox 719 1832 751 1864; x_wconf 87' lang='lat' dir='ltr'>in</span> <span class='ocrx_word' id='word_1_299' title='bbox 768 1842 836 1865; x_wconf 90' lang='lat' dir='ltr'>rem</span> <span class='ocrx_word' id='word_1_300' title='bbox 852 1861 860 1876; x_wconf 83' lang='lat'>‚</span> <span class='ocrx_word' id='word_1_301' title='bbox 876 1837 909 1868; x_wconf 82' lang='lat'>&amp;</span> <span class='ocrx_word' id='word_1_302' title='bbox 920 1833 1056 1867; x_wconf 89' lang='lat' dir='ltr'>modum</span> <span class='ocrx_word' id='word_1_303' title='bbox 1075 1850 1084 1876; x_wconf 81' lang='lat'>3</span> <span class='ocrx_word' id='word_1_304' title='bbox 1113 1844 1248 1879; x_wconf 83' lang='lat' dir='ltr'>tumque</span> <span class='ocrx_word' id='word_1_305' title='bbox 1274 1845 1322 1867; x_wconf 83' lang='lat' dir='ltr'>res</span> <span class='ocrx_word' id='word_1_306' title='bbox 1347 1837 1453 1870; x_wconf 84' lang='lat' dir='ltr'>minus</span> 
     </span>
     <span class='ocr_line' id='line_1_32' title="bbox 71 1877 1474 1931; baseline 0.005 -19"><span class='ocrx_word' id='word_1_307' title='bbox 71 1890 165 1928; x_wconf 83' lang='lat' dir='ltr'>patet</span> <span class='ocrx_word' id='word_1_308' title='bbox 185 1878 282 1925; x_wconf 69' lang='lat' dir='ltr'>quam</span> <span class='ocrx_word' id='word_1_309' title='bbox 303 1890 358 1913; x_wconf 80' lang='lat' dir='ltr'>ens</span> <span class='ocrx_word' id='word_1_310' title='bbox 375 1878 489 1927; x_wconf 87' lang='lat' dir='ltr'>ipsum.</span> <span class='ocrx_word' id='word_1_311' title='bbox 505 1877 629 1914; x_wconf 57' lang='lat' dir='ltr'>vernn]</span> <span class='ocrx_word' id='word_1_312' title='bbox 645 1878 792 1913; x_wconf 84' lang='lat' dir='ltr'>hocloco</span> <span class='ocrx_word' id='word_1_313' title='bbox 810 1892 856 1915; x_wconf 86' lang='lat' dir='ltr'>res</span> <span class='ocrx_word' id='word_1_314' title='bbox 869 1909 878 1923; x_wconf 90' lang='lat'>,</span> <span class='ocrx_word' id='word_1_315' title='bbox 905 1880 959 1914; x_wconf 86' lang='lat' dir='ltr'>vel</span> <span class='ocrx_word' id='word_1_316' title='bbox 983 1881 1102 1928; x_wconf 87' lang='lat' dir='ltr'>aliquid</span> <span class='ocrx_word' id='word_1_317' title='bbox 1120 1880 1249 1915; x_wconf 81' lang='lat' dir='ltr'>sumitur</span> <span class='ocrx_word' id='word_1_318' title='bbox 1270 1894 1326 1930; x_wconf 89' lang='lat' dir='ltr'>pro</span> <span class='ocrx_word' id='word_1_319' title='bbox 1344 1883 1454 1931; x_wconf 83' lang='lat' dir='ltr'>aliquo</span> <span class='ocrx_word' id='word_1_320' title='bbox 1469 1896 1474 1908; x_wconf 70' lang='lat'><strong>³</strong></span> 
     </span>
     <span class='ocr_line' id='line_1_33' title="bbox 73 1926 1516 1979; baseline 0.001 -16"><span class='ocrx_word' id='word_1_321' title='bbox 73 1939 167 1971; x_wconf 86' lang='lat' dir='ltr'>ente,</span> <span class='ocrx_word' id='word_1_322' title='bbox 186 1927 248 1962; x_wconf 87' lang='lat' dir='ltr'>five</span> <span class='ocrx_word' id='word_1_323' title='bbox 263 1926 431 1962; x_wconf 74' lang='lat' dir='ltr'>substantia</span> <span class='ocrx_word' id='word_1_324' title='bbox 444 1926 501 1970; x_wconf 82' lang='lat' dir='ltr'>fit,</span> <span class='ocrx_word' id='word_1_325' title='bbox 525 1940 580 1961; x_wconf 88' lang='lat' dir='ltr'>aut</span> <span class='ocrx_word' id='word_1_326' title='bbox 597 1928 762 1963; x_wconf 75' lang='lat' dir='ltr'>accidens:</span> <span class='ocrx_word' id='word_1_327' title='bbox 781 1926 882 1974; x_wconf 80' lang='lat' dir='ltr'>sicque</span> <span class='ocrx_word' id='word_1_328' title='bbox 897 1941 945 1962; x_wconf 88' lang='lat' dir='ltr'>res</span> <span class='ocrx_word' id='word_1_329' title='bbox 964 1958 974 1972; x_wconf 86' lang='lat'>,</span> <span class='ocrx_word' id='word_1_330' title='bbox 998 1935 1031 1966; x_wconf 89' lang='lat'>&amp;</span> <span class='ocrx_word' id='word_1_331' title='bbox 1045 1929 1167 1976; x_wconf 86' lang='lat' dir='ltr'>aliquid</span> <span class='ocrx_word' id='word_1_332' title='bbox 1187 1931 1271 1964; x_wconf 89' lang='lat' dir='ltr'>inter</span> <span class='ocrx_word' id='word_1_333' title='bbox 1287 1933 1473 1979; x_wconf 70' lang='lat' dir='ltr'>praedicata·</span> <span class='ocrx_word' id='word_1_334' title='bbox 1510 1964 1516 1968; x_wconf 81' lang='grc'><strong>,</strong></span> 
     </span>
     <span class='ocr_line' id='line_1_34' title="bbox 73 1975 1472 2027; baseline 0.004 -16"><span class='ocrx_word' id='word_1_335' title='bbox 73 1989 142 2024; x_wconf 84' lang='lat' dir='ltr'>quae</span> <span class='ocrx_word' id='word_1_336' title='bbox 161 1975 415 2012; x_wconf 78' lang='lat' dir='ltr'>transcendentia</span> <span class='ocrx_word' id='word_1_337' title='bbox 430 1977 596 2020; x_wconf 76' lang='lat' dir='ltr'>dicuntur,</span> <span class='ocrx_word' id='word_1_338' title='bbox 612 1977 701 2024; x_wconf 85' lang='lat' dir='ltr'>quod</span> <span class='ocrx_word' id='word_1_339' title='bbox 712 1978 824 2012; x_wconf 78' lang='lat' dir='ltr'>omnia</span> <span class='ocrx_word' id='word_1_340' title='bbox 833 1977 1073 2022; x_wconf 75' lang='lat' dir='ltr'>transcendant,</span> <span class='ocrx_word' id='word_1_341' title='bbox 1088 1984 1122 2016; x_wconf 90' lang='lat'>&amp;</span> <span class='ocrx_word' id='word_1_342' title='bbox 1135 1977 1286 2027; x_wconf 84' lang='lat' dir='ltr'>superent</span> <span class='ocrx_word' id='word_1_343' title='bbox 1296 1980 1453 2016; x_wconf 79' lang='lat' dir='ltr'>attributa</span> <span class='ocrx_word' id='word_1_344' title='bbox 1467 1993 1472 2008; x_wconf 50' lang='grc' dir='ltr'><em>ι</em></span> 
     </span>
     <span class='ocr_line' id='line_1_35' title="bbox 72 2024 1182 2075; baseline -0.003 -15"><span class='ocrx_word' id='word_1_345' title='bbox 72 2038 110 2060; x_wconf 93' lang='lat' dir='ltr'>ac</span> <span class='ocrx_word' id='word_1_346' title='bbox 125 2024 270 2061; x_wconf 80' lang='lat' dir='ltr'>latiffime</span> <span class='ocrx_word' id='word_1_347' title='bbox 299 2035 450 2074; x_wconf 59' lang='lat' dir='ltr'>pateantg</span> <span class='ocrx_word' id='word_1_348' title='bbox 474 2037 709 2061; x_wconf 66' lang='lat' dir='ltr'>numerantur.›</span> <span class='ocrx_word' id='word_1_349' title='bbox 1173 2071 1182 2075; x_wconf 32' lang='grc' dir='ltr'><strong><em>Δ</em></strong></span> 
     </span>
    </p>

    <p class='ocr_par' dir='ltr' id='par_1_10' title="bbox 73 2074 1471 2370">
     <span class='ocr_line' id='line_1_36' title="bbox 108 2074 1471 2124; baseline 0.002 -13"><span class='ocrx_word' id='word_1_350' title='bbox 108 2090 135 2112; x_wconf 85' lang='lat'>2.</span> <span class='ocrx_word' id='word_1_351' title='bbox 145 2078 206 2110; x_wconf 86' lang='lat' dir='ltr'>Ens</span> <span class='ocrx_word' id='word_1_352' title='bbox 218 2087 284 2109; x_wconf 90' lang='lat' dir='ltr'>non</span> <span class='ocrx_word' id='word_1_353' title='bbox 301 2077 433 2109; x_wconf 81' lang='lat' dir='ltr'>rationis</span> <span class='ocrx_word' id='word_1_354' title='bbox 447 2104 456 2117; x_wconf 92' lang='lat'>,</span> <span class='ocrx_word' id='word_1_355' title='bbox 478 2074 527 2109; x_wconf 78' lang='lat' dir='ltr'>sed</span> <span class='ocrx_word' id='word_1_356' title='bbox 539 2076 624 2109; x_wconf 85' lang='lat' dir='ltr'>reale</span> <span class='ocrx_word' id='word_1_357' title='bbox 639 2074 786 2110; x_wconf 88' lang='lat' dir='ltr'>hocloco</span> <span class='ocrx_word' id='word_1_358' title='bbox 809 2078 982 2124; x_wconf 83' lang='lat' dir='ltr'>accipimus</span> <span class='ocrx_word' id='word_1_359' title='bbox 1005 2089 1012 2112; x_wconf 92' lang='lat'>:</span> <span class='ocrx_word' id='word_1_360' title='bbox 1039 2075 1242 2113; x_wconf 61' lang='lat' dir='ltr'>tametsi&#39;non</span> <span class='ocrx_word' id='word_1_361' title='bbox 1271 2091 1336 2112; x_wconf 89' lang='lat' dir='ltr'>uno</span> <span class='ocrx_word' id='word_1_362' title='bbox 1351 2079 1450 2114; x_wconf 85' lang='lat' dir='ltr'>modo</span> <span class='ocrx_word' id='word_1_363' title='bbox 1467 2092 1471 2105; x_wconf 71' lang='lat'>³</span> 
     </span>
     <span class='ocr_line' id='line_1_37' title="bbox 73 2123 1470 2172; baseline 0.003 -14"><span class='ocrx_word' id='word_1_364' title='bbox 73 2136 127 2158; x_wconf 87' lang='lat' dir='ltr'>ens</span> <span class='ocrx_word' id='word_1_365' title='bbox 140 2123 226 2158; x_wconf 87' lang='lat' dir='ltr'>reale</span> <span class='ocrx_word' id='word_1_366' title='bbox 238 2123 409 2171; x_wconf 80' lang='lat' dir='ltr'>ufiirpatur.</span> <span class='ocrx_word' id='word_1_367' title='bbox 424 2124 523 2159; x_wconf 20' lang='lat' dir='ltr'>*Aliud</span> <span class='ocrx_word' id='word_1_368' title='bbox 537 2124 583 2158; x_wconf 85' lang='lat' dir='ltr'>est</span> <span class='ocrx_word' id='word_1_369' title='bbox 597 2126 685 2158; x_wconf 87' lang='lat' dir='ltr'>enim</span> <span class='ocrx_word' id='word_1_370' title='bbox 704 2123 868 2172; x_wconf 82' lang='lat' dir='ltr'>Phylicuin</span> <span class='ocrx_word' id='word_1_371' title='bbox 887 2155 895 2168; x_wconf 88' lang='lat'>,</span> <span class='ocrx_word' id='word_1_372' title='bbox 912 2127 942 2159; x_wconf 85' lang='lat' dir='ltr'>in</span> <span class='ocrx_word' id='word_1_373' title='bbox 959 2125 1072 2160; x_wconf 87' lang='lat' dir='ltr'>ordine</span> <span class='ocrx_word' id='word_1_374' title='bbox 1081 2126 1234 2160; x_wconf 82' lang='lat' dir='ltr'>videlicet</span> <span class='ocrx_word' id='word_1_375' title='bbox 1253 2126 1291 2159; x_wconf 89' lang='lat' dir='ltr'>ad</span> <span class='ocrx_word' id='word_1_376' title='bbox 1312 2128 1451 2162; x_wconf 75' lang='lat' dir='ltr'>existen-</span> <span class='ocrx_word' id='word_1_377' title='bbox 1467 2151 1470 2154; x_wconf 86' lang='lat'><em>-</em></span> 
     </span>
     <span class='ocr_line' id='line_1_38' title="bbox 75 2171 1470 2218; baseline 0.004 -12"><span class='ocrx_word' id='word_1_378' title='bbox 75 2174 154 2206; x_wconf 73' lang='lat' dir='ltr'>tiam</span> <span class='ocrx_word' id='word_1_379' title='bbox 172 2188 179 2207; x_wconf 87' lang='lat'>;</span> <span class='ocrx_word' id='word_1_380' title='bbox 201 2171 287 2205; x_wconf 87' lang='lat' dir='ltr'>aliud</span> <span class='ocrx_word' id='word_1_381' title='bbox 303 2174 474 2218; x_wconf 60' lang='lat' dir='ltr'>Logicuim</span> <span class='ocrx_word' id='word_1_382' title='bbox 498 2175 530 2207; x_wconf 85' lang='lat' dir='ltr'>iii</span> <span class='ocrx_word' id='word_1_383' title='bbox 547 2173 661 2207; x_wconf 83' lang='lat' dir='ltr'>ordine</span> <span class='ocrx_word' id='word_1_384' title='bbox 674 2173 878 2207; x_wconf 79' lang='lat' dir='ltr'>adhumanas</span> <span class='ocrx_word' id='word_1_385' title='bbox 891 2174 1035 2209; x_wconf 86' lang='lat' dir='ltr'>scientias</span> <span class='ocrx_word' id='word_1_386' title='bbox 1050 2192 1058 2217; x_wconf 79' lang='lat'>3</span> <span class='ocrx_word' id='word_1_387' title='bbox 1078 2175 1162 2209; x_wconf 88' lang='lat' dir='ltr'>aliud</span> <span class='ocrx_word' id='word_1_388' title='bbox 1175 2174 1304 2209; x_wconf 81' lang='lat' dir='ltr'>Morale</span> <span class='ocrx_word' id='word_1_389' title='bbox 1320 2202 1329 2217; x_wconf 93' lang='lat'>,</span> <span class='ocrx_word' id='word_1_390' title='bbox 1347 2178 1380 2210; x_wconf 88' lang='lat' dir='ltr'>in</span> <span class='ocrx_word' id='word_1_391' title='bbox 1397 2190 1451 2211; x_wconf 84' lang='lat' dir='ltr'>or-</span> <span class='ocrx_word' id='word_1_392' title='bbox 1467 2200 1470 2202; x_wconf 39' lang='lat' dir='ltr'>v</span> 
     </span>
     <span class='ocr_line' id='line_1_39' title="bbox 75 2221 1451 2271; baseline 0.005 -17"><span class='ocrx_word' id='word_1_393' title='bbox 75 2221 197 2254; x_wconf 84' lang='lat' dir='ltr'>dinead</span> <span class='ocrx_word' id='word_1_394' title='bbox 215 2222 336 2256; x_wconf 52' lang='lat' dir='ltr'>redi-«m</span> <span class='ocrx_word' id='word_1_395' title='bbox 356 2221 526 2257; x_wconf 74' lang='lat' dir='ltr'>hominum</span> <span class='ocrx_word' id='word_1_396' title='bbox 539 2221 811 2257; x_wconf 64' lang='lat' dir='ltr'>existimationem</span> <span class='ocrx_word' id='word_1_397' title='bbox 829 2239 836 2264; x_wconf 80' lang='lat'>3</span> <span class='ocrx_word' id='word_1_398' title='bbox 852 2223 939 2257; x_wconf 80' lang='lat' dir='ltr'>alind</span> <span class='ocrx_word' id='word_1_399' title='bbox 966 2223 1257 2264; x_wconf 59' lang='lat' dir='ltr'>Mmhem-uicum,</span> <span class='ocrx_word' id='word_1_400' title='bbox 1276 2224 1451 2271; x_wconf 82' lang='lat' dir='ltr'>cujulinodi</span> 
     </span>
     <span class='ocr_line' id='line_1_40' title="bbox 73 2269 1468 2318; baseline 0.005 -16"><span class='ocrx_word' id='word_1_401' title='bbox 73 2269 144 2304; x_wconf 89' lang='lat' dir='ltr'>sunt</span> <span class='ocrx_word' id='word_1_402' title='bbox 161 2270 251 2303; x_wconf 77' lang='lat' dir='ltr'>variae</span> <span class='ocrx_word' id='word_1_403' title='bbox 261 2273 480 2315; x_wconf 72' lang='lat' dir='ltr'>proportiones</span> <span class='ocrx_word' id='word_1_404' title='bbox 493 2269 663 2317; x_wconf 75' lang='lat' dir='ltr'>figurarum</span> <span class='ocrx_word' id='word_1_405' title='bbox 680 2286 687 2305; x_wconf 68' lang='grc' dir='ltr'><strong><em>ς</em></strong></span> <span class='ocrx_word' id='word_1_406' title='bbox 706 2271 792 2304; x_wconf 81' lang='lat' dir='ltr'>aliud</span> <span class='ocrx_word' id='word_1_407' title='bbox 806 2270 1063 2318; x_wconf 83' lang='lat' dir='ltr'>Metaphyficum</span> <span class='ocrx_word' id='word_1_408' title='bbox 1074 2300 1083 2314; x_wconf 84' lang='lat'>‚</span> <span class='ocrx_word' id='word_1_409' title='bbox 1114 2271 1214 2318; x_wconf 82' lang='lat' dir='ltr'>qualis</span> <span class='ocrx_word' id='word_1_410' title='bbox 1230 2272 1273 2306; x_wconf 89' lang='lat' dir='ltr'>est</span> <span class='ocrx_word' id='word_1_411' title='bbox 1296 2275 1377 2308; x_wconf 87' lang='lat' dir='ltr'>ratio</span> <span class='ocrx_word' id='word_1_412' title='bbox 1390 2287 1450 2310; x_wconf 85' lang='lat' dir='ltr'>en-</span> <span class='ocrx_word' id='word_1_413' title='bbox 1465 2298 1468 2299; x_wconf 30' lang='grc' dir='ltr'><em>ν</em></span> 
     </span>
     <span class='ocr_line' id='line_1_41' title="bbox 75 2315 1448 2370; baseline 0.005 -20"><span class='ocrx_word' id='word_1_414' title='bbox 75 2320 114 2353; x_wconf 86' lang='lat' dir='ltr'>tis</span> <span class='ocrx_word' id='word_1_415' title='bbox 126 2316 167 2351; x_wconf 83' lang='lat' dir='ltr'>ab</span> <span class='ocrx_word' id='word_1_416' title='bbox 181 2315 332 2352; x_wconf 83' lang='lat' dir='ltr'>omnibus</span> <span class='ocrx_word' id='word_1_417' title='bbox 354 2317 507 2355; x_wconf 47' lang='lat' dir='ltr'>abstracti.</span> <span class='ocrx_word' id='word_1_418' title='bbox 532 2321 613 2366; x_wconf 76' lang='lat' dir='ltr'>Qae</span> <span class='ocrx_word' id='word_1_419' title='bbox 628 2322 714 2353; x_wconf 79' lang='lat' dir='ltr'>entia</span> <span class='ocrx_word' id='word_1_420' title='bbox 740 2319 791 2353; x_wconf 79' lang='lat' dir='ltr'>suo</span> <span class='ocrx_word' id='word_1_421' title='bbox 814 2320 944 2365; x_wconf 80' lang='lat' dir='ltr'>quidem</span> <span class='ocrx_word' id='word_1_422' title='bbox 963 2321 1062 2354; x_wconf 82' lang='lat' dir='ltr'>niodo</span> <span class='ocrx_word' id='word_1_423' title='bbox 1074 2320 1229 2363; x_wconf 78' lang='lat' dir='ltr'>existunt,</span> <span class='ocrx_word' id='word_1_424' title='bbox 1247 2332 1302 2355; x_wconf 83' lang='lat' dir='ltr'>aut</span> <span class='ocrx_word' id='word_1_425' title='bbox 1325 2320 1448 2370; x_wconf 75' lang='lat' dir='ltr'>logice,</span> 
     </span>
    </p>
   </div>
   <div class='ocr_carea' id='block_1_7' title="bbox 75 2365 1466 2453">
    <p class='ocr_par' dir='ltr' id='par_1_11' title="bbox 75 2365 1466 2453">
     <span class='ocr_line' id='line_1_42' title="bbox 75 2365 1466 2419; baseline 0.004 -18"><span class='ocrx_word' id='word_1_426' title='bbox 75 2377 129 2401; x_wconf 82' lang='lat' dir='ltr'>aut</span> <span class='ocrx_word' id='word_1_427' title='bbox 144 2365 320 2401; x_wconf 67' lang='lat' dir='ltr'>moraliter,</span> <span class='ocrx_word' id='word_1_428' title='bbox 332 2378 383 2400; x_wconf 73' lang='lat' dir='ltr'>aut</span> <span class='ocrx_word' id='word_1_429' title='bbox 394 2368 622 2403; x_wconf 72' lang='lat' dir='ltr'>mathematice</span> <span class='ocrx_word' id='word_1_430' title='bbox 631 2397 642 2411; x_wconf 85' lang='lat'>,</span> <span class='ocrx_word' id='word_1_431' title='bbox 657 2369 720 2404; x_wconf 83' lang='lat' dir='ltr'>hoc</span> <span class='ocrx_word' id='word_1_432' title='bbox 730 2369 789 2412; x_wconf 83' lang='lat' dir='ltr'>cst,</span> <span class='ocrx_word' id='word_1_433' title='bbox 810 2370 943 2415; x_wconf 85' lang='lat' dir='ltr'>perinde</span> <span class='ocrx_word' id='word_1_434' title='bbox 957 2368 986 2403; x_wconf 84' lang='lat' dir='ltr'>se</span> <span class='ocrx_word' id='word_1_435' title='bbox 996 2367 1120 2406; x_wconf 80' lang='lat' dir='ltr'>habent</span> <span class='ocrx_word' id='word_1_436' title='bbox 1134 2371 1165 2404; x_wconf 88' lang='lat' dir='ltr'>in</span> <span class='ocrx_word' id='word_1_437' title='bbox 1182 2369 1295 2403; x_wconf 85' lang='lat' dir='ltr'>ordine</span> <span class='ocrx_word' id='word_1_438' title='bbox 1308 2384 1337 2405; x_wconf 76' lang='lat' dir='ltr'>v·</span> <span class='ocrx_word' id='word_1_439' title='bbox 1350 2384 1394 2419; x_wconf 83' lang='lat' dir='ltr'>gr.</span> <span class='ocrx_word' id='word_1_440' title='bbox 1406 2374 1449 2406; x_wconf 75' lang='lat' dir='ltr'>ad</span> <span class='ocrx_word' id='word_1_441' title='bbox 1464 2399 1466 2401; x_wconf 89' lang='lat'>.</span> 
     </span>
     <span class='ocr_line' id='line_1_43' title="bbox 238 2414 1288 2453; baseline 0.007 -7"><span class='ocrx_word' id='word_1_442' title='bbox 238 2414 327 2450; x_wconf 75' lang='lat' dir='ltr'>Tem,</span> <span class='ocrx_word' id='word_1_443' title='bbox 351 2415 397 2446; x_wconf 70' lang='lat' dir='ltr'>L&#39;-</span> <span class='ocrx_word' id='word_1_444' title='bbox 1189 2419 1255 2453; x_wconf 89' lang='lat' dir='ltr'>Nn</span> <span class='ocrx_word' id='word_1_445' title='bbox 1268 2430 1288 2453; x_wconf 82' lang='lat' dir='ltr'>n</span> 
     </span>
    </p>
   </div>
  </div>
 </body>
</html>
