1857 2745
485 131 898 169 TRACTATUS
939 134 1184 173 TERTIUS.
1489 143 1538 170 6-

161 182 275 217 belluae
291 182 458 229 praestant,
474 180 526 215 sed
538 183 637 215 etiam
647 182 828 216 innumeras
839 193 1043 218 numerorum
1058 187 1198 218 rationes
1216 188 1247 219 δέ
1259 186 1474 232 proprietates
1489 153 1538 219 uiff

159 230 347 279 telligentiae
364 232 397 265 vi
409 228 626 278 persequimur
637 257 646 272 ‚
665 229 738 263 huic
750 241 835 276 equo
852 243 920 265 non
933 235 1101 268 convenit.
1118 235 1223 268 Notas
1243 232 1360 278 quibus
1370 245 1537 268 numerare

160 277 315 322 solemus,
330 290 398 313 turn
413 281 578 313 Romanas
591 307 600 321 ‚
616 289 684 312 tum
698 277 850 312 Arabicas
860 278 1034 314 discernere
1044 283 1068 314 is
1080 282 1208 316 videtur
1218 309 1227 323 ,
1243 286 1275 317 &
1290 281 1453 328 colligere.
1471 284 1534 316 Sed

160 339 212 362 eas
227 341 286 363 nee
299 326 528 375 multiplicabit
543 355 552 369 ‚
571 339 632 361 nec
649 327 791 369 dividet,
809 339 870 361 nec
894 329 1037 363 radicem
1057 343 1088 364 v.
1107 342 1154 378 gr.
1168 334 1293 365 numeri
1316 331 1461 376 quadrati
1476 344 1535 364 un„

159 389 255 423 quam
273 375 432 412 extrahet.
449 378 528 411 Uno
541 373 643 409 verbo
654 387 823 410 numerum
838 375 939 423 ipsum
948 375 1140 412 abstractum
1153 392 1218 413 non
1236 381 1383 426 percipit,
1401 377 1450 412 sed
1462 391 1533 412 ›me-

159 425 261 459 moria
273 424 358 459 forte
369 427 485 459 retinet
499 423 642 472 aliquam
652 436 855 459 numerorum
864 424 1039 468 summam,
1060 438 1173 461 eorum
1191 427 1389 462 charaeteres
1411 429 1468 473 qui
1484 440 1535 461 ce-

158 472 254 508 rebro
275 474 374 521 longo
388 473 439 507 usu
451 502 460 515 ,
474 478 507 509 &
518 473 636 508 crebris
647 471 837 508 verberibus
851 473 916 509 alte
932 473 999 509 sunt
1013 474 1294 524 impreffi,scernit,
1306 476 1357 510 sed
1375 478 1534 511 rationem

158 520 257 569 ipsam
280 534 345 558 non
364 523 506 571 attingit.

158 617 1537 663 ωίῧῇἄῦῶῆἕῇωοᾶἵῶψᾶἵῇὥὶῖᾶἵῇίῶῑῖἄῖῶ

569 714 607 751 Α
631 710 659 750 Ρ
684 709 712 749 Ρ
737 709 768 749 E
792 710 835 752 N
865 712 906 752 D
930 713 947 751 1
970 714 1024 753 X.

483 816 539 848 De
554 808 746 860 existentia
764 807 808 852 ὠ
830 822 954 850 natura
982 811 1208 864 Angelorum.

155 908 307 995 HOc
317 911 448 949 brevior
461 913 501 948 de
512 913 642 962 Angelis
665 915 815 950 tractatio
827 914 934 951 futura
945 913 992 947 est
1001 943 1011 957 ,
1023 916 1110 960 quod
1127 916 1168 950 ad
1185 915 1405 965 Theologiam
1432 920 1532 964 magis

255 973 351 1009 quam
366 963 406 996 :id
427 961 665 998 Philosmhiam
686 965 844 1010 pertineat
856 992 867 1007 ,
892 977 929 999 ac
941 975 1097 1011 perpauca
1117 965 1158 999 de
1171 967 1209 998 iis
1226 964 1320 1000 nobis
1334 964 1394 1001 sint
1405 964 1533 1014 perspe-

157 1011 209 1044 ἀεὶ
225 1041 235 1056 ‚
249 1022 386 1057 quaeque
399 1010 439 1044 de
453 1011 503 1046 his
513 977 660 1059 disputari
671 1011 774 1046 solent
787 1041 796 1055 ,
816 1009 848 1047 in
860 1012 1050 1061 conjecturis
1062 1011 1121 1048 {int
1139 1012 1249 1061 polita.

160 1074 163 1076 >
192 1059 334 1107 Angelos
352 1059 484 1106 quidem
497 1061 628 1094 existere
650 1059 738 1094 sacrae
757 1060 915 1108 scripturae
925 1061 1142 1104 authoritate,
1160 1064 1305 1096 omnium
1319 1066 1404 1109 pene
1425 1064 1532 1097 natio-

154 1119 231 1142 num
246 1113 278 1144 δε
288 1119 419 1142 :etatum
430 1108 578 1143 consensu
588 1107 743 1143 habemus
760 1109 962 1158 exploratum
970 1123 1029 1153 ‚eos
1040 1110 1093 1155 effe
1100 1109 1381 1154 administratorios
1379 1111 1529 1158 spiritus,

152 1166 286 1203 propter
307 1169 353 1189 eos
375 1159 432 1202 qui
453 1158 581 1204 capiunt
601 1158 938 1203 haerediiatemsalutis
955 1169 1066 1191 aeternae
1080 1186 1089 1197 ,
1112 1159 1209 1193 docet
1236 1158 1417 1205 Apostolus.
1439 1159 1533 1192 Adeo

156 1215 192 1238 ut
202 1218 264 1239 vox
275 1204 329 1238 illa
343 1233 352 1247 ‚
362 1205 523 1252 Angelus,
550 1205 586 1240 fit
604 1204 702 1240 officii
719 1218 842 1242 nomen
852 1208 957 1254 potius
970 1218 1066 1253 quam
1080 1218 1200 1241 naturae
1210 1234 1219 1249 ,
1236 1211 1269 1241 ὃ(
1281 1205 1425 1255 Angelus
1447 1206 1532 1241 idem

154 1250 190 1287 fit
201 1265 239 1286 ac
251 1255 379 1288 nuntius
393 1282 402 1296 ,
425 1264 478 1286 aut
489 1251 603 1289 musas.

159 1331 164 1335 ,
202 1303 283 1336 Tres
297 1302 411 1336 itidem
427 1301 486 1336 effe
498 1302 694 1350 Angelorum
704 1302 894 1336 hierarchias
908 1331 917 1345 ‚
934 1314 971 1336 ac
986 1314 1108 1336 novem
1122 1302 1251 1336 ordines
1263 1314 1305 1337 ex
1317 1301 1476 1350 scripturis
1487 1303 1535 1338 sa-

154 1351 213 1383 cris
231 1349 327 1384 docet
341 1351 371 1384 S.
385 1349 567 1398 Dionysius.
585 1350 725 1397 Reliqua
739 1363 809 1397 quae
823 1351 862 1384 de
880 1353 1066 1397 cognitione
1083 1356 1115 1387 &
1142 1351 1308 1385 locutione
1335 1351 1533 1399 Angelorum

154 1396 311 1446 disputare
331 1396 451 1440 solent,
463 1411 517 1433 aut
531 1400 697 1446 quomodo
716 1401 798 1433 inter
817 1398 847 1433 se
861 1396 1106 1452 distinguantur,
1119 1411 1184 1446 qua
1197 1401 1324 1434 ratione
1339 1398 1396 1433 fint
1407 1402 1439 1433 in
1450 1400 1536 1443 loco,

153 1458 208 1481 aut
232 1458 425 1482 moveantur
438 1475 447 1489 ‚
461 1450 513 1481 vix
526 1446 703 1481 levioribus
721 1449 912 1494 conjeffluris
926 1448 1041 1494 assequi
1059 1446 1228 1495 polsumus,
1249 1448 1296 1481 Ac
1318 1446 1450 1482 subinde
1469 1451 1532 1483 mi-

153 1505 205 1528 ror
222 1495 389 1542 plerosque
400 1494 610 1544 Pliilosophos
625 1508 690 1531 tam
707 1495 906 1531 confidenter
916 1497 980 1531 haec
999 1497 1190 1532 decernere:
1206 1508 1279 1531 cum
1295 1498 1349 1531 vix
1369 1496 1529 1545 explicare

153 1543 268 1591 poffint
284 1543 469 1580 sensuum&
485 1547 599 1579 mentis
612 1545 728 1579 nrt-sttae
751 1547 970 1593 cognitionem
991 1573 1000 1588 ,
1018 1557 1114 1591 quam
1136 1557 1243 1579 tamen
1264 1547 1296 1579 in
1316 1543 1410 1579 nobis
1434 1558 1533 1594 expe-

153 1593 250 1626 rimur
264 1622 273 1635 ,
291 1598 418 1639 &cujus
433 1591 537 1627 sumus
553 1593 678 1628 conscii.
694 1595 877 1640 Qomodo
891 1595 988 1641 igitur
1002 1594 1033 1627 id
1060 1592 1155 1627 nobis
1179 1592 1377 1641 perspedhim
1394 1591 1455 1628 effe
1473 1607 1532 1642 po-

155 1643 248 1683 terit,
266 1639 427 1689 quousque
438 1653 547 1689 pateat
563 1641 761 1690 Angelorum
772 1645 918 1690 cognitio
935 1671 944 1684 ,
955 1653 1009 1676 aut
1026 1642 1194 1688 quomodo
1203 1642 1257 1675 alii
1268 1641 1348 1675 alios
1364 1643 1529 1687 irradient,

153 1693 186 1725 &
201 1689 263 1724 alia
278 1695 343 1736 ejus
354 1692 477 1738 generis
489 1690 629 1738 plurima
649 1703 718 1738 quae
735 1689 878 1725 consulto
894 1692 1071 1725 omittimus
1088 1719 1096 1733 ‚
1110 1692 1187 1737 quia
1208 1691 1248 1724 de
1264 1691 1299 1724 iis
1323 1690 1402 1725 nihil
1428 1694 1506 1725 certi
1519 1720 1529 1735 ‚

153 1737 232 1772 nihil
244 1739 401 1786 explorati
420 1738 587 1776 habemus.
605 1740 684 1789 ΦΕ
698 1738 767 1774 sunt
781 1742 881 1788 magis
898 1739 1076 1787 explorata,
1095 1738 1237 1773 breviter
1249 1741 1456 1787 attingamus,

162 1818 166 1820 ,
184 1785 266 1820 Illud
276 1789 390 1834 itaque
401 1799 523 1822 certum
541 1790 583 1822 est
593 1791 712 1835 primo,
730 1788 872 1836 Angelos
887 1789 1028 1823 existere.
1055 1790 1129 1822 Hoc
1146 1787 1237 1822 mille
1251 1789 1415 1835 Scripturae
1440 1787 1530 1822 testi-

154 1837 265 1870 monia
280 1835 472 1872 confirmant
487 1839 587 1872 :ra-tio
597 1836 661 1884 ipsa
675 1842 710 1874 &
724 1839 927 1883 experientia
939 1836 1073 1871 siminus
1089 1835 1466 1884 persuadent‚plurirnum
1480 1837 1530 1871 vi-

154 1884 267 1918 dentur
278 1882 417 1920 suadere.
453 1889 535 1932 Qae
553 1887 640 1921 enim
654 1884 736 1920 fiunt
749 1884 791 1919 ab
808 1887 1030 1934 energumenis
1046 1913 1055 1928 ,
1074 1897 1243 1933 magorum
1260 1886 1419 1933 praestigiae
1432 1913 1442 1927 ,
1468 1896 1527 1919 ve-

154 1943 258 1968 terum
273 1935 371 1967 etiam
385 1934 512 1968 oracula
524 1947 564 1969 nc
575 1936 629 1969 vix
646 1934 777 1981 quidem
793 1934 941 1982 explicari
953 1932 1097 1982 polsunt,
1111 1932 1168 1968 nisi
1179 1932 1363 1968 substantias
1377 1933 1526 1980 quasdam

156 1979 326 2015 invisibiles
337 2010 346 2024 ,
363 1994 440 2028 quas
456 1983 593 2030 Angelos
605 1985 738 2017 dicimus
755 2012 764 2025 ,
782 1995 838 2018 aut
851 1984 1015 2018 daemones
1028 1981 1245 2030 agnoscamus.
1269 1985 1377 2029 Atque
1396 1994 1430 2017 ut
1447 1980 1527 2016 alibi

155 2030 315 2064 innuimus
328 2059 337 2072 ‚
351 2031 381 2064 id
397 2033 499 2065 tectus
511 2033 642 2066 tationis
653 2031 721 2066 usus
732 2034 782 2066 exi
807 2034 831 2066 it
847 2031 1029 2067 utinfinitis
1048 2043 1149 2079 prope
1165 2029 1258 2066 rebus
1270 2044 1347 2078 quas
1360 2043 1397 2065 ex
1416 2031 1530 2065 homi-

155 2090 234 2112 num
251 2077 409 2114 relatione
420 2082 597 2126 accepimus
611 2109 620 2122 ‚
634 2079 732 2117 fidem
746 2046 919 2116 hssezrmrss
937 2095 945 2116 τ
960 2094 1032 2116 cum
1044 2092 1159 2128 magna
1178 2092 1248 2127 pars
1258 2082 1451 2126 cognitionis
1464 2093 1524 2113 no·

155 2126 218 2160 strae
230 2138 267 2160 ex
287 2126 347 2161 boc
365 2128 454 2162 velut
472 2128 564 2163 fonte
575 2129 726 2164 dimanet.
747 2130 946 2177 Quanquam
963 2142 1004 2164 ne
1020 2131 1055 2163 in
1066 2128 1223 2163 diversum
1236 2130 1334 2162 nimia
1354 2127 1524 2162 credulita-

158 2185 189 2208 te
205 2186 371 2221 peccemus
390 2204 399 2218 ‚
422 2178 602 2212 cavendum
622 2178 680 2212 est.
696 2178 757 2212 Sed
772 2178 852 2213 illud
867 2178 1022 2212 deformis
1035 2179 1216 2225 pertinaciae
1237 2177 1278 2210 est
1291 2188 1524 2223 argumentum,

157 2234 231 2257 cuin
253 2224 289 2255 iis
310 2235 379 2267 quae
399 2225 517 2260 oculati
532 2227 622 2261 testes
640 2225 850 2263 sanctitate&
868 2227 1013 2261 dostriua
1034 2225 1250 2273 praecellentes
1283 2224 1410 2272 publice
1438 2225 1523 2258 faeta

157 2270 312 2313 referunt,
331 2270 428 2306 fidem
440 2273 636 2310 detrahimus
649 2288 728 2316 ‚non
743 2274 803 2308 alia
815 2274 945 2323 persuasi
961 2277 1087 2309 ratione
1102 2303 1111 2316 ‚
1128 2274 1228 2315 quum
1240 2274 1326 2320 quod
1341 2272 1398 2307 sint
1417 2271 1524 2307 insoli-

159 2330 190 2353 ta
203 2347 211 2356 ,
222 2324 254 2354 δε
279 2331 388 2366 praeter
402 2321 585 2359 consuetum
600 2335 718 2358 namra?
732 2324 890 2360 ordinem.
912 2327 1021 2369 Atque
1034 2323 1117 2358 haud
1134 2321 1196 2356 scio
1210 2335 1249 2356 an
1277 2323 1449 2359 daemones,
1466 2333 1522 2356 aut

157 2379 324 2418 magorum
337 2369 501 2418 praestigiae
512 2398 520 2413 ,
533 2384 585 2407 aut
602 2375 811 2420 energumeni
829 2375 862 2408 in
871 2375 1015 2409 animum
1024 2370 1205 2418 cujusqimm
1220 2374 1328 2415 yenire
1339 2369 1524 2419 potuiffcnt,
