1857 2745
512 117 676 155 PARS
729 119 1051 157 SECUNDA.
1411 136 1463 156 1-v·

96 171 233 210 udicium
242 167 326 204 ferat
337 177 393 203 aut
410 178 536 210 verum,
547 178 603 202 aut
614 165 747 211 falsum,
766 167 820 203 nifi
839 180 996 216 quatenus
1007 181 1077 205 rem
1093 169 1248 219 percipit:
1262 170 1336 205 Nec
1352 169 1383 204 se
1399 147 1461 206 fal}

77 175 110 259 *li
136 218 385 262 animadvertit,
404 217 543 266 quandiu
568 228 678 251 manet
692 217 809 253 eadem
831 220 1020 267 perceptio,
1038 230 1095 253 aut
1110 217 1329 268 apprehensio.
1348 220 1462 267 Qare

84 268 269 317 intelle&us
283 280 350 303 non
365 267 412 302 est
427 265 612 302 indifferens
632 265 672 300 ad
687 277 800 302 verum
813 279 870 302 aut
881 267 994 303 falsum
1004 297 1015 312 ,
1027 267 1082 303 nifi
1103 279 1263 316 quatenus
1281 267 1395 304 falsum
1419 271 1473 305 in-

83 319 151 356 duit
180 317 321 367 speciem
336 319 416 353 veri.
445 318 519 353 Nec
540 317 661 350 mutari
685 315 800 351 falsum
823 321 887 366 eJ'us
905 317 1062 365 judicium
1089 318 1198 366 potest
1212 346 1221 361 ,
1251 315 1305 352 nifi
1329 330 1472 353 mutetur

79 369 173 418 prior
186 366 240 402 illa
259 368 329 402 veri
345 363 564 415 apprehenfiO.
600 365 686 399 Cum
702 376 811 401 autem
832 378 923 401 mens
940 365 983 400 ab
999 379 1039 402 eo
1057 366 1146 415 quod
1162 379 1276 402 verum
1294 366 1359 410 est,
1373 366 1477 403 semel

82 415 270 460 aberravit,
285 428 342 465 per
360 417 544 451 innumeros
559 412 840 450 verifimilitudinis
860 415 976 465 gradus
996 415 1146 465 progredi
1166 415 1289 464 potest:
1305 413 1344 449 fic
1363 427 1474 451 tamen

83 478 121 503 ut
137 464 307 502 verisimile
317 478 384 500 non
401 464 525 500 deserat
538 463 594 500 nisi
607 475 740 513 propter
755 464 878 512 aliquid
898 463 1109 501 verisimilius.
1138 466 1248 512 Atque
1270 461 1326 498 ubi
1354 464 1472 500 claram

82 517 130 550 tei
137 517 291 551 notitiam
303 514 348 549 est
361 512 574 563 affectita,jam
591 513 698 549 nullus
709 514 755 549 est
772 512 996 550 indifferentiae
1013 513 1102 549 locus
1117 525 1243 561 ,neque
1256 511 1276 547 ὲι
1292 524 1372 547 vero
1385 514 1471 548 clare

83 564 253 602 intelle-eto
267 564 374 612 potest
396 563 567 600 discedere.

116 615 168 650 *Ex
181 612 298 661 quibus
307 613 340 648 id
355 610 515 658 efficitur,
530 611 702 648 falsitatem
715 624 849 649 omnem
867 624 907 647 ex
926 614 1030 660 prima
1053 617 1087 650 &
1106 610 1240 660 fimplici
1266 613 1386 646 mentis
1402 623 1475 660 per-

84 665 236 711 ceptione
248 662 494 709 quodammodo
509 661 669 711 profluere
683 676 691 698 ε
714 660 838 697 tametfi
849 663 949 697 etiam
964 664 1127 710 appetitus
1142 661 1207 710 ipse
1220 690 1229 705 ‚
1249 665 1282 697 δ(
1301 659 1386 695 illius
1404 673 1478 709 per,

79 711 286 747 turbationes
309 723 425 760 magna
438 724 481 747 ex
496 723 586 760 parte
596 710 665 746 sunt
673 723 818 745 errorum
830 710 927 745 causae
937 740 947 754 ‚
966 723 1040 746 cum
1052 713 1205 746 notiones
1223 709 1342 746 nostras
1357 708 1478 745 obscu-

86 765 205 803 rant,&
220 759 375 808 judicium
398 772 498 794 omne
511 759 701 808 perturbant
718 787 729 802 ‚
759 759 984 795 vehementius
1001 771 1137 808 quoque
1163 771 1222 794 nos
1239 771 1451 795 commovent
1466 777 1475 802 3

78 821 218 857 -quaeque
227 819 281 842 aut
290 820 368 842 vera
387 807 456 844 sunt
467 819 524 844 aut
535 807 622 843 bona
634 837 644 852 ,
654 820 716 857 prae
730 806 873 856 paffione
890 808 1000 856 aliqua
1017 822 1084 845 non
1094 808 1292 844 attendimus
1303 837 1313 851 ,
1323 820 1379 843 aut
1397 821 1475 844 con-

86 860 272 893 temnimus.
290 857 371 904 Qo
387 857 520 905 quidem
539 857 641 893 modo
658 857 822 892 conciliari
849 855 979 905 poffunt
994 860 1192 893 recentiores
1207 856 1376 901 nonnulli,
1392 870 1477 905 quo-

83 919 156 944 rum
169 907 227 942 alii
253 919 388 942 omnem
407 905 581 941 falfitatem
593 905 614 942 ὲ
628 906 801 941 voluntate
819 933 830 948 ,
849 906 903 940 alii
922 906 943 942 ὲ
955 906 1010 942 fim
1037 906 1090 941 lici
1104 909 1316 955 perceptione
1335 907 1478 943 ducunt:

85 967 256 1003 utrumque
265 957 371 998 enim,
389 954 410 990 fi
431 954 517 990 bene
536 954 757 1003 intelligatur,
784 965 896 990 verum
911 955 973 991 est.
998 920 1082 990 Illud
1104 966 1214 990 autern
1230 954 1274 988 est
1296 953 1474 990 voluntatis

85 1004 269 1041 intelleetui
283 1005 444 1052 imperare
457 1033 466 1048 ,
479 1015 516 1038 ut
534 1006 650 1051 primas
676 1008 710 1040 &
725 1005 914 1051 anticipatas
931 1006 1083 1039 notiones
1108 1005 1272 1038 examinet
1288 1031 1298 1045 ,
1324 1016 1366 1038 ne
1383 1003 1471 1039 forte

85 1055 122 1088 in
137 1064 246 1087 errore
255 1051 455 1101 perseveret3
471 1051 559 1086 simul
573 1057 608 1088 &
619 1063 724 1088 motus
734 1050 898 1086 sentientis
912 1054 1075 1100 appetitus
1094 1049 1297 1098 compescere
1309 1079 1318 1093 ‚
1333 1053 1389 1098 qui
1405 1054 1476 1088 vim

85 1102 250 1150 quandam
267 1103 371 1136 menti
384 1099 539 1140 inferunt,
565 1101 629 1135 Sed
646 1101 687 1135 de
701 1102 736 1134 iis
750 1099 818 1134 fere
827 1099 915 1134 nulla
924 1101 971 1134 est
990 1097 1217 1135 controversia.
1238 1101 1274 1134 In
1288 1111 1328 1133 eo
1345 1100 1474 1136 videtur

86 1148 257 1186 difficultas
272 1179 282 1194 ,
303 1148 404 1198 fiquae
423 1148 458 1185 fit
471 1179 480 1194 ‚
503 1148 673 1184 consistere
688 1178 697 1193 ,
713 1161 823 1184 utrum
843 1147 975 1198 iimplex
1000 1147 1209 1200 apprehensio
1228 1150 1328 1185 etiam
1350 1152 1476 1186 ratione

80 1198 211 1249 *objecit-i
223 1227 235 1244 ,
248 1197 393 1236 falsitatis
412 1199 624 1247 incomplexae
634 1197 671 1234 fit
685 1210 798 1247 capax.

647 1275 752 1310 Vnica
771 1274 946 1322 Conclusio.

146 1348 320 1396 Perceptio
337 1346 467 1397 simplex
481 1359 557 1383 vera
575 1349 708 1395 quidem
719 1378 729 1393 ,
747 1349 974 1396 sednunquam
989 1347 1066 1385 falsa
1078 1347 1140 1385 effe
1158 1347 1278 1398 potest.

140 1398 247 1432 Prima
264 1408 336 1445 pars
352 1396 562 1433 conclufionis
579 1396 650 1433 satis
664 1399 708 1433 est
722 1398 974 1434 111anifestazres
986 1401 1076 1434 enim
1094 1400 1138 1434 est
1152 1409 1228 1433 veta
1242 1407 1316 1444 quae
1332 1394 1380 1430 est
1405 1406 1484 1430 con-

89 1443 207 1481 formis
224 1444 279 1480 suo
292 1444 427 1495 objecto
438 1474 448 1489 ,
471 1447 570 1493 idque
582 1459 659 1482 vere
676 1446 898 1496 repraesentat:
916 1448 980 1481 Sed
996 1445 1208 1495 apprehensio
1219 1443 1361 1493 sunplex
1373 1444 1485 1493 potest

91 1493 183 1532 suum
199 1492 367 1538 objecitum
384 1506 461 1528 vere
472 1493 718 1541 repraesentare:
736 1507 814 1543 ergo
829 1507 905 1528 vera
920 1494 981 1529 effie
998 1496 1112 1543 potest.

52 1543 55 1545 ’
129 1543 205 1576 Pars
229 1541 329 1576 altera
341 1540 549 1576 conclusionis
559 1541 727 1589 probatur,
741 1545 829 1577 Rem
847 1541 1023 1591 simplicem
1039 1543 1092 1578 vel
1105 1554 1198 1579 mens
1211 1543 1347 1576 omnino
1357 1539 1480 1576 iutelli-

119 1593 162 1627 it:
181 1591 271 1638 quod
285 1588 344 1624 ubi
359 1589 399 1626 fit
414 1618 423 1633 ‚
438 1602 476 1624 ea
486 1603 553 1625 non
570 1590 693 1626 fallitur
705 1590 775 1636 3vel
786 1590 874 1626 nullo
887 1591 988 1627 modo
999 1603 1072 1625 eam
1086 1593 1243 1640 percipit,
1258 1602 1392 1638 tumque
1405 1588 1477 1624 nul-

91 1603 161 1675 {un
174 1639 256 1674 illius
270 1638 379 1674 ideam
394 1637 516 1688 effingit
529 1666 539 1681 ,
553 1651 623 1687 quae
635 1641 754 1676 idcirco
769 1639 847 1675 falsa
864 1640 929 1675 dici
945 1653 1013 1675 non
1028 1642 1153 1688 potest:
1169 1640 1222 1675 sed
1240 1639 1329 1674 forte
1351 1639 1484 1674 alterius

93 1690 144 1724 tei
159 1688 265 1723 ideam
279 1687 417 1724 format:
437 1699 472 1722 ut
486 1701 561 1723 cum
578 1700 712 1737 cuprum
727 1688 824 1726 nobis
834 1690 1027 1738 proponitur
1050 1688 1125 1725 loco
1139 1691 1206 1725 auri
1226 1702 1234 1723 ι
1258 1688 1313 1723 vel
1341 1689 1481 1735 denique

93 1736 160 1772 alio
171 1737 273 1772 modo
288 1749 376 1772 mens
393 1736 559 1785 intelligit,
569 1750 667 1784 quam
679 1751 792 1774 revera
808 1737 844 1773 s1t
855 1767 865 1782 ,
875 1750 930 1773 aut
938 1750 981 1774 ex
991 1750 1082 1787 parte
1100 1750 1226 1774 tantum
1236 1738 1382 1785 percipit,
1399 1748 1483 1771 tum-

94 1798 158 1834 que
165 1790 231 1835 jam
247 1799 314 1821 non
324 1785 369 1820 est
381 1784 589 1834 apprehensio
609 1785 750 1837 simplex,
764 1787 817 1822 sed
834 1787 1005 1836 complexa
1019 1801 1027 1823 z
1043 1800 1100 1823 aut
1109 1787 1130 1823 si
1139 1798 1265 1836 partem
1274 1784 1399 1833 objesti
1410 1798 1482 1833 per-

93 1837 192 1883 cipit,
209 1834 272 1870 alia
286 1848 351 1869 non
365 1837 515 1883 cognita,
534 1847 575 1870 ne
588 1846 657 1872 tum
672 1838 802 1886 quidem
816 1836 881 1871 ulla
894 1839 954 1872 erit
977 1834 1095 1872 falfitas
1113 1851 1122 1874 :
1138 1847 1174 1872 ut
1191 1833 1212 1870 fi
1227 1837 1259 1869 in
1273 1834 1406 1871 bomine
1429 1847 1481 1870 ca-

96 1895 157 1934 put
173 1883 408 1932 percipio,fiue
423 1883 576 1932 pedibus,
587 1886 690 1921 nullus
710 1889 772 1921 erit
789 1884 920 1921 falsitati
939 1886 1038 1922 locus.

133 1932 289 1979 Confirm.
302 1932 445 1982 Simplex
463 1935 630 1981 perceptio
648 1935 818 1984 objestum
839 1935 929 1970 suum
945 1934 1040 1969 aliter
1057 1931 1212 1972 exhibere
1235 1946 1300 1970 non
1321 1933 1482 1981 potest‚ac

94 1993 211 2018 revera
225 1982 268 2017 est
283 1997 291 2019 ε
308 1995 384 2018 nam
393 1993 427 2017 ut
437 1981 530 2017 aliter
543 1982 576 2016 id
588 1984 759 2030 exhibeat,
773 1983 897 2020 necesse
910 1984 958 2021 est
975 1995 1011 2019 ut
1024 1982 1148 2030 aliquid
1156 1984 1186 2017 ei
1208 1983 1307 2017 addat
1320 2011 1329 2025 ‚
1347 1993 1403 2019 aut
1422 1981 1482 2017 de-

99 2030 222 2071 trahat:
236 2032 326 2080 quod
337 2032 402 2068 dici
415 2044 481 2068 non
489 2033 598 2082 potest
609 2034 649 2070 de
661 2036 869 2085 perceptione
883 2039 969 2082 cujus
980 2031 1149 2082 objestum
1160 2032 1208 2068 est
1223 2030 1364 2081 simplex.

601 2109 785 2144 Solvuntur
805 2108 854 2155 obj
860 2109 999 2144 estimes-

130 2182 217 2229 Opp.
229 2188 270 2218 ιθ.
285 2185 371 2218 Tam
388 2182 464 2219 falsa
473 2183 517 2218 est
532 2183 604 2218 idea
617 2185 741 2218 nummi
752 2185 862 2231 cuprei
872 2213 881 2227 ,
890 2185 947 2231 qui
956 2185 1029 2218 vice
1040 2184 1165 2219 nummi
1177 2182 1266 2216 aurei
1280 2183 1482 2231 proponitur,

103 2239 202 2275 quam
213 2230 290 2268 falsa
302 2233 345 2267 est
356 2233 428 2267 idea
436 2232 545 2268 baculi
561 2233 698 2268 fraCtiin
711 2245 803 2280 aqua.
821 2233 884 2267 Sed
901 2230 979 2268 falsa
999 2232 1045 2267 est
1063 2233 1230 2280 perceptio
1252 2230 1358 2266 baculi
1378 2231 1482 2273 fraffl,

104 2289 179 2311 curn
197 2279 348 2315 exhibeat
365 2295 435 2319 rem
451 2282 543 2318 aliter
561 2295 659 2330 quam
676 2280 721 2318 fit.
746 2285 830 2331 Ergo
844 2281 978 2330 simplex
994 2279 1205 2330 apprehenlio
1222 2283 1346 2316 nummi
1374 2282 1485 2329 cuprei

106 2325 184 2360 falsa
197 2339 331 2375 quoque
348 2330 454 2366 futura
474 2332 527 2368 est.

141 2375 229 2425 Resp.
249 2378 409 2415 Neutram
423 2383 552 2430 proprie
565 2381 672 2417 ideam
684 2378 744 2417 effe
757 2378 868 2417 falsam
879 2379 1005 2418 ratione
1016 2377 1071 2424 sui,
1087 2377 1138 2414 sed
1156 2391 1281 2416 tantum
1297 2377 1485 2415 exsoccasxo-
