<?xml version="1.0" encoding="UTF-8"?>
<!DOCTYPE html PUBLIC "-//W3C//DTD XHTML 1.0 Transitional//EN"
    "http://www.w3.org/TR/xhtml1/DTD/xhtml1-transitional.dtd">
<html xmlns="http://www.w3.org/1999/xhtml" xml:lang="en" lang="en">
 <head>
  <title>
</title>
<meta http-equiv="Content-Type" content="text/html;charset=utf-8" />
  <meta name='ocr-system' content='tesseract 3.04.00' />
  <meta name='ocr-capabilities' content='ocr_page ocr_carea ocr_par ocr_line ocrx_word'/>
</head>
<body>
  <div class='ocr_page' id='page_1' title='image "./philosophiavetus01duhauoft_0157.png"; bbox 0 0 1857 2745; ppageno 0'>
   <div class='ocr_carea' id='block_1_1' title="bbox 52 132 1453 1828">
    <p class='ocr_par' dir='ltr' id='par_1_1' title="bbox 57 132 1453 620">
     <span class='ocr_line' id='line_1_1' title="bbox 388 132 1436 177; baseline 0.001 -6"><span class='ocrx_word' id='word_1_1' title='bbox 388 134 457 171; x_wconf 78' lang='lat' dir='ltr'>DE</span> <span class='ocrx_word' id='word_1_2' title='bbox 504 132 1088 171; x_wconf 84' lang='lat' dir='ltr'>PRAEDICAMENTIS.</span> <span class='ocrx_word' id='word_1_3' title='bbox 1413 151 1436 177; x_wconf 67' lang='grc' dir='ltr'>ις</span> 
     </span>
     <span class='ocr_line' id='line_1_2' title="bbox 59 151 1453 232; baseline -0.005 -10"><span class='ocrx_word' id='word_1_4' title='bbox 59 196 130 222; x_wconf 78' lang='lat' dir='ltr'>rata</span> <span class='ocrx_word' id='word_1_5' title='bbox 142 201 150 228; x_wconf 84' lang='lat'>;</span> <span class='ocrx_word' id='word_1_6' title='bbox 163 194 198 218; x_wconf 89' lang='lat' dir='ltr'>ut</span> <span class='ocrx_word' id='word_1_7' title='bbox 212 185 358 231; x_wconf 80' lang='lat' dir='ltr'>potentia</span> <span class='ocrx_word' id='word_1_8' title='bbox 369 183 519 219; x_wconf 84' lang='lat' dir='ltr'>naturalis</span> <span class='ocrx_word' id='word_1_9' title='bbox 533 183 666 218; x_wconf 80' lang='lat' dir='ltr'>facultas</span> <span class='ocrx_word' id='word_1_10' title='bbox 677 183 722 216; x_wconf 88' lang='lat' dir='ltr'>est</span> <span class='ocrx_word' id='word_1_11' title='bbox 737 185 783 216; x_wconf 83' lang='lat' dir='ltr'>rei</span> <span class='ocrx_word' id='word_1_12' title='bbox 793 186 964 232; x_wconf 81' lang='lat' dir='ltr'>congenita</span> <span class='ocrx_word' id='word_1_13' title='bbox 977 199 985 220; x_wconf 89' lang='lat'><strong>:</strong></span> <span class='ocrx_word' id='word_1_14' title='bbox 998 199 1068 220; x_wconf 88' lang='lat' dir='ltr'>non</span> <span class='ocrx_word' id='word_1_15' title='bbox 1085 184 1154 220; x_wconf 79' lang='lat' dir='ltr'>satis</span> <span class='ocrx_word' id='word_1_16' title='bbox 1171 184 1274 232; x_wconf 70' lang='lat' dir='ltr'>liquet</span> <span class='ocrx_word' id='word_1_17' title='bbox 1287 183 1362 230; x_wconf 89' lang='lat' dir='ltr'>quid</span> <span class='ocrx_word' id='word_1_18' title='bbox 1375 151 1453 220; x_wconf 68' lang='lat' dir='ltr'>cau-5</span> 
     </span>
     <span class='ocr_line' id='line_1_3' title="bbox 61 230 1445 282; baseline 0 -13"><span class='ocrx_word' id='word_1_19' title='bbox 61 233 100 269; x_wconf 88' lang='lat' dir='ltr'>sae</span> <span class='ocrx_word' id='word_1_20' title='bbox 113 234 231 275; x_wconf 87' lang='lat' dir='ltr'>fuerit,</span> <span class='ocrx_word' id='word_1_21' title='bbox 249 244 303 266; x_wconf 88' lang='lat' dir='ltr'>cur</span> <span class='ocrx_word' id='word_1_22' title='bbox 318 231 507 268; x_wconf 85' lang='lat' dir='ltr'>Aristoteles</span> <span class='ocrx_word' id='word_1_23' title='bbox 525 230 673 266; x_wconf 83' lang='lat' dir='ltr'>habitum</span> <span class='ocrx_word' id='word_1_24' title='bbox 692 233 832 279; x_wconf 83' lang='lat' dir='ltr'>primam</span> <span class='ocrx_word' id='word_1_25' title='bbox 857 232 995 280; x_wconf 83' lang='lat' dir='ltr'>speciem</span> <span class='ocrx_word' id='word_1_26' title='bbox 1018 234 1184 281; x_wconf 82' lang='lat' dir='ltr'>qualitatis</span> <span class='ocrx_word' id='word_1_27' title='bbox 1212 235 1320 282; x_wconf 80' lang='lat' dir='ltr'>potius</span> <span class='ocrx_word' id='word_1_28' title='bbox 1345 233 1445 280; x_wconf 59' lang='lat' dir='ltr'>quum</span> 
     </span>
     <span class='ocr_line' id='line_1_4' title="bbox 59 279 1443 330; baseline 0 -14"><span class='ocrx_word' id='word_1_29' title='bbox 59 284 241 330; x_wconf 74' lang='lat' dir='ltr'>potentiam</span> <span class='ocrx_word' id='word_1_30' title='bbox 275 281 429 316; x_wconf 90' lang='lat' dir='ltr'>statuerit.</span> <span class='ocrx_word' id='word_1_31' title='bbox 470 280 540 316; x_wconf 87' lang='lat' dir='ltr'>Nisi</span> <span class='ocrx_word' id='word_1_32' title='bbox 567 293 603 314; x_wconf 83' lang='lat' dir='ltr'>ca</span> <span class='ocrx_word' id='word_1_33' title='bbox 620 279 706 314; x_wconf 85' lang='lat' dir='ltr'>forte</span> <span class='ocrx_word' id='word_1_34' title='bbox 732 280 822 314; x_wconf 69' lang='lat' dir='ltr'>causi</span> <span class='ocrx_word' id='word_1_35' title='bbox 841 279 878 316; x_wconf 85' lang='lat' dir='ltr'>fit</span> <span class='ocrx_word' id='word_1_36' title='bbox 890 310 900 324; x_wconf 94' lang='lat'><em>,</em></span> <span class='ocrx_word' id='word_1_37' title='bbox 928 283 1016 329; x_wconf 90' lang='lat' dir='ltr'>quod</span> <span class='ocrx_word' id='word_1_38' title='bbox 1036 295 1104 317; x_wconf 88' lang='lat' dir='ltr'>non</span> <span class='ocrx_word' id='word_1_39' title='bbox 1129 282 1230 318; x_wconf 85' lang='lat' dir='ltr'>solum</span> <span class='ocrx_word' id='word_1_40' title='bbox 1257 293 1308 316; x_wconf 77' lang='lat' dir='ltr'>eas</span> <span class='ocrx_word' id='word_1_41' title='bbox 1337 281 1443 328; x_wconf 80' lang='lat' dir='ltr'>quali-</span> 
     </span>
     <span class='ocr_line' id='line_1_5' title="bbox 59 329 1448 379; baseline 0.001 -15"><span class='ocrx_word' id='word_1_42' title='bbox 59 342 139 364; x_wconf 87' lang='lat' dir='ltr'>tates</span> <span class='ocrx_word' id='word_1_43' title='bbox 153 342 225 377; x_wconf 83' lang='lat' dir='ltr'>quae</span> <span class='ocrx_word' id='word_1_44' title='bbox 239 330 278 363; x_wconf 87' lang='lat' dir='ltr'>ad</span> <span class='ocrx_word' id='word_1_45' title='bbox 290 330 448 379; x_wconf 81' lang='lat' dir='ltr'>agendum</span> <span class='ocrx_word' id='word_1_46' title='bbox 469 334 589 378; x_wconf 83' lang='lat' dir='ltr'>majore</span> <span class='ocrx_word' id='word_1_47' title='bbox 619 341 691 363; x_wconf 79' lang='lat' dir='ltr'>Cum</span> <span class='ocrx_word' id='word_1_48' title='bbox 715 329 872 364; x_wconf 79' lang='lat' dir='ltr'>facilitate</span> <span class='ocrx_word' id='word_1_49' title='bbox 891 335 1022 379; x_wconf 75' lang='lat' dir='ltr'>juvant,</span> <span class='ocrx_word' id='word_1_50' title='bbox 1046 330 1097 365; x_wconf 83' lang='lat' dir='ltr'>sed</span> <span class='ocrx_word' id='word_1_51' title='bbox 1116 333 1215 365; x_wconf 76' lang='lat' dir='ltr'>etiam</span> <span class='ocrx_word' id='word_1_52' title='bbox 1235 341 1367 365; x_wconf 67' lang='lat' dir='ltr'>omnem</span> <span class='ocrx_word' id='word_1_53' title='bbox 1395 331 1448 365; x_wconf 80' lang='lat' dir='ltr'>vel</span> 
     </span>
     <span class='ocr_line' id='line_1_6' title="bbox 58 376 1447 427; baseline 0.001 -15"><span class='ocrx_word' id='word_1_54' title='bbox 58 381 178 422; x_wconf 73' lang='lat' dir='ltr'>animi,</span> <span class='ocrx_word' id='word_1_55' title='bbox 194 377 246 412; x_wconf 88' lang='lat' dir='ltr'>vel</span> <span class='ocrx_word' id='word_1_56' title='bbox 259 381 400 427; x_wconf 87' lang='lat' dir='ltr'>corporis</span> <span class='ocrx_word' id='word_1_57' title='bbox 415 376 641 419; x_wconf 61' lang='lat' dir='ltr'>affectionem,</span> <span class='ocrx_word' id='word_1_58' title='bbox 664 390 738 424; x_wconf 84' lang='lat' dir='ltr'>quae</span> <span class='ocrx_word' id='word_1_59' title='bbox 756 390 902 413; x_wconf 85' lang='lat' dir='ltr'>naturam</span> <span class='ocrx_word' id='word_1_60' title='bbox 916 378 1088 414; x_wconf 72' lang='lat' dir='ltr'>secundum</span> <span class='ocrx_word' id='word_1_61' title='bbox 1104 379 1134 414; x_wconf 90' lang='lat' dir='ltr'>se</span> <span class='ocrx_word' id='word_1_62' title='bbox 1149 379 1276 427; x_wconf 81' lang='lat' dir='ltr'>perficit</span> <span class='ocrx_word' id='word_1_63' title='bbox 1288 408 1297 422; x_wconf 91' lang='lat'>‚</span> <span class='ocrx_word' id='word_1_64' title='bbox 1322 378 1397 413; x_wconf 89' lang='lat' dir='ltr'>licet</span> <span class='ocrx_word' id='word_1_65' title='bbox 1409 391 1447 413; x_wconf 80' lang='lat' dir='ltr'>ea</span> 
     </span>
     <span class='ocr_line' id='line_1_7' title="bbox 57 424 1444 473; baseline 0 -12"><span class='ocrx_word' id='word_1_66' title='bbox 57 424 94 461; x_wconf 91' lang='lat' dir='ltr'>sit</span> <span class='ocrx_word' id='word_1_67' title='bbox 104 427 280 461; x_wconf 84' lang='lat' dir='ltr'>adventitia</span> <span class='ocrx_word' id='word_1_68' title='bbox 293 455 301 468; x_wconf 90' lang='lat'>,</span> <span class='ocrx_word' id='word_1_69' title='bbox 317 440 383 462; x_wconf 88' lang='lat' dir='ltr'>non</span> <span class='ocrx_word' id='word_1_70' title='bbox 396 428 568 473; x_wconf 86' lang='lat' dir='ltr'>congenita</span> <span class='ocrx_word' id='word_1_71' title='bbox 581 455 589 468; x_wconf 84' lang='lat'>,</span> <span class='ocrx_word' id='word_1_72' title='bbox 604 425 731 460; x_wconf 84' lang='lat' dir='ltr'>habitus</span> <span class='ocrx_word' id='word_1_73' title='bbox 749 429 882 462; x_wconf 89' lang='lat' dir='ltr'>nomine</span> <span class='ocrx_word' id='word_1_74' title='bbox 899 428 1081 463; x_wconf 85' lang='lat' dir='ltr'>donaverit.</span> <span class='ocrx_word' id='word_1_75' title='bbox 1098 430 1150 462; x_wconf 88' lang='lat' dir='ltr'>Sic</span> <span class='ocrx_word' id='word_1_76' title='bbox 1167 427 1269 462; x_wconf 83' lang='lat' dir='ltr'>robur</span> <span class='ocrx_word' id='word_1_77' title='bbox 1282 433 1315 464; x_wconf 66' lang='grc' dir='ltr'>ὃ(</span> <span class='ocrx_word' id='word_1_78' title='bbox 1331 426 1444 462; x_wconf 75' lang='lat' dir='ltr'>sanitas</span> 
     </span>
     <span class='ocr_line' id='line_1_8' title="bbox 57 473 1441 524; baseline -0.003 -14"><span class='ocrx_word' id='word_1_79' title='bbox 57 473 129 511; x_wconf 88' lang='lat' dir='ltr'>sunt</span> <span class='ocrx_word' id='word_1_80' title='bbox 140 477 280 523; x_wconf 81' lang='lat' dir='ltr'>corporis</span> <span class='ocrx_word' id='word_1_81' title='bbox 293 475 431 510; x_wconf 79' lang='lat' dir='ltr'>habitus.</span> <span class='ocrx_word' id='word_1_82' title='bbox 450 476 536 509; x_wconf 89' lang='lat' dir='ltr'>Cum</span> <span class='ocrx_word' id='word_1_83' title='bbox 551 477 646 523; x_wconf 86' lang='lat' dir='ltr'>igitur</span> <span class='ocrx_word' id='word_1_84' title='bbox 665 473 794 509; x_wconf 83' lang='lat' dir='ltr'>habitus</span> <span class='ocrx_word' id='word_1_85' title='bbox 809 488 876 511; x_wconf 87' lang='lat' dir='ltr'>non</span> <span class='ocrx_word' id='word_1_86' title='bbox 887 476 926 509; x_wconf 84' lang='lat' dir='ltr'>ad</span> <span class='ocrx_word' id='word_1_87' title='bbox 935 476 1096 524; x_wconf 83' lang='lat' dir='ltr'>agendum</span> <span class='ocrx_word' id='word_1_88' title='bbox 1112 477 1213 511; x_wconf 86' lang='lat' dir='ltr'>modo</span> <span class='ocrx_word' id='word_1_89' title='bbox 1228 475 1263 510; x_wconf 81' lang='lat' dir='ltr'>fit</span> <span class='ocrx_word' id='word_1_90' title='bbox 1275 488 1441 523; x_wconf 67' lang='lat' dir='ltr'>compara-</span> 
     </span>
     <span class='ocr_line' id='line_1_9' title="bbox 61 522 1442 572; baseline 0 -14"><span class='ocrx_word' id='word_1_91' title='bbox 61 535 123 567; x_wconf 76' lang='grc' dir='ltr'>ωε,</span> <span class='ocrx_word' id='word_1_92' title='bbox 132 522 185 558; x_wconf 91' lang='lat' dir='ltr'>sed</span> <span class='ocrx_word' id='word_1_93' title='bbox 204 526 304 559; x_wconf 77' lang='lat' dir='ltr'>etiam</span> <span class='ocrx_word' id='word_1_94' title='bbox 317 536 464 559; x_wconf 83' lang='lat' dir='ltr'>naturam</span> <span class='ocrx_word' id='word_1_95' title='bbox 477 522 649 558; x_wconf 68' lang='lat' dir='ltr'>secundum</span> <span class='ocrx_word' id='word_1_96' title='bbox 669 523 697 557; x_wconf 92' lang='lat' dir='ltr'>se</span> <span class='ocrx_word' id='word_1_97' title='bbox 712 522 858 571; x_wconf 81' lang='lat' dir='ltr'>perficiat</span> <span class='ocrx_word' id='word_1_98' title='bbox 870 554 879 568; x_wconf 92' lang='lat'>‚</span> <span class='ocrx_word' id='word_1_99' title='bbox 901 526 1007 572; x_wconf 90' lang='lat' dir='ltr'>potuit</span> <span class='ocrx_word' id='word_1_100' title='bbox 1021 527 1124 571; x_wconf 86' lang='lat' dir='ltr'>prima</span> <span class='ocrx_word' id='word_1_101' title='bbox 1139 524 1303 571; x_wconf 73' lang='lat' dir='ltr'>qualitatis</span> <span class='ocrx_word' id='word_1_102' title='bbox 1325 524 1442 571; x_wconf 87' lang='lat' dir='ltr'>species</span> 
     </span>
     <span class='ocr_line' id='line_1_10' title="bbox 57 571 1442 620; baseline 0 -14"><span class='ocrx_word' id='word_1_103' title='bbox 57 576 230 608; x_wconf 82' lang='lat' dir='ltr'>numerari.</span> <span class='ocrx_word' id='word_1_104' title='bbox 246 575 426 619; x_wconf 84' lang='lat' dir='ltr'>Utcunque</span> <span class='ocrx_word' id='word_1_105' title='bbox 441 584 477 606; x_wconf 86' lang='lat' dir='ltr'>ea</span> <span class='ocrx_word' id='word_1_106' title='bbox 496 585 543 606; x_wconf 85' lang='lat' dir='ltr'>res</span> <span class='ocrx_word' id='word_1_107' title='bbox 558 571 605 614; x_wconf 90' lang='lat' dir='ltr'>sit,</span> <span class='ocrx_word' id='word_1_108' title='bbox 620 585 685 607; x_wconf 90' lang='lat' dir='ltr'>non</span> <span class='ocrx_word' id='word_1_109' title='bbox 700 575 867 620; x_wconf 80' lang='lat' dir='ltr'>permagni</span> <span class='ocrx_word' id='word_1_110' title='bbox 889 572 1018 607; x_wconf 84' lang='lat' dir='ltr'>interest</span> <span class='ocrx_word' id='word_1_111' title='bbox 1029 601 1039 616; x_wconf 90' lang='lat'>‚</span> <span class='ocrx_word' id='word_1_112' title='bbox 1057 585 1126 620; x_wconf 82' lang='lat' dir='ltr'>quae</span> <span class='ocrx_word' id='word_1_113' title='bbox 1144 572 1309 620; x_wconf 77' lang='lat' dir='ltr'>qualitatis</span> <span class='ocrx_word' id='word_1_114' title='bbox 1323 572 1442 620; x_wconf 83' lang='lat' dir='ltr'>species</span> 
     </span>
    </p>

    <p class='ocr_par' dir='ltr' id='par_1_2' title="bbox 55 619 1442 765">
     <span class='ocr_line' id='line_1_11' title="bbox 81 619 1442 670; baseline 0.001 -16"><span class='ocrx_word' id='word_1_115' title='bbox 81 623 164 654; x_wconf 89' lang='lat' dir='ltr'>rimo</span> <span class='ocrx_word' id='word_1_116' title='bbox 178 620 251 655; x_wconf 87' lang='lat' dir='ltr'>loco</span> <span class='ocrx_word' id='word_1_117' title='bbox 265 649 274 663; x_wconf 90' lang='lat'>‚</span> <span class='ocrx_word' id='word_1_118' title='bbox 309 633 380 667; x_wconf 81' lang='lat' dir='ltr'>quae</span> <span class='ocrx_word' id='word_1_119' title='bbox 404 619 540 656; x_wconf 87' lang='lat' dir='ltr'>secundo</span> <span class='ocrx_word' id='word_1_120' title='bbox 552 620 723 657; x_wconf 80' lang='lat' dir='ltr'>referatur.</span> <span class='ocrx_word' id='word_1_121' title='bbox 742 620 822 654; x_wconf 90' lang='lat' dir='ltr'>Illud</span> <span class='ocrx_word' id='word_1_122' title='bbox 836 623 936 670; x_wconf 86' lang='lat' dir='ltr'>magis</span> <span class='ocrx_word' id='word_1_123' title='bbox 959 634 997 655; x_wconf 86' lang='lat' dir='ltr'>ex</span> <span class='ocrx_word' id='word_1_124' title='bbox 1015 620 1071 656; x_wconf 91' lang='lat' dir='ltr'>usu</span> <span class='ocrx_word' id='word_1_125' title='bbox 1087 621 1187 656; x_wconf 86' lang='lat' dir='ltr'>fuerit</span> <span class='ocrx_word' id='word_1_126' title='bbox 1207 620 1292 656; x_wconf 83' lang='lat' dir='ltr'>nosse</span> <span class='ocrx_word' id='word_1_127' title='bbox 1311 622 1390 667; x_wconf 92' lang='lat' dir='ltr'>quid</span> <span class='ocrx_word' id='word_1_128' title='bbox 1406 620 1442 655; x_wconf 90' lang='lat' dir='ltr'>sit</span> 
     </span>
     <span class='ocr_line' id='line_1_12' title="bbox 57 633 1441 719; baseline 0.001 -17"><span class='ocrx_word' id='word_1_129' title='bbox 57 633 188 703; x_wconf 65' lang='lat' dir='ltr'>habitus</span> <span class='ocrx_word' id='word_1_130' title='bbox 201 696 210 710; x_wconf 91' lang='lat'><strong>,</strong></span> <span class='ocrx_word' id='word_1_131' title='bbox 220 669 307 715; x_wconf 81' lang='lat' dir='ltr'>,quid</span> <span class='ocrx_word' id='word_1_132' title='bbox 323 667 506 717; x_wconf 89' lang='lat' dir='ltr'>dispositio:</span> <span class='ocrx_word' id='word_1_133' title='bbox 520 681 581 704; x_wconf 89' lang='lat' dir='ltr'>nec</span> <span class='ocrx_word' id='word_1_134' title='bbox 594 666 717 704; x_wconf 76' lang='lat' dir='ltr'>necesse</span> <span class='ocrx_word' id='word_1_135' title='bbox 731 669 774 704; x_wconf 87' lang='lat' dir='ltr'>est</span> <span class='ocrx_word' id='word_1_136' title='bbox 792 671 893 703; x_wconf 80' lang='lat' dir='ltr'>varias</span> <span class='ocrx_word' id='word_1_137' title='bbox 905 668 1066 718; x_wconf 83' lang='lat' dir='ltr'>utriusque</span> <span class='ocrx_word' id='word_1_138' title='bbox 1084 672 1293 719; x_wconf 77' lang='lat' dir='ltr'>acceptiones</span> <span class='ocrx_word' id='word_1_139' title='bbox 1312 682 1381 717; x_wconf 79' lang='lat' dir='ltr'>quae</span> <span class='ocrx_word' id='word_1_140' title='bbox 1401 671 1441 704; x_wconf 88' lang='lat' dir='ltr'>ad</span> 
     </span>
     <span class='ocr_line' id='line_1_13' title="bbox 55 717 698 765; baseline 0.002 -14"><span class='ocrx_word' id='word_1_141' title='bbox 55 729 126 751; x_wconf 81' lang='lat' dir='ltr'>rem</span> <span class='ocrx_word' id='word_1_142' title='bbox 139 717 275 754; x_wconf 73' lang='lat' dir='ltr'>nostram</span> <span class='ocrx_word' id='word_1_143' title='bbox 290 730 354 751; x_wconf 90' lang='lat' dir='ltr'>non</span> <span class='ocrx_word' id='word_1_144' title='bbox 365 720 528 765; x_wconf 84' lang='lat' dir='ltr'>pertinent</span> <span class='ocrx_word' id='word_1_145' title='bbox 540 746 550 760; x_wconf 94' lang='lat'>,</span> <span class='ocrx_word' id='word_1_146' title='bbox 568 718 698 752; x_wconf 81' lang='lat' dir='ltr'>referre.</span> 
     </span>
    </p>

    <p class='ocr_par' dir='ltr' id='par_1_3' title="bbox 52 763 1442 1394">
     <span class='ocr_line' id='line_1_14' title="bbox 86 763 1442 814; baseline 0 -14"><span class='ocrx_word' id='word_1_147' title='bbox 86 767 377 808; x_wconf 64' lang='lat' dir='ltr'>Primum‚minime</span> <span class='ocrx_word' id='word_1_148' title='bbox 391 764 525 799; x_wconf 88' lang='lat' dir='ltr'>dubium</span> <span class='ocrx_word' id='word_1_149' title='bbox 535 765 582 798; x_wconf 90' lang='lat' dir='ltr'>est</span> <span class='ocrx_word' id='word_1_150' title='bbox 596 767 677 812; x_wconf 88' lang='lat' dir='ltr'>quin</span> <span class='ocrx_word' id='word_1_151' title='bbox 687 767 791 800; x_wconf 86' lang='lat' dir='ltr'>omnis</span> <span class='ocrx_word' id='word_1_152' title='bbox 802 763 931 799; x_wconf 84' lang='lat' dir='ltr'>habitus</span> <span class='ocrx_word' id='word_1_153' title='bbox 943 764 1105 813; x_wconf 81' lang='lat' dir='ltr'>dispositio</span> <span class='ocrx_word' id='word_1_154' title='bbox 1116 767 1179 801; x_wconf 84' lang='lat' dir='ltr'>dici</span> <span class='ocrx_word' id='word_1_155' title='bbox 1195 766 1442 814; x_wconf 82' lang='lat' dir='ltr'>quodammodo</span> 
     </span>
     <span class='ocr_line' id='line_1_15' title="bbox 55 812 1437 862; baseline -0.001 -14"><span class='ocrx_word' id='word_1_156' title='bbox 55 812 149 862; x_wconf 81' lang='lat' dir='ltr'>possit</span> <span class='ocrx_word' id='word_1_157' title='bbox 167 840 176 855; x_wconf 87' lang='lat'><em>,</em></span> <span class='ocrx_word' id='word_1_158' title='bbox 190 825 348 860; x_wconf 82' lang='lat' dir='ltr'>quatenus</span> <span class='ocrx_word' id='word_1_159' title='bbox 360 824 506 848; x_wconf 86' lang='lat' dir='ltr'>naturam</span> <span class='ocrx_word' id='word_1_160' title='bbox 523 812 607 848; x_wconf 88' lang='lat' dir='ltr'>bene</span> <span class='ocrx_word' id='word_1_161' title='bbox 621 841 631 857; x_wconf 88' lang='lat'><em>‚</em></span> <span class='ocrx_word' id='word_1_162' title='bbox 645 824 701 848; x_wconf 88' lang='lat' dir='ltr'>aut</span> <span class='ocrx_word' id='word_1_163' title='bbox 718 813 800 847; x_wconf 87' lang='lat' dir='ltr'>male</span> <span class='ocrx_word' id='word_1_164' title='bbox 812 813 972 862; x_wconf 84' lang='lat' dir='ltr'>disponit3</span> <span class='ocrx_word' id='word_1_165' title='bbox 992 827 1049 849; x_wconf 83' lang='lat' dir='ltr'>aut</span> <span class='ocrx_word' id='word_1_166' title='bbox 1072 814 1251 851; x_wconf 73' lang='lat' dir='ltr'>secundum</span> <span class='ocrx_word' id='word_1_167' title='bbox 1270 817 1301 851; x_wconf 89' lang='lat' dir='ltr'>se</span> <span class='ocrx_word' id='word_1_168' title='bbox 1318 844 1329 858; x_wconf 92' lang='lat'>,</span> <span class='ocrx_word' id='word_1_169' title='bbox 1347 827 1381 849; x_wconf 92' lang='lat' dir='ltr'>ut</span> <span class='ocrx_word' id='word_1_170' title='bbox 1392 815 1437 849; x_wconf 82' lang='lat' dir='ltr'>sa..</span> 
     </span>
     <span class='ocr_line' id='line_1_16' title="bbox 55 861 1437 909; baseline 0.001 -13"><span class='ocrx_word' id='word_1_171' title='bbox 55 864 138 896; x_wconf 86' lang='lat' dir='ltr'>nitas</span> <span class='ocrx_word' id='word_1_172' title='bbox 156 867 190 898; x_wconf 71' lang='grc' dir='ltr'>δε</span> <span class='ocrx_word' id='word_1_173' title='bbox 200 861 331 896; x_wconf 79' lang='lat' dir='ltr'>morbus</span> <span class='ocrx_word' id='word_1_174' title='bbox 344 891 353 905; x_wconf 91' lang='lat'>‚</span> <span class='ocrx_word' id='word_1_175' title='bbox 375 873 429 896; x_wconf 87' lang='lat' dir='ltr'>aut</span> <span class='ocrx_word' id='word_1_176' title='bbox 441 864 473 896; x_wconf 89' lang='lat' dir='ltr'>in</span> <span class='ocrx_word' id='word_1_177' title='bbox 483 862 598 897; x_wconf 85' lang='lat' dir='ltr'>ordine</span> <span class='ocrx_word' id='word_1_178' title='bbox 608 863 648 896; x_wconf 90' lang='lat' dir='ltr'>ad</span> <span class='ocrx_word' id='word_1_179' title='bbox 660 865 885 909; x_wconf 84' lang='lat' dir='ltr'>operationem</span> <span class='ocrx_word' id='word_1_180' title='bbox 896 891 906 906; x_wconf 80' lang='lat'>,</span> <span class='ocrx_word' id='word_1_181' title='bbox 926 874 960 896; x_wconf 93' lang='lat' dir='ltr'>ut</span> <span class='ocrx_word' id='word_1_182' title='bbox 974 862 1112 899; x_wconf 90' lang='lat' dir='ltr'>scientia.</span> <span class='ocrx_word' id='word_1_183' title='bbox 1146 866 1209 898; x_wconf 85' lang='lat' dir='ltr'>Sed</span> <span class='ocrx_word' id='word_1_184' title='bbox 1231 867 1265 899; x_wconf 93' lang='lat' dir='ltr'>in</span> <span class='ocrx_word' id='word_1_185' title='bbox 1279 865 1340 899; x_wconf 91' lang='lat' dir='ltr'>hoc</span> <span class='ocrx_word' id='word_1_186' title='bbox 1364 863 1437 898; x_wconf 88' lang='lat' dir='ltr'>loco</span> 
     </span>
     <span class='ocr_line' id='line_1_17' title="bbox 57 909 1438 960; baseline 0 -16"><span class='ocrx_word' id='word_1_187' title='bbox 57 909 190 945; x_wconf 84' lang='lat' dir='ltr'>habitus</span> <span class='ocrx_word' id='word_1_188' title='bbox 205 911 338 947; x_wconf 85' lang='lat' dir='ltr'>dicitur,</span> <span class='ocrx_word' id='word_1_189' title='bbox 357 912 414 957; x_wconf 91' lang='lat' dir='ltr'>qui</span> <span class='ocrx_word' id='word_1_190' title='bbox 425 910 504 944; x_wconf 84' lang='lat' dir='ltr'>altas</span> <span class='ocrx_word' id='word_1_191' title='bbox 515 912 581 957; x_wconf 75' lang='lat' dir='ltr'>egit</span> <span class='ocrx_word' id='word_1_192' title='bbox 595 911 716 943; x_wconf 78' lang='lat' dir='ltr'>radices</span> <span class='ocrx_word' id='word_1_193' title='bbox 727 938 736 952; x_wconf 86' lang='lat'>‚</span> <span class='ocrx_word' id='word_1_194' title='bbox 761 922 821 944; x_wconf 89' lang='lat' dir='ltr'>nec</span> <span class='ocrx_word' id='word_1_195' title='bbox 836 911 933 945; x_wconf 87' lang='lat' dir='ltr'>facile</span> <span class='ocrx_word' id='word_1_196' title='bbox 950 912 1055 958; x_wconf 87' lang='lat' dir='ltr'>potest</span> <span class='ocrx_word' id='word_1_197' title='bbox 1066 911 1173 946; x_wconf 84' lang='lat' dir='ltr'>avelli.</span> <span class='ocrx_word' id='word_1_198' title='bbox 1192 913 1318 948; x_wconf 80' lang='lat' dir='ltr'>Contra</span> <span class='ocrx_word' id='word_1_199' title='bbox 1332 911 1438 960; x_wconf 85' lang='lat' dir='ltr'>dispo-</span> 
     </span>
     <span class='ocr_line' id='line_1_18' title="bbox 56 957 1436 1007; baseline 0.001 -15"><span class='ocrx_word' id='word_1_200' title='bbox 56 957 128 993; x_wconf 86' lang='lat' dir='ltr'>sitio</span> <span class='ocrx_word' id='word_1_201' title='bbox 139 971 208 993; x_wconf 85' lang='lat' dir='ltr'>tum</span> <span class='ocrx_word' id='word_1_202' title='bbox 223 958 412 1007; x_wconf 79' lang='lat' dir='ltr'>intelligitur</span> <span class='ocrx_word' id='word_1_203' title='bbox 426 987 435 1001; x_wconf 82' lang='lat'>,</span> <span class='ocrx_word' id='word_1_204' title='bbox 459 971 532 993; x_wconf 87' lang='lat' dir='ltr'>cum</span> <span class='ocrx_word' id='word_1_205' title='bbox 541 957 715 1007; x_wconf 66' lang='lat' dir='ltr'>subjeetum</span> <span class='ocrx_word' id='word_1_206' title='bbox 729 958 845 992; x_wconf 74' lang='lat' dir='ltr'>leviter</span> <span class='ocrx_word' id='word_1_207' title='bbox 853 957 951 997; x_wconf 78' lang='lat' dir='ltr'>afficit</span> <span class='ocrx_word' id='word_1_208' title='bbox 964 988 973 1002; x_wconf 93' lang='lat'>,</span> <span class='ocrx_word' id='word_1_209' title='bbox 989 971 1024 995; x_wconf 91' lang='lat' dir='ltr'>ut</span> <span class='ocrx_word' id='word_1_210' title='bbox 1036 959 1166 996; x_wconf 87' lang='lat' dir='ltr'>scientia</span> <span class='ocrx_word' id='word_1_211' title='bbox 1182 963 1216 996; x_wconf 88' lang='lat' dir='ltr'>in</span> <span class='ocrx_word' id='word_1_212' title='bbox 1236 959 1436 1003; x_wconf 85' lang='lat' dir='ltr'>addiscente,</span> 
     </span>
     <span class='ocr_line' id='line_1_19' title="bbox 55 1004 1435 1054; baseline 0.002 -14"><span class='ocrx_word' id='word_1_213' title='bbox 55 1004 169 1041; x_wconf 82' lang='lat' dir='ltr'>sanitas</span> <span class='ocrx_word' id='word_1_214' title='bbox 183 1009 216 1041; x_wconf 91' lang='lat' dir='ltr'>in</span> <span class='ocrx_word' id='word_1_215' title='bbox 232 1019 272 1041; x_wconf 89' lang='lat' dir='ltr'>eo</span> <span class='ocrx_word' id='word_1_216' title='bbox 284 1009 338 1054; x_wconf 91' lang='lat' dir='ltr'>qui</span> <span class='ocrx_word' id='word_1_217' title='bbox 353 1020 390 1042; x_wconf 84' lang='lat' dir='ltr'>ex</span> <span class='ocrx_word' id='word_1_218' title='bbox 408 1006 526 1041; x_wconf 86' lang='lat' dir='ltr'>morbo</span> <span class='ocrx_word' id='word_1_219' title='bbox 543 1006 748 1047; x_wconf 78' lang='lat' dir='ltr'>convalescit-</span> <span class='ocrx_word' id='word_1_220' title='bbox 772 1007 874 1053; x_wconf 81' lang='lat' dir='ltr'>Qod</span> <span class='ocrx_word' id='word_1_221' title='bbox 882 1010 997 1053; x_wconf 88' lang='lat' dir='ltr'>utique</span> <span class='ocrx_word' id='word_1_222' title='bbox 1008 1008 1173 1043; x_wconf 83' lang='lat' dir='ltr'>discrimen</span> <span class='ocrx_word' id='word_1_223' title='bbox 1187 1007 1334 1043; x_wconf 84' lang='lat' dir='ltr'>habitum</span> <span class='ocrx_word' id='word_1_224' title='bbox 1350 1013 1435 1044; x_wconf 87' lang='lat' dir='ltr'>intet</span> 
     </span>
     <span class='ocr_line' id='line_1_20' title="bbox 53 1054 1435 1103; baseline 0.001 -15"><span class='ocrx_word' id='word_1_225' title='bbox 53 1060 90 1093; x_wconf 70' lang='grc' dir='ltr'>δε</span> <span class='ocrx_word' id='word_1_226' title='bbox 100 1054 338 1103; x_wconf 72' lang='lat' dir='ltr'>dispositionem</span> <span class='ocrx_word' id='word_1_227' title='bbox 353 1055 599 1090; x_wconf 82' lang='lat' dir='ltr'>accidentarium</span> <span class='ocrx_word' id='word_1_228' title='bbox 611 1057 838 1090; x_wconf 83' lang='lat' dir='ltr'>tantummodo</span> <span class='ocrx_word' id='word_1_229' title='bbox 847 1055 909 1090; x_wconf 89' lang='lat' dir='ltr'>est:</span> <span class='ocrx_word' id='word_1_230' title='bbox 933 1068 1006 1089; x_wconf 92' lang='lat' dir='ltr'>cum</span> <span class='ocrx_word' id='word_1_231' title='bbox 1028 1056 1143 1089; x_wconf 81' lang='lat' dir='ltr'>eadem</span> <span class='ocrx_word' id='word_1_232' title='bbox 1154 1056 1289 1102; x_wconf 73' lang='lat' dir='ltr'>qualitas</span> <span class='ocrx_word' id='word_1_233' title='bbox 1304 1067 1340 1090; x_wconf 86' lang='lat' dir='ltr'>ut</span> <span class='ocrx_word' id='word_1_234' title='bbox 1355 1057 1435 1090; x_wconf 85' lang='lat' dir='ltr'>faci-</span> 
     </span>
     <span class='ocr_line' id='line_1_21' title="bbox 54 1101 1434 1152; baseline 0.001 -15"><span class='ocrx_word' id='word_1_235' title='bbox 54 1103 105 1146; x_wconf 59' lang='lat' dir='ltr'>le,</span> <span class='ocrx_word' id='word_1_236' title='bbox 130 1115 184 1137; x_wconf 87' lang='lat' dir='ltr'>aut</span> <span class='ocrx_word' id='word_1_237' title='bbox 197 1105 277 1152; x_wconf 69' lang='lat' dir='ltr'>aegre</span> <span class='ocrx_word' id='word_1_238' title='bbox 292 1104 334 1137; x_wconf 87' lang='lat' dir='ltr'>est</span> <span class='ocrx_word' id='word_1_239' title='bbox 353 1103 501 1146; x_wconf 74' lang='lat' dir='ltr'>mobilis,</span> <span class='ocrx_word' id='word_1_240' title='bbox 526 1102 687 1152; x_wconf 75' lang='lat' dir='ltr'>dispositio</span> <span class='ocrx_word' id='word_1_241' title='bbox 703 1101 755 1137; x_wconf 86' lang='lat' dir='ltr'>vel</span> <span class='ocrx_word' id='word_1_242' title='bbox 776 1102 903 1137; x_wconf 80' lang='lat' dir='ltr'>habitus</span> <span class='ocrx_word' id='word_1_243' title='bbox 921 1105 1106 1138; x_wconf 88' lang='lat' dir='ltr'>nominetur</span> <span class='ocrx_word' id='word_1_244' title='bbox 1123 1132 1132 1146; x_wconf 88' lang='lat'>‚</span> <span class='ocrx_word' id='word_1_245' title='bbox 1157 1115 1194 1138; x_wconf 86' lang='lat' dir='ltr'>ac</span> <span class='ocrx_word' id='word_1_246' title='bbox 1208 1102 1369 1152; x_wconf 84' lang='lat' dir='ltr'>dispositio</span> <span class='ocrx_word' id='word_1_247' title='bbox 1383 1107 1434 1139; x_wconf 87' lang='lat' dir='ltr'>ni-</span> 
     </span>
     <span class='ocr_line' id='line_1_22' title="bbox 52 1150 1432 1201; baseline -0.001 -15"><span class='ocrx_word' id='word_1_248' title='bbox 52 1151 99 1187; x_wconf 86' lang='lat' dir='ltr'>hil</span> <span class='ocrx_word' id='word_1_249' title='bbox 120 1150 155 1186; x_wconf 81' lang='lat' dir='ltr'>sit</span> <span class='ocrx_word' id='word_1_250' title='bbox 167 1164 282 1200; x_wconf 83' lang='lat' dir='ltr'>praeter</span> <span class='ocrx_word' id='word_1_251' title='bbox 294 1151 442 1186; x_wconf 86' lang='lat' dir='ltr'>habitum</span> <span class='ocrx_word' id='word_1_252' title='bbox 459 1152 649 1187; x_wconf 81' lang='lat' dir='ltr'>inchoatum.</span> <span class='ocrx_word' id='word_1_253' title='bbox 678 1152 764 1186; x_wconf 89' lang='lat' dir='ltr'>Cum</span> <span class='ocrx_word' id='word_1_254' title='bbox 789 1163 899 1186; x_wconf 87' lang='lat' dir='ltr'>tamen</span> <span class='ocrx_word' id='word_1_255' title='bbox 918 1151 1045 1186; x_wconf 87' lang='lat' dir='ltr'>habitus</span> <span class='ocrx_word' id='word_1_256' title='bbox 1063 1150 1259 1199; x_wconf 78' lang='lat' dir='ltr'>potissimum</span> <span class='ocrx_word' id='word_1_257' title='bbox 1277 1153 1318 1186; x_wconf 89' lang='lat' dir='ltr'>ad</span> <span class='ocrx_word' id='word_1_258' title='bbox 1335 1165 1432 1201; x_wconf 69' lang='lat' dir='ltr'>agen-</span> 
     </span>
     <span class='ocr_line' id='line_1_23' title="bbox 52 1199 1432 1249; baseline 0.001 -15"><span class='ocrx_word' id='word_1_259' title='bbox 52 1200 131 1235; x_wconf 87' lang='lat' dir='ltr'>dum</span> <span class='ocrx_word' id='word_1_260' title='bbox 149 1211 369 1248; x_wconf 75' lang='lat' dir='ltr'>comparetur,</span> <span class='ocrx_word' id='word_1_261' title='bbox 389 1199 458 1236; x_wconf 86' lang='lat' dir='ltr'>satis</span> <span class='ocrx_word' id='word_1_262' title='bbox 470 1212 544 1248; x_wconf 86' lang='lat' dir='ltr'>apte</span> <span class='ocrx_word' id='word_1_263' title='bbox 555 1200 728 1243; x_wconf 84' lang='lat' dir='ltr'>definitur,</span> <span class='ocrx_word' id='word_1_264' title='bbox 756 1202 897 1247; x_wconf 77' lang='lat' dir='ltr'>qualitas</span> <span class='ocrx_word' id='word_1_265' title='bbox 920 1200 1101 1234; x_wconf 78' lang='lat' dir='ltr'>adventitia</span> <span class='ocrx_word' id='word_1_266' title='bbox 1113 1228 1120 1238; x_wconf 83' lang='lat'>‚</span> <span class='ocrx_word' id='word_1_267' title='bbox 1148 1213 1210 1247; x_wconf 83' lang='lat' dir='ltr'>quae</span> <span class='ocrx_word' id='word_1_268' title='bbox 1223 1204 1366 1249; x_wconf 79' lang='lat' dir='ltr'>potentiae</span> <span class='ocrx_word' id='word_1_269' title='bbox 1385 1202 1432 1235; x_wconf 82' lang='lat' dir='ltr'>ad</span> 
     </span>
     <span class='ocr_line' id='line_1_24' title="bbox 53 1248 1432 1298; baseline 0.001 -16"><span class='ocrx_word' id='word_1_270' title='bbox 53 1250 214 1298; x_wconf 79' lang='lat' dir='ltr'>agendum</span> <span class='ocrx_word' id='word_1_271' title='bbox 227 1249 427 1294; x_wconf 79' lang='lat' dir='ltr'>facilitatcm</span> <span class='ocrx_word' id='word_1_272' title='bbox 437 1248 558 1298; x_wconf 65' lang='lat' dir='ltr'>prabet.</span> <span class='ocrx_word' id='word_1_273' title='bbox 586 1252 674 1286; x_wconf 84' lang='lat' dir='ltr'>Nam</span> <span class='ocrx_word' id='word_1_274' title='bbox 690 1248 802 1283; x_wconf 82' lang='lat' dir='ltr'>sanitas</span> <span class='ocrx_word' id='word_1_275' title='bbox 816 1276 824 1290; x_wconf 88' lang='lat'>‚</span> <span class='ocrx_word' id='word_1_276' title='bbox 843 1259 897 1283; x_wconf 88' lang='lat' dir='ltr'>aut</span> <span class='ocrx_word' id='word_1_277' title='bbox 921 1248 1017 1283; x_wconf 83' lang='lat' dir='ltr'>robur</span> <span class='ocrx_word' id='word_1_278' title='bbox 1032 1277 1042 1292; x_wconf 82' lang='lat'>,</span> <span class='ocrx_word' id='word_1_279' title='bbox 1066 1261 1120 1283; x_wconf 84' lang='lat' dir='ltr'>aut</span> <span class='ocrx_word' id='word_1_280' title='bbox 1145 1249 1350 1297; x_wconf 83' lang='lat' dir='ltr'>pulchritudo</span> <span class='ocrx_word' id='word_1_281' title='bbox 1379 1253 1432 1285; x_wconf 83' lang='lat' dir='ltr'>vix</span> 
     </span>
     <span class='ocr_line' id='line_1_25' title="bbox 54 1295 1431 1346; baseline 0.003 -16"><span class='ocrx_word' id='word_1_282' title='bbox 54 1296 182 1332; x_wconf 87' lang='lat' dir='ltr'>habitus</span> <span class='ocrx_word' id='word_1_283' title='bbox 193 1298 257 1332; x_wconf 88' lang='lat' dir='ltr'>dici</span> <span class='ocrx_word' id='word_1_284' title='bbox 267 1295 409 1345; x_wconf 79' lang='lat' dir='ltr'>possunt,</span> <span class='ocrx_word' id='word_1_285' title='bbox 429 1310 502 1332; x_wconf 89' lang='lat' dir='ltr'>cum</span> <span class='ocrx_word' id='word_1_286' title='bbox 516 1299 547 1332; x_wconf 90' lang='lat' dir='ltr'>in</span> <span class='ocrx_word' id='word_1_287' title='bbox 559 1297 730 1346; x_wconf 79' lang='lat' dir='ltr'>complexu</span> <span class='ocrx_word' id='word_1_288' title='bbox 739 1296 915 1334; x_wconf 78' lang='lat' dir='ltr'>multarum</span> <span class='ocrx_word' id='word_1_289' title='bbox 926 1297 1119 1345; x_wconf 83' lang='lat' dir='ltr'>qualitatum</span> <span class='ocrx_word' id='word_1_290' title='bbox 1134 1296 1240 1346; x_wconf 80' lang='lat' dir='ltr'>positae</span> <span class='ocrx_word' id='word_1_291' title='bbox 1261 1296 1318 1333; x_wconf 90' lang='lat' dir='ltr'>sint</span> <span class='ocrx_word' id='word_1_292' title='bbox 1336 1327 1346 1341; x_wconf 91' lang='lat'><em>‚</em></span> <span class='ocrx_word' id='word_1_293' title='bbox 1372 1311 1431 1334; x_wconf 87' lang='lat' dir='ltr'>nec</span> 
     </span>
     <span class='ocr_line' id='line_1_26' title="bbox 56 1343 555 1394; baseline 0.002 -14"><span class='ocrx_word' id='word_1_294' title='bbox 56 1343 212 1394; x_wconf 77' lang='lat' dir='ltr'>simplices</span> <span class='ocrx_word' id='word_1_295' title='bbox 231 1358 276 1387; x_wconf 77' lang='lat' dir='ltr'>eae</span> <span class='ocrx_word' id='word_1_296' title='bbox 294 1345 351 1380; x_wconf 90' lang='lat' dir='ltr'>sint</span> <span class='ocrx_word' id='word_1_297' title='bbox 374 1346 555 1392; x_wconf 84' lang='lat' dir='ltr'>qualitates.</span> 
     </span>
    </p>

    <p class='ocr_par' dir='ltr' id='par_1_4' title="bbox 53 1393 1432 1490">
     <span class='ocr_line' id='line_1_27' title="bbox 96 1393 1432 1444; baseline 0.001 -15"><span class='ocrx_word' id='word_1_298' title='bbox 96 1397 151 1429; x_wconf 85' lang='lat' dir='ltr'>Sic</span> <span class='ocrx_word' id='word_1_299' title='bbox 160 1393 201 1428; x_wconf 89' lang='lat' dir='ltr'>ab</span> <span class='ocrx_word' id='word_1_300' title='bbox 216 1395 387 1443; x_wconf 75' lang='lat' dir='ltr'>Augustino</span> <span class='ocrx_word' id='word_1_301' title='bbox 396 1394 521 1430; x_wconf 79' lang='lat' dir='ltr'>habitus</span> <span class='ocrx_word' id='word_1_302' title='bbox 536 1395 649 1430; x_wconf 87' lang='lat' dir='ltr'>latiore</span> <span class='ocrx_word' id='word_1_303' title='bbox 662 1393 841 1443; x_wconf 77' lang='lat' dir='ltr'>significatu</span> <span class='ocrx_word' id='word_1_304' title='bbox 849 1407 995 1444; x_wconf 78' lang='lat' dir='ltr'>acceptus</span> <span class='ocrx_word' id='word_1_305' title='bbox 1008 1395 1160 1432; x_wconf 71' lang='lat' dir='ltr'>definitur</span> <span class='ocrx_word' id='word_1_306' title='bbox 1170 1425 1180 1440; x_wconf 90' lang='lat'><em>‚</em></span> <span class='ocrx_word' id='word_1_307' title='bbox 1200 1396 1319 1444; x_wconf 62' lang='lat' dir='ltr'>affieflio</span> <span class='ocrx_word' id='word_1_308' title='bbox 1331 1398 1432 1430; x_wconf 74' lang='lat' dir='ltr'>animi</span> 
     </span>
     <span class='ocr_line' id='line_1_28' title="bbox 53 1443 737 1490; baseline -0.003 -13"><span class='ocrx_word' id='word_1_309' title='bbox 53 1443 108 1478; x_wconf 81' lang='lat' dir='ltr'>vel</span> <span class='ocrx_word' id='word_1_310' title='bbox 124 1446 257 1490; x_wconf 76' lang='lat' dir='ltr'>corporis</span> <span class='ocrx_word' id='word_1_311' title='bbox 272 1444 361 1490; x_wconf 77' lang='lat' dir='ltr'>longo</span> <span class='ocrx_word' id='word_1_312' title='bbox 378 1453 513 1490; x_wconf 68' lang='lat' dir='ltr'>tempore</span> <span class='ocrx_word' id='word_1_313' title='bbox 525 1445 737 1490; x_wconf 81' lang='lat' dir='ltr'>perseverans.</span> 
     </span>
    </p>

    <p class='ocr_par' dir='ltr' id='par_1_5' title="bbox 54 1489 1430 1635">
     <span class='ocr_line' id='line_1_29' title="bbox 87 1489 1429 1540; baseline 0.002 -16"><span class='ocrx_word' id='word_1_314' title='bbox 87 1490 284 1537; x_wconf 80' lang='lat' dir='ltr'>Atquehinc</span> <span class='ocrx_word' id='word_1_315' title='bbox 300 1489 377 1524; x_wconf 86' lang='lat' dir='ltr'>sumi</span> <span class='ocrx_word' id='word_1_316' title='bbox 388 1491 490 1538; x_wconf 87' lang='lat' dir='ltr'>potest</span> <span class='ocrx_word' id='word_1_317' title='bbox 506 1493 608 1536; x_wconf 81' lang='lat' dir='ltr'>prima</span> <span class='ocrx_word' id='word_1_318' title='bbox 618 1495 651 1525; x_wconf 66' lang='grc' dir='ltr'>δε</span> <span class='ocrx_word' id='word_1_319' title='bbox 663 1489 782 1524; x_wconf 85' lang='lat' dir='ltr'>summa</span> <span class='ocrx_word' id='word_1_320' title='bbox 796 1490 966 1525; x_wconf 77' lang='lat' dir='ltr'>habituum</span> <span class='ocrx_word' id='word_1_321' title='bbox 980 1491 1092 1525; x_wconf 82' lang='lat' dir='ltr'>divisio</span> <span class='ocrx_word' id='word_1_322' title='bbox 1109 1495 1142 1526; x_wconf 87' lang='lat' dir='ltr'>in</span> <span class='ocrx_word' id='word_1_323' title='bbox 1157 1505 1212 1526; x_wconf 86' lang='lat' dir='ltr'>eos</span> <span class='ocrx_word' id='word_1_324' title='bbox 1225 1496 1281 1540; x_wconf 88' lang='lat' dir='ltr'>qui</span> <span class='ocrx_word' id='word_1_325' title='bbox 1293 1505 1407 1540; x_wconf 81' lang='lat' dir='ltr'>corpus</span> <span class='ocrx_word' id='word_1_326' title='bbox 1419 1522 1429 1536; x_wconf 83' lang='lat'><strong>,</strong></span> 
     </span>
     <span class='ocr_line' id='line_1_30' title="bbox 54 1536 1430 1585; baseline 0.003 -13"><span class='ocrx_word' id='word_1_327' title='bbox 54 1544 91 1576; x_wconf 84' lang='lat'>&amp;</span> <span class='ocrx_word' id='word_1_328' title='bbox 109 1550 165 1573; x_wconf 90' lang='lat' dir='ltr'>eos</span> <span class='ocrx_word' id='word_1_329' title='bbox 175 1539 232 1584; x_wconf 86' lang='lat' dir='ltr'>qui</span> <span class='ocrx_word' id='word_1_330' title='bbox 243 1540 383 1572; x_wconf 86' lang='lat' dir='ltr'>animam</span> <span class='ocrx_word' id='word_1_331' title='bbox 396 1537 573 1584; x_wconf 85' lang='lat' dir='ltr'>perficiunt.</span> <span class='ocrx_word' id='word_1_332' title='bbox 591 1536 734 1570; x_wconf 85' lang='lat' dir='ltr'>Habitus</span> <span class='ocrx_word' id='word_1_333' title='bbox 745 1541 886 1584; x_wconf 82' lang='lat' dir='ltr'>corporis</span> <span class='ocrx_word' id='word_1_334' title='bbox 902 1549 951 1572; x_wconf 90' lang='lat' dir='ltr'>tot</span> <span class='ocrx_word' id='word_1_335' title='bbox 964 1538 1053 1582; x_wconf 91' lang='lat' dir='ltr'>sunt,</span> <span class='ocrx_word' id='word_1_336' title='bbox 1073 1551 1155 1585; x_wconf 91' lang='lat' dir='ltr'>quot</span> <span class='ocrx_word' id='word_1_337' title='bbox 1171 1552 1275 1584; x_wconf 83' lang='lat' dir='ltr'>artes,</span> <span class='ocrx_word' id='word_1_338' title='bbox 1302 1553 1357 1575; x_wconf 82' lang='lat' dir='ltr'>aut</span> <span class='ocrx_word' id='word_1_339' title='bbox 1372 1541 1430 1576; x_wconf 82' lang='lat' dir='ltr'>lio-</span> 
     </span>
     <span class='ocr_line' id='line_1_31' title="bbox 55 1585 1326 1635; baseline 0.002 -13"><span class='ocrx_word' id='word_1_340' title='bbox 55 1589 180 1625; x_wconf 72' lang='lat' dir='ltr'>minum</span> <span class='ocrx_word' id='word_1_341' title='bbox 193 1585 354 1620; x_wconf 75' lang='lat' dir='ltr'>industriae</span> <span class='ocrx_word' id='word_1_342' title='bbox 367 1613 375 1628; x_wconf 85' lang='lat'>‚</span> <span class='ocrx_word' id='word_1_343' title='bbox 391 1598 460 1632; x_wconf 83' lang='lat' dir='ltr'>quae</span> <span class='ocrx_word' id='word_1_344' title='bbox 472 1597 585 1632; x_wconf 82' lang='lat' dir='ltr'>corpus</span> <span class='ocrx_word' id='word_1_345' title='bbox 597 1614 606 1628; x_wconf 93' lang='lat'>‚</span> <span class='ocrx_word' id='word_1_346' title='bbox 618 1596 672 1618; x_wconf 89' lang='lat' dir='ltr'>aut</span> <span class='ocrx_word' id='word_1_347' title='bbox 692 1585 775 1619; x_wconf 91' lang='lat' dir='ltr'>illius</span> <span class='ocrx_word' id='word_1_348' title='bbox 789 1598 913 1632; x_wconf 88' lang='lat' dir='ltr'>partem</span> <span class='ocrx_word' id='word_1_349' title='bbox 929 1598 1078 1622; x_wconf 78' lang='lat' dir='ltr'>exercent</span> <span class='ocrx_word' id='word_1_350' title='bbox 1094 1593 1127 1624; x_wconf 86' lang='lat'>&amp;</span> <span class='ocrx_word' id='word_1_351' title='bbox 1147 1587 1326 1635; x_wconf 81' lang='lat' dir='ltr'>perficiunt.</span> 
     </span>
    </p>

    <p class='ocr_par' dir='ltr' id='par_1_6' title="bbox 53 1631 1430 1828">
     <span class='ocr_line' id='line_1_32' title="bbox 90 1631 1428 1685; baseline 0.002 -16"><span class='ocrx_word' id='word_1_352' title='bbox 90 1634 234 1670; x_wconf 81' lang='lat' dir='ltr'>Habitus</span> <span class='ocrx_word' id='word_1_353' title='bbox 245 1636 345 1669; x_wconf 81' lang='lat' dir='ltr'>animi</span> <span class='ocrx_word' id='word_1_354' title='bbox 364 1636 391 1668; x_wconf 43' lang='lat' dir='ltr'>ii*</span> <span class='ocrx_word' id='word_1_355' title='bbox 401 1634 453 1668; x_wconf 88' lang='lat' dir='ltr'>vel</span> <span class='ocrx_word' id='word_1_356' title='bbox 476 1635 545 1668; x_wconf 86' lang='lat' dir='ltr'>sunt</span> <span class='ocrx_word' id='word_1_357' title='bbox 559 1631 649 1668; x_wconf 83' lang='lat' dir='ltr'>infusi</span> <span class='ocrx_word' id='word_1_358' title='bbox 661 1661 670 1675; x_wconf 86' lang='lat'>,</span> <span class='ocrx_word' id='word_1_359' title='bbox 691 1646 771 1680; x_wconf 91' lang='lat' dir='ltr'>quos</span> <span class='ocrx_word' id='word_1_360' title='bbox 792 1632 911 1668; x_wconf 88' lang='lat' dir='ltr'>scilicet</span> <span class='ocrx_word' id='word_1_361' title='bbox 924 1637 989 1669; x_wconf 87' lang='lat' dir='ltr'>Dei</span> <span class='ocrx_word' id='word_1_362' title='bbox 1004 1634 1167 1670; x_wconf 83' lang='lat' dir='ltr'>beneficio</span> <span class='ocrx_word' id='word_1_363' title='bbox 1182 1637 1428 1685; x_wconf 76' lang='lat' dir='ltr'>consequimur,</span> 
     </span>
     <span class='ocr_line' id='line_1_33' title="bbox 53 1681 1430 1730; baseline 0.001 -13"><span class='ocrx_word' id='word_1_364' title='bbox 53 1695 90 1719; x_wconf 78' lang='lat' dir='ltr'>ut</span> <span class='ocrx_word' id='word_1_365' title='bbox 103 1684 214 1725; x_wconf 73' lang='lat' dir='ltr'>fides,</span> <span class='ocrx_word' id='word_1_366' title='bbox 235 1685 312 1730; x_wconf 87' lang='lat' dir='ltr'>Spes</span> <span class='ocrx_word' id='word_1_367' title='bbox 326 1709 335 1725; x_wconf 85' lang='lat'>,</span> <span class='ocrx_word' id='word_1_368' title='bbox 360 1682 509 1717; x_wconf 79' lang='lat' dir='ltr'>Charitas</span> <span class='ocrx_word' id='word_1_369' title='bbox 525 1697 531 1716; x_wconf 91' lang='lat'>;</span> <span class='ocrx_word' id='word_1_370' title='bbox 561 1682 614 1716; x_wconf 83' lang='lat' dir='ltr'>vel</span> <span class='ocrx_word' id='word_1_371' title='bbox 633 1681 794 1728; x_wconf 88' lang='lat' dir='ltr'>acquisiti,</span> <span class='ocrx_word' id='word_1_372' title='bbox 815 1685 869 1729; x_wconf 89' lang='lat' dir='ltr'>qui</span> <span class='ocrx_word' id='word_1_373' title='bbox 884 1694 938 1716; x_wconf 87' lang='lat' dir='ltr'>aut</span> <span class='ocrx_word' id='word_1_374' title='bbox 961 1683 1162 1719; x_wconf 63' lang='lat' dir='ltr'>intellectum</span> <span class='ocrx_word' id='word_1_375' title='bbox 1180 1714 1189 1728; x_wconf 92' lang='lat'>,</span> <span class='ocrx_word' id='word_1_376' title='bbox 1207 1698 1262 1721; x_wconf 83' lang='lat' dir='ltr'>aut</span> <span class='ocrx_word' id='word_1_377' title='bbox 1280 1685 1430 1720; x_wconf 79' lang='lat' dir='ltr'>volunta-</span> 
     </span>
     <span class='ocr_line' id='line_1_34' title="bbox 55 1728 1429 1783; baseline 0.002 -16"><span class='ocrx_word' id='word_1_378' title='bbox 55 1743 122 1767; x_wconf 91' lang='lat' dir='ltr'>tem</span> <span class='ocrx_word' id='word_1_379' title='bbox 131 1729 301 1778; x_wconf 86' lang='lat' dir='ltr'>perficiunt</span> <span class='ocrx_word' id='word_1_380' title='bbox 313 1759 321 1773; x_wconf 85' lang='lat'>‚</span> <span class='ocrx_word' id='word_1_381' title='bbox 342 1731 382 1764; x_wconf 87' lang='lat' dir='ltr'>de</span> <span class='ocrx_word' id='word_1_382' title='bbox 396 1729 510 1777; x_wconf 88' lang='lat' dir='ltr'>quibus</span> <span class='ocrx_word' id='word_1_383' title='bbox 525 1728 683 1779; x_wconf 81' lang='lat' dir='ltr'>sigillatim</span> <span class='ocrx_word' id='word_1_384' title='bbox 696 1742 765 1767; x_wconf 90' lang='lat' dir='ltr'>tum</span> <span class='ocrx_word' id='word_1_385' title='bbox 780 1734 813 1766; x_wconf 93' lang='lat' dir='ltr'>in</span> <span class='ocrx_word' id='word_1_386' title='bbox 830 1734 926 1767; x_wconf 75' lang='lat' dir='ltr'>tertia</span> <span class='ocrx_word' id='word_1_387' title='bbox 935 1733 1031 1766; x_wconf 83' lang='lat' dir='ltr'>Parte</span> <span class='ocrx_word' id='word_1_388' title='bbox 1050 1735 1183 1781; x_wconf 82' lang='lat' dir='ltr'>Logices</span> <span class='ocrx_word' id='word_1_389' title='bbox 1198 1762 1208 1777; x_wconf 89' lang='lat'><em>‚</em></span> <span class='ocrx_word' id='word_1_390' title='bbox 1225 1746 1292 1769; x_wconf 85' lang='lat' dir='ltr'>tum</span> <span class='ocrx_word' id='word_1_391' title='bbox 1315 1736 1347 1768; x_wconf 84' lang='lat' dir='ltr'>in</span> <span class='ocrx_word' id='word_1_392' title='bbox 1363 1738 1429 1783; x_wconf 87' lang='lat' dir='ltr'>pri-</span> 
     </span>
     <span class='ocr_line' id='line_1_35' title="bbox 54 1778 488 1828; baseline 0.005 -14"><span class='ocrx_word' id='word_1_393' title='bbox 54 1792 108 1820; x_wconf 74' lang='lat' dir='ltr'>rna</span> <span class='ocrx_word' id='word_1_394' title='bbox 117 1778 321 1828; x_wconf 77' lang='lat' dir='ltr'>Philosophia</span> <span class='ocrx_word' id='word_1_395' title='bbox 333 1779 488 1816; x_wconf 82' lang='lat' dir='ltr'>dicemus.</span> 
     </span>
    </p>
   </div>
   <div class='ocr_carea' id='block_1_2' title="bbox 472 1847 1102 1897">
    <p class='ocr_par' dir='ltr' id='par_1_7' title="bbox 472 1847 1102 1897">
     <span class='ocr_line' id='line_1_36' title="bbox 472 1847 1102 1897; baseline 0.003 -16"><span class='ocrx_word' id='word_1_396' title='bbox 472 1849 623 1881; x_wconf 66' lang='lat' dir='ltr'>Potentia</span> <span class='ocrx_word' id='word_1_397' title='bbox 640 1847 798 1881; x_wconf 68' lang='lat' dir='ltr'>naturalis</span> <span class='ocrx_word' id='word_1_398' title='bbox 809 1876 818 1890; x_wconf 90' lang='lat'><em>,</em></span> <span class='ocrx_word' id='word_1_399' title='bbox 848 1847 885 1882; x_wconf 57' lang='lat'>6*</span> <span class='ocrx_word' id='word_1_400' title='bbox 902 1848 1102 1897; x_wconf 78' lang='lat' dir='ltr'>impotentia.</span> 
     </span>
    </p>
   </div>
   <div class='ocr_carea' id='block_1_3' title="bbox 50 1926 1431 2415">
    <p class='ocr_par' dir='ltr' id='par_1_8' title="bbox 50 1926 1431 2072">
     <span class='ocr_line' id='line_1_37' title="bbox 50 1926 1430 1975; baseline 0 -14"><span class='ocrx_word' id='word_1_401' title='bbox 50 1928 53 1932; x_wconf 90' lang='lat'>&#39;</span> <span class='ocrx_word' id='word_1_402' title='bbox 86 1929 237 1965; x_wconf 77' lang='lat' dir='ltr'>Potentia</span> <span class='ocrx_word' id='word_1_403' title='bbox 249 1928 310 1962; x_wconf 88' lang='lat' dir='ltr'>hoc</span> <span class='ocrx_word' id='word_1_404' title='bbox 329 1926 402 1961; x_wconf 93' lang='lat' dir='ltr'>loco</span> <span class='ocrx_word' id='word_1_405' title='bbox 413 1927 527 1961; x_wconf 76' lang='lat' dir='ltr'>dicitur</span> <span class='ocrx_word' id='word_1_406' title='bbox 542 1926 677 1973; x_wconf 80' lang='lat' dir='ltr'>qualitas</span> <span class='ocrx_word' id='word_1_407' title='bbox 690 1928 735 1959; x_wconf 84' lang='lat' dir='ltr'>rei</span> <span class='ocrx_word' id='word_1_408' title='bbox 747 1929 920 1975; x_wconf 81' lang='lat' dir='ltr'>congenita</span> <span class='ocrx_word' id='word_1_409' title='bbox 932 1927 972 1961; x_wconf 88' lang='lat' dir='ltr'>ad</span> <span class='ocrx_word' id='word_1_410' title='bbox 985 1926 1146 1974; x_wconf 82' lang='lat' dir='ltr'>agendum</span> <span class='ocrx_word' id='word_1_411' title='bbox 1161 1927 1215 1962; x_wconf 89' lang='lat' dir='ltr'>vel</span> <span class='ocrx_word' id='word_1_412' title='bbox 1230 1926 1430 1964; x_wconf 81' lang='lat' dir='ltr'>resistendum</span> 
     </span>
     <span class='ocr_line' id='line_1_38' title="bbox 55 1974 1431 2026; baseline 0.002 -16"><span class='ocrx_word' id='word_1_413' title='bbox 55 1988 239 2023; x_wconf 78' lang='lat' dir='ltr'>comparata</span> <span class='ocrx_word' id='word_1_414' title='bbox 251 1990 258 2011; x_wconf 93' lang='lat'>:</span> <span class='ocrx_word' id='word_1_415' title='bbox 272 1988 344 2011; x_wconf 90' lang='lat' dir='ltr'>cum</span> <span class='ocrx_word' id='word_1_416' title='bbox 355 1975 495 2009; x_wconf 90' lang='lat' dir='ltr'>debilior</span> <span class='ocrx_word' id='word_1_417' title='bbox 504 1976 546 2010; x_wconf 86' lang='lat' dir='ltr'>est</span> <span class='ocrx_word' id='word_1_418' title='bbox 555 2004 563 2018; x_wconf 84' lang='lat'>,</span> <span class='ocrx_word' id='word_1_419' title='bbox 577 1987 644 2010; x_wconf 86' lang='lat' dir='ltr'>tum</span> <span class='ocrx_word' id='word_1_420' title='bbox 655 1976 849 2023; x_wconf 73' lang='lat' dir='ltr'>impotentia</span> <span class='ocrx_word' id='word_1_421' title='bbox 859 1976 973 2015; x_wconf 78' lang='lat' dir='ltr'>dicitur</span> <span class='ocrx_word' id='word_1_422' title='bbox 983 2004 992 2019; x_wconf 84' lang='lat'>,</span> <span class='ocrx_word' id='word_1_423' title='bbox 1003 1986 1038 2010; x_wconf 94' lang='lat' dir='ltr'>ut</span> <span class='ocrx_word' id='word_1_424' title='bbox 1049 1974 1131 2013; x_wconf 86' lang='lat' dir='ltr'>visus</span> <span class='ocrx_word' id='word_1_425' title='bbox 1143 1978 1174 2012; x_wconf 91' lang='lat' dir='ltr'>in</span> <span class='ocrx_word' id='word_1_426' title='bbox 1187 1981 1300 2024; x_wconf 82' lang='lat' dir='ltr'>juvene</span> <span class='ocrx_word' id='word_1_427' title='bbox 1313 1989 1431 2026; x_wconf 58' lang='lat' dir='ltr'>poten,-</span> 
     </span>
     <span class='ocr_line' id='line_1_39' title="bbox 59 2024 672 2072; baseline -0.007 -13"><span class='ocrx_word' id='word_1_428' title='bbox 59 2026 124 2066; x_wconf 81' lang='lat' dir='ltr'>tia,</span> <span class='ocrx_word' id='word_1_429' title='bbox 144 2026 176 2059; x_wconf 85' lang='lat' dir='ltr'>in</span> <span class='ocrx_word' id='word_1_430' title='bbox 193 2024 267 2060; x_wconf 88' lang='lat' dir='ltr'>sene</span> <span class='ocrx_word' id='word_1_431' title='bbox 293 2026 486 2072; x_wconf 81' lang='lat' dir='ltr'>impotentia</span> <span class='ocrx_word' id='word_1_432' title='bbox 501 2027 672 2059; x_wconf 73' lang='lat' dir='ltr'>vocitatur.</span> 
     </span>
    </p>

    <p class='ocr_par' dir='ltr' id='par_1_9' title="bbox 54 2071 1429 2212">
     <span class='ocr_line' id='line_1_40' title="bbox 89 2071 1429 2123; baseline 0.003 -17"><span class='ocrx_word' id='word_1_433' title='bbox 89 2075 265 2117; x_wconf 70' lang='lat' dir='ltr'>Potentiae,</span> <span class='ocrx_word' id='word_1_434' title='bbox 279 2085 313 2107; x_wconf 89' lang='lat' dir='ltr'>ut</span> <span class='ocrx_word' id='word_1_435' title='bbox 323 2072 471 2114; x_wconf 79' lang='lat' dir='ltr'>habitus,</span> <span class='ocrx_word' id='word_1_436' title='bbox 495 2084 549 2107; x_wconf 88' lang='lat' dir='ltr'>aut</span> <span class='ocrx_word' id='word_1_437' title='bbox 563 2075 660 2107; x_wconf 86' lang='lat' dir='ltr'>animi</span> <span class='ocrx_word' id='word_1_438' title='bbox 674 2071 745 2107; x_wconf 81' lang='lat' dir='ltr'>sunt</span> <span class='ocrx_word' id='word_1_439' title='bbox 760 2101 771 2115; x_wconf 92' lang='lat'><em>‚</em></span> <span class='ocrx_word' id='word_1_440' title='bbox 801 2077 1005 2123; x_wconf 79' lang='lat' dir='ltr'>autcorporis</span> <span class='ocrx_word' id='word_1_441' title='bbox 1029 2088 1037 2110; x_wconf 71' lang='grc' dir='ltr'><strong>ε</strong></span> <span class='ocrx_word' id='word_1_442' title='bbox 1058 2075 1225 2111; x_wconf 85' lang='lat' dir='ltr'>facultates</span> <span class='ocrx_word' id='word_1_443' title='bbox 1241 2076 1342 2108; x_wconf 83' lang='lat' dir='ltr'>animi</span> <span class='ocrx_word' id='word_1_444' title='bbox 1358 2073 1429 2110; x_wconf 89' lang='lat' dir='ltr'>sunt</span> 
     </span>
     <span class='ocr_line' id='line_1_41' title="bbox 55 2119 1429 2170; baseline 0.001 -14"><span class='ocrx_word' id='word_1_445' title='bbox 55 2119 236 2157; x_wconf 62' lang='lat' dir='ltr'>intellectus</span> <span class='ocrx_word' id='word_1_446' title='bbox 249 2151 259 2165; x_wconf 85' lang='lat'>,</span> <span class='ocrx_word' id='word_1_447' title='bbox 276 2127 309 2158; x_wconf 90' lang='lat'>&amp;</span> <span class='ocrx_word' id='word_1_448' title='bbox 323 2121 471 2157; x_wconf 80' lang='lat' dir='ltr'>voluntas</span> <span class='ocrx_word' id='word_1_449' title='bbox 488 2136 496 2157; x_wconf 91' lang='lat'>:</span> <span class='ocrx_word' id='word_1_450' title='bbox 517 2121 574 2156; x_wconf 79' lang='lat' dir='ltr'>ille</span> <span class='ocrx_word' id='word_1_451' title='bbox 584 2120 764 2170; x_wconf 84' lang='lat' dir='ltr'>cognoscit,</span> <span class='ocrx_word' id='word_1_452' title='bbox 786 2123 854 2160; x_wconf 76' lang='lat' dir='ltr'>haec</span> <span class='ocrx_word' id='word_1_453' title='bbox 871 2136 958 2159; x_wconf 84' lang='lat' dir='ltr'>amat</span> <span class='ocrx_word' id='word_1_454' title='bbox 973 2139 980 2160; x_wconf 89' lang='lat'>:</span> <span class='ocrx_word' id='word_1_455' title='bbox 996 2123 1051 2159; x_wconf 81' lang='lat' dir='ltr'>ille</span> <span class='ocrx_word' id='word_1_456' title='bbox 1071 2127 1155 2159; x_wconf 82' lang='lat' dir='ltr'>circa</span> <span class='ocrx_word' id='word_1_457' title='bbox 1168 2124 1338 2159; x_wconf 71' lang='lat' dir='ltr'>veritatem</span> <span class='ocrx_word' id='word_1_458' title='bbox 1357 2135 1429 2158; x_wconf 86' lang='lat' dir='ltr'>vet-</span> 
     </span>
     <span class='ocr_line' id='line_1_42' title="bbox 54 2169 557 2212; baseline -0.002 -8"><span class='ocrx_word' id='word_1_459' title='bbox 54 2169 137 2204; x_wconf 81' lang='lat' dir='ltr'>satur</span> <span class='ocrx_word' id='word_1_460' title='bbox 149 2198 159 2212; x_wconf 90' lang='lat'>‚</span> <span class='ocrx_word' id='word_1_461' title='bbox 182 2170 246 2204; x_wconf 79' lang='lat' dir='ltr'>haec</span> <span class='ocrx_word' id='word_1_462' title='bbox 259 2173 292 2206; x_wconf 91' lang='lat' dir='ltr'>in</span> <span class='ocrx_word' id='word_1_463' title='bbox 305 2169 425 2205; x_wconf 87' lang='lat' dir='ltr'>bonum</span> <span class='ocrx_word' id='word_1_464' title='bbox 438 2172 557 2206; x_wconf 79' lang='lat' dir='ltr'>nititur.</span> 
     </span>
    </p>

    <p class='ocr_par' dir='ltr' id='par_1_10' title="bbox 57 2218 1429 2415">
     <span class='ocr_line' id='line_1_43' title="bbox 90 2218 1426 2267; baseline 0.004 -17"><span class='ocrx_word' id='word_1_465' title='bbox 90 2218 247 2253; x_wconf 66' lang='lat' dir='ltr'>Potentiae</span> <span class='ocrx_word' id='word_1_466' title='bbox 265 2231 319 2254; x_wconf 89' lang='lat' dir='ltr'>aut</span> <span class='ocrx_word' id='word_1_467' title='bbox 328 2221 412 2253; x_wconf 85' lang='lat' dir='ltr'>vires</span> <span class='ocrx_word' id='word_1_468' title='bbox 431 2231 602 2267; x_wconf 86' lang='lat' dir='ltr'>corporum</span> <span class='ocrx_word' id='word_1_469' title='bbox 614 2218 746 2253; x_wconf 80' lang='lat' dir='ltr'>occultae</span> <span class='ocrx_word' id='word_1_470' title='bbox 767 2218 837 2253; x_wconf 86' lang='lat' dir='ltr'>sunt</span> <span class='ocrx_word' id='word_1_471' title='bbox 854 2249 863 2263; x_wconf 87' lang='lat'>‚</span> <span class='ocrx_word' id='word_1_472' title='bbox 892 2232 948 2256; x_wconf 90' lang='lat' dir='ltr'>aut</span> <span class='ocrx_word' id='word_1_473' title='bbox 965 2221 1136 2256; x_wconf 75' lang='lat' dir='ltr'>manifesta:</span> <span class='ocrx_word' id='word_1_474' title='bbox 1160 2234 1167 2255; x_wconf 90' lang='lat'>:</span> <span class='ocrx_word' id='word_1_475' title='bbox 1189 2220 1249 2255; x_wconf 85' lang='lat' dir='ltr'>illae</span> <span class='ocrx_word' id='word_1_476' title='bbox 1267 2219 1353 2255; x_wconf 72' lang='lat' dir='ltr'>forte</span> <span class='ocrx_word' id='word_1_477' title='bbox 1365 2232 1426 2255; x_wconf 70' lang='lat' dir='ltr'>nos</span> 
     </span>
     <span class='ocr_line' id='line_1_44' title="bbox 57 2263 1428 2315; baseline 0.004 -18"><span class='ocrx_word' id='word_1_478' title='bbox 57 2263 184 2312; x_wconf 76' lang='lat' dir='ltr'>fugiunt</span> <span class='ocrx_word' id='word_1_479' title='bbox 197 2295 205 2306; x_wconf 82' lang='lat'>,</span> <span class='ocrx_word' id='word_1_480' title='bbox 221 2270 315 2302; x_wconf 75' lang='lat' dir='ltr'>,utvis</span> <span class='ocrx_word' id='word_1_481' title='bbox 333 2269 365 2301; x_wconf 86' lang='lat' dir='ltr'>in</span> <span class='ocrx_word' id='word_1_482' title='bbox 378 2279 526 2315; x_wconf 80' lang='lat' dir='ltr'>magnete</span> <span class='ocrx_word' id='word_1_483' title='bbox 540 2279 603 2315; x_wconf 80' lang='lat' dir='ltr'>qua</span> <span class='ocrx_word' id='word_1_484' title='bbox 619 2267 659 2301; x_wconf 81' lang='lat' dir='ltr'>ad</span> <span class='ocrx_word' id='word_1_485' title='bbox 672 2267 766 2302; x_wconf 85' lang='lat' dir='ltr'>Polos</span> <span class='ocrx_word' id='word_1_486' title='bbox 779 2269 891 2302; x_wconf 86' lang='lat' dir='ltr'>mundi</span> <span class='ocrx_word' id='word_1_487' title='bbox 903 2272 1100 2304; x_wconf 86' lang='lat' dir='ltr'>convertitur</span> <span class='ocrx_word' id='word_1_488' title='bbox 1113 2299 1122 2313; x_wconf 89' lang='lat'>,</span> <span class='ocrx_word' id='word_1_489' title='bbox 1141 2281 1195 2303; x_wconf 86' lang='lat' dir='ltr'>aut</span> <span class='ocrx_word' id='word_1_490' title='bbox 1210 2269 1328 2303; x_wconf 79' lang='lat' dir='ltr'>ferrum</span> <span class='ocrx_word' id='word_1_491' title='bbox 1346 2269 1386 2303; x_wconf 85' lang='lat' dir='ltr'>ad</span> <span class='ocrx_word' id='word_1_492' title='bbox 1398 2268 1428 2303; x_wconf 86' lang='lat' dir='ltr'>se</span> 
     </span>
     <span class='ocr_line' id='line_1_45' title="bbox 58 2314 1428 2364; baseline 0.002 -16"><span class='ocrx_word' id='word_1_493' title='bbox 58 2314 151 2359; x_wconf 74' lang='lat' dir='ltr'>rapit.</span> <span class='ocrx_word' id='word_1_494' title='bbox 171 2315 230 2347; x_wconf 82' lang='lat' dir='ltr'>Hae</span> <span class='ocrx_word' id='word_1_495' title='bbox 247 2316 394 2351; x_wconf 83' lang='lat' dir='ltr'>videntur</span> <span class='ocrx_word' id='word_1_496' title='bbox 410 2319 585 2364; x_wconf 84' lang='lat' dir='ltr'>aper-tiores</span> <span class='ocrx_word' id='word_1_497' title='bbox 599 2344 608 2358; x_wconf 94' lang='lat'>‚</span> <span class='ocrx_word' id='word_1_498' title='bbox 624 2326 658 2349; x_wconf 87' lang='lat' dir='ltr'>ut</span> <span class='ocrx_word' id='word_1_499' title='bbox 677 2319 758 2350; x_wconf 89' lang='lat' dir='ltr'>vires</span> <span class='ocrx_word' id='word_1_500' title='bbox 767 2327 879 2350; x_wconf 85' lang='lat' dir='ltr'>omnes</span> <span class='ocrx_word' id='word_1_501' title='bbox 889 2329 960 2363; x_wconf 82' lang='lat' dir='ltr'>quae</span> <span class='ocrx_word' id='word_1_502' title='bbox 970 2317 1070 2353; x_wconf 80' lang='lat' dir='ltr'>sensus</span> <span class='ocrx_word' id='word_1_503' title='bbox 1083 2317 1211 2353; x_wconf 88' lang='lat' dir='ltr'>feriunt.</span> <span class='ocrx_word' id='word_1_504' title='bbox 1230 2318 1428 2364; x_wconf 81' lang='lat' dir='ltr'>Qianquam</span> 
     </span>
     <span class='ocr_line' id='line_1_46' title="bbox 59 2362 1429 2415; baseline 0.001 -14"><span class='ocrx_word' id='word_1_505' title='bbox 59 2372 248 2415; x_wconf 48' lang='lat' dir='ltr'>&amp;equoque</span> <span class='ocrx_word' id='word_1_506' title='bbox 263 2376 378 2411; x_wconf 74' lang='lat' dir='ltr'>magna</span> <span class='ocrx_word' id='word_1_507' title='bbox 387 2376 528 2413; x_wconf 74' lang='lat' dir='ltr'>exparte</span> <span class='ocrx_word' id='word_1_508' title='bbox 540 2364 611 2402; x_wconf 77' lang='lat' dir='ltr'>sunt</span> <span class='ocrx_word' id='word_1_509' title='bbox 620 2362 714 2400; x_wconf 89' lang='lat' dir='ltr'>nobis</span> <span class='ocrx_word' id='word_1_510' title='bbox 731 2367 900 2413; x_wconf 78' lang='lat' dir='ltr'>incognitae</span> <span class='ocrx_word' id='word_1_511' title='bbox 913 2379 921 2402; x_wconf 75' lang='grc' dir='ltr'>ε</span> <span class='ocrx_word' id='word_1_512' title='bbox 941 2365 1063 2403; x_wconf 81' lang='lat' dir='ltr'>tametsi</span> <span class='ocrx_word' id='word_1_513' title='bbox 1072 2366 1246 2402; x_wconf 70' lang='lat' dir='ltr'>manifesta:</span> <span class='ocrx_word' id='word_1_514' title='bbox 1256 2367 1402 2402; x_wconf 68' lang='lat' dir='ltr'>dicuntur</span> <span class='ocrx_word' id='word_1_515' title='bbox 1415 2392 1429 2408; x_wconf 83' lang='lat'><strong><em>.</em></strong></span> 
     </span>
    </p>
   </div>
  </div>
 </body>
</html>
