1857 2745
422 121 839 158 TRACTATUS
879 121 1134 160 TERTiUf.
1443 141 1473 162 η

81 173 220 211 effessius
230 184 287 221 per
303 172 334 208 se
347 201 357 218 ‚
374 176 407 210 &
425 171 613 207 immediate
623 199 633 215 ,
646 183 714 206 non
726 183 782 219 per
790 169 914 218 aliquid
925 170 946 207 ὲ.
959 170 989 206 se
1003 171 1185 208 distinetum
1204 172 1223 208 ἐι
1237 172 1325 208 causa
1343 139 1477 221 pendset.

82 225 203 273 —.Qare
222 223 308 258 acrio
328 233 482 257 creaturae
507 222 638 269 proprie
663 232 730 255 non
743 220 928 269 producitur
944 249 954 264 ,
978 233 1084 268 neque
1105 222 1187 256 adeo
1205 221 1259 256 illa
1282 224 1410 257 ratione
1426 222 1470 259 sui

87 275 216 320 indiget
228 271 382 307 concursu
395 271 508 306 divino
522 280 557 304 ut
570 268 628 305 fiat
641 296 651 311 ‚
680 267 734 303 sed
751 281 787 304 ut
808 268 874 318 ipse
892 270 1087 316 producatur
1103 270 1248 307 effeetus.
1274 271 1375 318 quue
1391 284 1471 320 prae-

62 348 66 353 .
81 320 198 357 ‚sertim
211 333 324 356 verum
342 321 407 363 est,
425 333 498 355 cum
523 319 650 353 divinus
661 317 829 354 concursus
845 319 1009 353 aditionem
1027 331 1176 355 creaturae
1202 324 1374 355 comitatur
1388 350 1397 364 ‚
1413 333 1469 355 aur

87 369 242 418 sequitur.
269 370 358 405 Cum
378 380 488 404 autem
499 367 587 402 aelio
599 368 666 403 Dei
676 369 762 415 prior
771 367 835 411 est,
858 373 892 404 &
907 368 986 402 facit
998 378 1034 403 ut
1046 367 1202 404 faciamus
1224 384 1232 405 ε
1253 381 1288 405 ut
1301 371 1383 404 iniis
1398 382 1468 417 quae

78 422 172 454 :vires
183 430 304 455 naturae
322 418 490 467 superant,
512 428 581 453 tum
598 418 740 456 afflones
753 416 927 452 voluntatis
940 446 950 461 ‚
968 428 1004 451 ut
1020 417 1150 452 credere
1166 446 1176 461 ,
1189 417 1313 467 sperare
1326 447 1335 461 ,
1356 419 1471 467 dilige-

78 480 122 502 ,τε
134 470 261 511 Deum,
281 467 354 503 sunt
363 466 497 503 effeerus
518 466 637 501 divinae
654 468 811 501 motionis
826 494 836 510 ,
858 471 944 514 quus
957 465 1196 514 impressionem
1221 468 1469 515 consequuntur.

89 515 213 553 Verum
227 529 311 552 nunc
328 517 368 552 de
385 519 420 551 iis
441 527 568 552 tantum
588 517 712 564 agimus
721 527 800 563 quas
816 518 881 551 Dei
895 517 980 551 acrio
999 527 1056 550 aut
1070 518 1245 552 comitatur
1262 546 1272 560 ,
1290 528 1343 552 aut
1365 515 1472 564 sequi-

88 577 140 601 tur
150 595 160 609 ,
179 579 216 600 ac
229 565 348 602 merito
367 565 594 601 contendimus
609 575 789 600 creaturam
804 577 900 613 egere
910 567 977 601 Dei
988 564 1140 600 concursu
1154 593 1164 608 ,
1184 579 1249 601 non
1263 578 1299 601 ut
1307 567 1472 601 affionem

82 613 188 662 ipsam
200 643 209 657 ‚
228 614 278 649 sed
291 627 328 650 ut
346 614 500 653 effeaum
508 625 678 662 procreet:
697 614 786 661 quod
798 616 884 650 afflo
901 617 1027 649 ratione
1043 614 1088 650 sui
1104 627 1170 649 non
1187 613 1222 649 fit
1239 627 1294 652 ens
1309 614 1474 663 physicum

76 662 108 698 «ὲ
121 662 211 698 causa
225 669 258 701 &
273 662 392 700 effeeku
403 665 599 699 diffinitum.
615 665 668 698 Sic
679 662 758 698 nisus
779 675 868 698 arcus
883 665 1002 699 intenti
1022 665 1123 713 exigit
1143 666 1210 699 Dei
1219 662 1424 707 concursum,
1438 676 1475 700 ut

89 711 224 747 effeetus
239 715 385 762 integer,
399 713 451 748 seu
468 714 623 748 restitutio
636 712 726 747 arcus
746 711 805 748 fiat
824 721 834 745 ι
851 711 902 747 sed
914 711 994 749 nisus
1002 712 1057 748 ille
1070 714 1158 761 prior
1169 713 1416 760 quodammodo
1432 714 1476 749 est

77 761 207 796 nauali
223 761 396 805 concursu,
417 767 451 799 δε
465 775 504 797 ex
514 773 653 809 utroque
662 759 750 796 fimul
760 763 931 809 conjuncto
948 760 984 797 fit
1002 762 1095 798 velut
1111 762 1198 798 a&us
1217 761 1371 797 secundus
1387 764 1473 797 inte-

87 822 144 858 ger
164 815 197 846 δε
216 810 410 859 completuS.
1201 839 1206 843 .

123 858 251 894 Contra
267 871 306 894 ea
320 872 388 907 quae
401 859 567 895 attulimus
579 857 680 894 multa
693 860 816 907 opponi
829 857 916 907 posse
927 873 995 896 non
1009 862 1194 909 ignoramus
1204 890 1214 904 ‚
1233 859 1284 895 sed
1299 862 1418 908 partim
1430 872 1471 895 ex

86 908 126 941 iis
137 920 210 955 quae
229 908 368 944 diximus
379 938 388 952 ‚
407 913 524 957 partim
540 922 578 944 ex
592 911 631 942 iis
648 920 717 955 quae
731 909 879 955 proxima
897 910 1070 956 quaestione
1089 909 1208 944 dioruri
1225 908 1328 944 sumus
1341 937 1351 953 ,
1377 909 1472 945 facile

82 955 270 991 diluentur:
297 970 395 992 unum
410 958 564 993 duntaxat
579 968 810 1006 proponemus,
830 960 944 1004 Itaque
965 958 1042 993 illud
1057 956 1154 1005 objici
1172 959 1295 1007 potest,
1321 971 1386 993 non
1408 956 1470 993 effe

88 1005 226 1041 eandem
244 1007 409 1042 affionem
426 1019 490 1054 qua
509 1019 559 1041 res
581 1017 704 1041 creatur
717 1007 751 1040 in
771 1005 903 1041 diverfis
922 1005 1018 1046 locis,
1050 1020 1123 1042 cum
1140 1007 1211 1042 loca
1230 1005 1288 1042 fint
1301 1007 1472 1042 distineta:

88 1064 166 1102 ergo
181 1056 285 1089 motio
295 1055 404 1090 divina
417 1067 471 1090 aut
486 1054 652 1091 concursus
665 1068 732 1091 non
742 1053 786 1088 est
799 1054 865 1103 ipsa
874 1059 1012 1100 creatio,
1032 1056 1297 1093 autconsetvatio
1313 1068 1386 1091 cum
1404 1057 1472 1090 exi-

74 1114 199 1150 genna
221 1115 381 1140 creaturae.

73 1178 79 1181 -
123 1153 213 1200 Resp.
225 1152 309 1197 Dist.
321 1164 388 1189 ant.
402 1155 482 1189 Non
499 1155 546 1189 est
563 1154 677 1189 eadem
690 1153 775 1187 auio
786 1154 911 1188 ratione
926 1152 1083 1196 locorum,
1093 1155 1132 1187 C.
1153 1154 1279 1187 ratione
1288 1153 1378 1202 ipsius
1393 1165 1473 1189 con-

75 1199 294 1244 servationis,
311 1204 361 1235 N.
378 1203 467 1238 Cum
478 1205 566 1238 enim
580 1203 616 1237 sit
636 1202 722 1236 idem
736 1202 875 1236 Creator
891 1230 901 1244 ,
933 1207 967 1238 &
985 1202 1101 1237 eadem
1119 1214 1263 1236 creatura
1288 1204 1320 1237 in
1344 1202 1473 1238 diverfis

90 1249 169 1284 locis
184 1278 193 1293 ,
224 1263 286 1285 una
304 1251 351 1285 est
380 1258 414 1289 ὅ(
430 1252 543 1287 eadem
569 1251 692 1299 ubique
710 1252 818 1294 affi03
840 1250 916 1286 ficut
930 1253 1072 1294 creatio,
1092 1256 1126 1287 &
1144 1250 1349 1286 conservatio
1372 1254 1403 1286 in
1425 1252 1476 1286 di-

89 1297 183 1333 versis
204 1299 393 1335 instantibus
405 1302 520 1337 eadem
543 1313 655 1336 manet
677 1301 763 1335 aeuo
776 1313 843 1336 non
854 1303 1042 1347 interrupta.
1062 1300 1151 1334 Idem
1169 1303 1292 1348 quippe
1307 1301 1354 1334 est
1377 1300 1473 1335 influ-

79 1359 148 1382 ,xus
158 1359 201 1382 ex
211 1360 301 1396 parte
315 1352 452 1396 agentis,
468 1351 582 1384 eadem
594 1350 636 1383 est
652 1348 870 1395 dependentia
886 1359 1015 1395 exparte
1033 1348 1170 1384 effictus
1188 1351 1288 1396 :Ergo
1298 1347 1419 1395 ubique
1430 1349 1476 1384 est

90 1396 207 1430 eadem
220 1398 328 1432 actio:
350 1399 518 1432 cumidem
541 1397 577 1431 sit
590 1399 645 1444 qui
656 1399 722 1445 agit
738 1424 748 1438 ,
776 1396 912 1432 &idem
931 1408 1062 1431 maneat
1083 1397 1217 1432 effeaus
1232 1425 1242 1440 ,
1279 1409 1315 1431 ac
1332 1396 1398 1431 sola
1422 1408 1476 1433 aut

92 1447 258 1493 temporiS,
270 1456 324 1480 aut
333 1444 477 1481 locorum
488 1447 679 1482 connotatio
691 1475 701 1488 ,
716 1444 891 1481 foi-malem
905 1473 915 1488 ,
929 1458 996 1480 non
1015 1444 1137 1481 realem
1155 1445 1284 1481 inducat
1293 1445 1476 1481 distinetio-

92 1506 181 1529 nem.

572 1543 879 1599 QUAESTIO
913 1544 988 1579 111.

222 1616 378 1664 Qomodo
394 1618 483 1651 Dens
500 1628 666 1652 concurrat
696 1630 764 1651 cum
791 1618 890 1664 caufis
914 1616 1019 1652 liberis
1037 1631 1045 1652 z
1076 1614 1131 1652 ubi
1152 1614 1191 1649 de
1207 1613 1337 1661 physica

625 1667 963 1715 praedeterminatione.

185 1740 247 1773 Uae
271 1739 431 1787 superiore
448 1742 553 1788 capite
565 1739 701 1774 diximus
713 1740 754 1774 de
773 1739 924 1775 concursu
937 1741 1051 1775 divino
1072 1749 1144 1772 cum
1159 1737 1254 1773 causis
1274 1738 1475 1776 necessssiriisi

94 1742 394 1838 Qquxquenon
410 1800 475 1823 tam
486 1801 586 1837 agunt
597 1817 605 1831 ,
627 1791 727 1836 quam
740 1801 877 1843 aguntur
894 1789 913 1825 a
928 1794 1002 1825 Deo
1013 1818 1021 1832 ‚
1041 1798 1194 1835 magnam
1214 1787 1340 1836 possunt
1358 1788 1474 1825 afferre

91 1834 195 1871 lucem
211 1840 247 1871 iis
262 1850 331 1884 qux
343 1838 383 1871 de
404 1837 555 1872 concursu
580 1838 695 1873 divino
717 1851 789 1873 cum
803 1838 899 1874 caufis
917 1838 1027 1873 liberis
1046 1837 1161 1871 dicturi
1178 1835 1291 1872 sumus.
1319 1840 1410 1875 Nam
1433 1851 1475 1874 ex

92 1886 129 1918 iis
142 1898 212 1932 quae
220 1887 364 1921 distinste
376 1889 526 1921 novimus
540 1915 551 1930 ,
572 1885 748 1935 cujusmodi
766 1886 835 1923 sunt
855 1900 991 1935 corpora
1008 1916 1019 1931 ,
1042 1891 1074 1923 &
1087 1897 1200 1921 eorum
1213 1899 1318 1922 motus
1334 1915 1344 1931 ,
1363 1900 1422 1936 per
1439 1887 1476 1923 fi-

95 1933 310 1971 militudinem
330 1935 493 1984 quandam
506 1966 516 1980 ,
535 1936 588 1971 vel
599 1935 782 1984 analogiam
794 1965 804 1979 ‚
824 1949 895 1985 quae
918 1935 1019 1972 sensus
1034 1936 1159 1984 fugiunt
1171 1964 1181 1978 ,
1203 1947 1257 1971 aut
1275 1948 1330 1985 per
1352 1937 1474 1972 alienas

93 1981 214 2029 species
229 1986 393 2020 intuemur
404 2013 413 2027 ,
434 1995 598 2033 utcunque
612 1984 821 2034 ,perspicimus
834 1986 1031 2022 :dummodo
1045 1996 1135 2020 certo
1149 1985 1261 2021 ordine
1278 2014 1288 2029 ,
1318 1997 1354 2020 ac
1373 1987 1475 2021 ratio.

93 2043 135 2066 ne
159 2035 410 2082 progrediamur.

128 2082 244 2128 Itaque
266 2083 343 2118 licet
360 2083 453 2118 nobis
470 2085 614 2118 affiones
629 2082 807 2119 voluntatis
838 2085 949 2120 nostrae
973 2096 1046 2118 cum
1077 2083 1277 2121 motionibus
1302 2095 1476 2130 corporum

95 2129 262 2175 conferre,
282 2137 363 2169 &ex
380 2144 587 2179 utrarumque
601 2132 770 2178 analogia,
790 2134 960 2182 quomodo
984 2136 1073 2168 Deus
1087 2146 1159 2168 cum
1180 2132 1349 2167 voluntate
1369 2133 1473 2167 nostra

95 2189 263 2215 concurrat
278 2210 287 2224 ,
309 2193 471 2228 utcunque
485 2181 674 2229 intelligere.
700 2183 771 2216 Has
784 2185 894 2229 utique
905 2181 1123 2217 similitudines
1138 2181 1203 2216 fuse
1220 2183 1266 2215 vir
1280 2179 1471 2215 acutiffimus

96 2229 128 2260 P.
142 2228 323 2275 Magnanus
331 2231 530 2278 persequitur
541 2261 549 2274 ‚
564 2243 634 2278 quae
648 2231 709 2265 huc
720 2231 788 2265 fere
799 2232 975 2266 redeunm.
989 2232 1112 2264 Bonum
1126 2231 1212 2264 idem
1227 2241 1310 2278 pene
1329 2229 1389 2264 effe
1399 2241 1472 2264 cum

96 2275 264 2312 voluntate
278 2290 499 2324 comparatum
515 2309 524 2322 ,
544 2280 630 2323 quod
651 2279 736 2314 locus
749 2280 796 2314 est
811 2283 843 2314 in
856 2278 1060 2327 corporibus.
1080 2280 1132 2313 Sic
1155 2281 1249 2326 igitur
1260 2279 1410 2313 voluntas
1428 2278 1473 2312 fe-

96 2337 130 2358 re
140 2323 274 2372 quiescit
293 2328 324 2360 in
347 2326 435 2361 bono
452 2328 604 2375 poffcffo,
624 2340 657 2363 ut
677 2341 790 2376 corpus
809 2332 842 2363 in
863 2327 935 2363 loco
960 2344 967 2365 :
986 2331 1077 2376 quies
1101 2326 1180 2362 vero
1198 2327 1252 2361 illa
1279 2341 1343 2362 non
1366 2325 1468 2362 otiosa.

97 2374 140 2408 est
155 2402 165 2417 ,
189 2373 241 2409 sed
262 2375 410 2412 aunon:
429 2388 526 2424 arque
542 2390 575 2413 ut
593 2390 727 2426 corpora
749 2381 782 2414 in
796 2378 853 2414 suis
875 2377 951 2413 locis
965 2380 1145 2426 gravium,
1166 2375 1204 2411 sic
1226 2375 1374 2412 voluntas
1395 2387 1473 2415 curn*
