1857 2745
515 147 886 185 TRACTATUS
921 149 1179 185 TERTIUS.
1484 161 1542 193 ὄις

157 198 375 250 perceptionis
385 198 520 234 nomine
536 197 790 246 intelligeremus
803 210 875 233 eam
888 200 1112 246 cognitionem
1122 227 1132 242 ‚
1146 209 1217 245 quae
1227 198 1272 231 ei‘t
1287 209 1359 233 cum
1369 200 1442 236 refle
1450 214 1544 238 xzone

156 251 340 298 conjuncia.
362 251 401 283 Et
420 247 555 294 quidem
583 249 617 282 in
638 247 699 282 hac
719 259 800 282 voce
811 249 1028 295 perceptionis
1041 248 1190 294 quaedam
1213 246 1293 281 latet
1314 249 1544 298 homonymia:

158 310 235 334 nam
246 297 348 332 bestiae
366 295 496 346 objefita
513 298 674 330 intuentur
686 324 695 339 ,
715 302 746 332 ὅ(
763 295 942 331 discernunt
954 325 963 339 ‚
981 307 1081 344 atque
1097 307 1132 331 ut
1148 294 1248 344 vulgo
1267 295 1449 344 loquimur,
1471 301 1546 336 elles

158 349 385 396 apperfoiven:
402 354 418 377 ’r
433 346 484 380 sed
508 344 539 379 se
560 346 677 380 intueri
701 358 767 380 non
786 345 947 388 sentiunt,
971 357 1032 379 nec
1052 347 1182 393 proprie
1203 346 1350 391 cogitant
1370 375 1380 390 ‚
1408 348 1482 381 elles
1509 362 1547 383 ne

155 395 285 444 pensent
299 405 380 444 pas:
398 393 609 429 refleetuntur
628 398 660 428 in
674 393 804 442 objefflt
819 422 828 437 ‚
845 406 914 441 quae
928 394 1004 429 ante
1021 405 1236 442 perceperunt
1250 421 1260 436 ,
1278 407 1346 429 non
1364 397 1395 431 in
1407 394 1473 430 suas
1493 410 1547 432 ac.

158 446 263 479 tiones
279 459 288 486 3
304 455 363 479 nec
373 441 405 478 se
416 443 528 478 videte
537 454 592 478 aut
601 455 733 490 tangere
746 443 1016 478 animadvertunt.
1039 444 1075 477 Id
1089 445 1176 478 enim
1187 442 1276 477 nullo
1293 444 1397 491 potest
1419 450 1545 493 experi-

159 504 274 527 mento
286 492 494 528 demonstrari
507 508 523 536 3!
540 504 600 527 nec
614 491 773 540 possumus
791 491 886 526 aliter
901 491 941 525 de
965 490 1139 526 bestiarum
1157 496 1367 540 perceptione
1386 493 1484 540 quarn
1507 508 1547 531 ex

159 540 285 577 effeffls
298 541 448 589 judicare.
467 541 518 575 Ac
531 540 609 576 nihil
627 553 685 576 nos
696 542 786 589 cogit
801 542 838 575 iis
854 543 1102 590 perceptionem
1119 553 1193 575 cum
1215 540 1394 578 reflexione
1412 548 1547 592 conjun-

160 591 249 626 &am
262 589 422 625 tribuere:
437 602 510 625 cum
524 591 558 626 in
568 589 662 625 nobis
677 588 749 638 ipsis
762 590 795 623 id
813 591 1016 638 experiamur
1026 618 1037 633 ,
1058 588 1160 624 multa
1171 602 1230 624 nos
1246 589 1388 625 sensuum
1403 593 1547 627 ministe—

158 641 385 688 riopercipere
397 652 434 674 ac
445 639 640 687 distinguere
650 640 729 674 citra
740 638 839 673 ullam
860 641 959 674 animi
979 638 1198 675 reflexionem.
1225 640 1379 688 Paginam
1398 639 1475 689 saepe
1499 644 1548 676 in-

161 700 285 737 tegtam
309 688 471 724 lustramus
492 688 591 723 oculis
606 717 617 732 ,
648 693 682 724 δι
700 699 827 723 attento
844 690 954 722 animo
978 687 1192 737 perlegimus,
1210 699 1271 722 nec
1287 700 1384 736 quam
1407 688 1549 727 habeant

159 738 302 773 formam
311 737 366 786 ipsi
375 738 589 782 characteres,
595 749 681 785 quos
698 748 806 772 tamen
815 737 1035 785 distinguimus
1046 766 1057 782 ‚
1075 736 1139 772 uua
1151 737 1277 772 ratione
1297 737 1454 786 explicare
1475 739 1547 788 pos.

159 785 273 821 finnus.

199 833 303 881 Qod
324 834 507 870 identidem
525 836 813 884 repetunt-,ideas
831 833 1021 870 extenfionis
1040 837 1074 871 &
1096 837 1312 883 perceptionis
1331 838 1469 873 omnino
1487 836 1548 873 effe

161 883 299 919 diversas
312 888 398 931 :jam
411 887 522 932 utique
539 885 809 932 responfinnfuit,
823 897 889 919 non
900 885 1004 932 magis
1018 895 1070 917 eas
1082 881 1142 918 effe
1159 883 1310 928 diversas,
1327 897 1425 932 quam
1440 887 1546 923 ideam

161 933 282 967 medici
297 937 330 968 δι
351 932 459 968 musici
472 945 571 969 :cum
587 944 696 969 tamen
712 935 799 969 idem
817 933 919 968 homo
939 932 1028 968 fimul
1043 937 1076 969 &
1094 932 1234 968 medicus
1247 962 1255 976 ‚
1271 939 1305 970 ὃς
1324 933 1467 969 musicus·
1486 935 1547 971 esse

161 980 268 1029 possit.
282 982 362 1017 Uno
376 978 478 1017 verbo
490 993 551 1025 ‚ut
567 994 663 1016 voces
682 985 716 1018 in
735 982 846 1018 scholis
870 981 997 1016 usitatas
1020 980 1193 1016 adhibeam
1208 1011 1217 1025 ‚
1235 982 1309 1016 idea
1331 987 1547 1031 perceptionis

162 1042 233 1077 quae
251 1031 292 1064 ad
310 1028 411 1065 sensus
431 1033 590 1078 pertinetss,
610 1030 733 1066 diversa
743 1032 791 1066 est
803 1030 844 1066 ab
857 1031 930 1065 idea
947 1033 993 1064 rei
1007 1028 1140 1064 extensae
1151 1059 1161 1073 ‚
1173 1031 1372 1078 inadaequate
1385 1061 1393 1075 ‚
1410 1036 1448 1068 C.
1463 1035 1548 1068 adae-

163 1090 262 1126 quate
273 1080 472 1121 ,N.›Potest
488 1081 574 1115 enim
590 1083 719 1130 concipi
739 1078 881 1116 extensio
895 1078 958 1115 fine
974 1080 1183 1128 percepdone
1194 1107 1204 1122 ,
1220 1092 1289 1115 non
1311 1082 1391 1115 item
1413 1094 1548 1132 percep-

164 1130 211 1162 tio
226 1126 367 1163 sensuum
385 1127 450 1165 fine
469 1126 675 1166 extensiones

199 1178 244 1212 At
257 1179 345 1211 enim
363 1204 385 1220 ‚.
402 1179 578 1224 inquiunt,
593 1177 626 1212 id
641 1178 732 1213 nullo
744 1177 851 1213 modo
867 1176 1057 1225 intelligitur
1070 1205 1081 1220 ‚
1100 1175 1158 1224 qui
1176 1176 1251 1212 fieri·
1262 1177 1356 1225 poffit
1369 1189 1547 1215 utmerutn

164 1237 276 1274 eorpus
290 1254 300 1269 ,
314 1238 370 1261 aut
385 1229 518 1261 materia
531 1226 665 1273 aliquid
680 1226 798 1262 sentiat
810 1255 819 1268 ,
839 1237 896 1260 aut
914 1227 1073 1273 percipiat
1084 1253 1094 1268 ,
1111 1229 1321 1272 quantumvis
1339 1239 1451 1276 corpus
1469 1228 1548 1263 illud

163 1272 368 1310 fitaffliofiini
383 1304 392 1318 ‚
406 1272 519 1310 fiibtile
533 1304 543 1319 ,
555 1280 587 1312 δε
599 1287 801 1311 tantumnon
811 1273 974 1322 spiritale.-
1111 1319 1114 1320 ⁷

201 1323 288 1369 Resp.
297 1349 300 1352 ι
309 1336 422 1373 corpus
435 1327 468 1358 vi
482 1323 533 1358 sua
552 1327 716 1371 percipere
727 1323 817 1357 nullo
828 1323 927 1357 modo
940 1321 1035 1370 posse,
1046 1320 1101 1356 nisi
1116 1324 1182 1356 vim
1197 1321 1352 1357 sentiendi
1365 1323 1408 1357 ab*
1423 1326 1547 1359 Antho-

165 1375 515 1419 renatutaeacceperit.
536 1372 601 1405 Sed
619 1383 663 1406 ne
673 1370 843 1406 substantia
857 1371 988 1418 quidem
1005 1369 1170 1418 spiritaliS,
1185 1382 1220 1404 ut
1237 1370 1405 1406 substantia
1430 1374 1490 1411 est,
1512 1381 1547 1410 ὃς

166 1419 400 1456 dimensionum
417 1432 529 1468 expers
542 1447 552 1464 ‚
564 1421 907 1470 quicquamvperc-ipiss
915 1430 977 1454 aut
990 1419 1165 1468 intelligit,
1186 1419 1245 1455 nist
1264 1422 1462 1469 percipiendi
1479 1426 1547 1459 vim

166 1469 294 1505 Author
306 1481 429 1504 natur-:e
439 1472 469 1503 ei
484 1467 685 1506 concefferit.

194 1516 322 1554 Verum
336 1546 346 1560 ‚
361 1518 478 1562 instant
489 1547 498 1562 ‚
509 1531 575 1553 non
588 1518 672 1552 clare
691 1517 899 1567 intelligimus
917 1523 950 1554 δέ
966 1517 1111 1553 distincte
1128 1520 1317 1567 principium
1335 1519 1412 1554 illud
1430 1533 1544 1568 perce-

167 1569 517 1616 ptionis-corporeum;
533 1579 640 1614 neque
652 1567 735 1602 adeo
747 1568 779 1601 id
799 1569 914 1602 timere
927 1566 1014 1602 afferi
1033 1565 1143 1601 debet.

204 1617 291 1662 Resp.
308 1616 338 1649 id
353 1616 545 1664 principium
564 1615 582 1652 ἒι
599 1615 694 1651 nobis
710 1617 832 1651 directe
846 1645 855 1659 ‚
872 1627 907 1651 ut
921 1617 1029 1659 aiunt,
1045 1621 1080 1652 ἃ,
1096 1614 1282 1650 immediate
1294 1629 1359 1651 non
1378 1619 1517 1668 intelligi
1535 1651 1543 1664 ‚

168 1665 219 1701 sed
229 1677 285 1713 per
300 1663 431 1700 effeetus
441 1694 450 1707 ,
465 1670 499 1701 &
511 1666 651 1699 mediate
664 1665 696 1698 id
709 1665 930 1713 cognoscimus
942 1694 951 1708 ‚
961 1665 1074 1699 utsalia
1094 1677 1179 1714 pene
1194 1663 1329 1700 infinita.
1344 1668 1458 1714 Itaque
1472 1683 1546 1716 per-

168 1717 277 1763 ceptio
287 1713 393 1748 bestiae
405 1713 516 1748 saltem
527 1714 683 1749 indireete
695 1713 714 1749 ἐι
731 1715 825 1749 nobis
839 1714 1042 1762 cognoscitur
1052 1742 1062 1756 ‚
1074 1726 1175 1762 eaque
1189 1715 1232 1749 est
1242 1713 1409 1750 divisibilis
1420 1720 1546 1753 ratione
1558 1733 1561 1735 ’

170 1766 297 1812 organi:
313 1761 509 1798 etsi-ratione
518 1762 562 1797 sui
573 1761 609 1798 fit
620 1762 822 1799 indivisibilis
843 1777 849 1799 :
874 1764 963 1811 quod
979 1763 1125 1798 addimus
1142 1792 1152 1806 ,
1176 1763 1324 1798 uttalreri
1347 1763 1521 1813 objectioni
1537 1795 1561 1811 γ

169 1824 241 1860 quae
259 1810 327 1848 fieri
343 1812 469 1860 potest,
485 1823 698 1848 occur-‘ramum
1120 1857 1123 1859 η

189 1862 289 1908 Qod
301 1873 410 1896 autem
425 1872 572 1896 metuunt
587 1873 626 1896 ne
644 1860 700 1895 illa
717 1873 791 1909 quse
803 1859 934 1896 affertur
952 1860 971 1896 ἐι
990 1860 1133 1898 Cartefio
1143 1871 1202 1908 pro
1214 1862 1462 1897 immortalitate
1478 1866 1547 1898 ani-

170 1923 228 1946 mae
241 1939 251 1954 ,
262 1921 423 1959 ut’putant
436 1910 686 1953 ,demonstratio
699 1940 708 1954 ,
730 1909 948 1958 periclitetur,
964 1908 985 1943 si
1004 1909 1149 1957 aliquam
1174 1908 1280 1945 bestiis
1302 1914 1545 1959 perceptionem

171 1958 363 2002 tribuamus,
379 1959 442 1995 hoc
460 1958 562 2005 ipsum
573 1959 660 2005 quod
672 1961 787 1994 timent
800 1987 810 2002 ,
827 1958 907 1994 nihil
931 1959 992 1994 est:
1020 1961 1180 1993 tot-enim
1206 1959 1383 1994 rationibus
1405 1963 1552 1996 munitur

172 2011 290 2043 mentis
305 2008 452 2045 humanae
465 2007 609 2055 spiritalis
626 2010 854 2057 &incorrupta
865 2019 977 2043 natura
991 2020 1089 2055 ‚quas
1100 2006 1154 2042 suo
1168 2007 1242 2043 loco
1251 2009 1417 2044 attulimus
1428 2038 1437 2053 ‚
1453 2022 1489 2044 ut
1505 2011 1545 2045 de

172 2058 252 2093 statu
269 2053 322 2092 suo
334 2070 400 2092 non
412 2056 633 2106 periclitetur,
646 2056 767 2092 etiamsi
785 2056 878 2093 bruta
892 2056 957 2092 levi
977 2062 1012 2094 δὲ
1027 2056 1222 2105 imperfeCm
1243 2060 1431 2106 cognitione
1443 2059 1546 2093 done-

173 2118 255 2141 mur.
279 2108 368 2141 Nam
383 2116 423 2140 ut‘
435 2105 511 2140 alias
537 2108 688 2141 omittam
708 2106 870 2154 utriusque
885 2107 1103 2154 perceptionis
1119 2104 1336 2150 differentias,
1359 2118 1483 2142 certum
1502 2109 1555 2142 est'

173 2153 367 2190 nos'infinita
376 2167 478 2203 prope
489 2156 652 2202 percipere
664 2184 673 2198 ,
687 2167 760 2202 quae
770 2158 848 2192 >vim
867 2168 999 2191 omnem
1008 2152 1148 2190 sensuum
1159 2160 1192 2191 &
1207 2157 1442 2203 imaginationis
1453 2155 1544 2205 supe-

175 2214 247 2238 rant
258 2231 267 2244 ,
286 2205 378 2247 quod
387 2216 425 2238 ea
442 2203 520 2246 sint,
545 2203 825 2248 auenniversalia-‚
849 2216 916 2239 aut·
933 2203 1095 2252 spiritalia.
1116 2204 1198 2237 Cum
1221 2207 1302 2238 enim
1316 2231 1325 2242 ‚
1341 2216 1377 2238 ur
1395 2204 1544 2253 exemplo

176 2252 263 2299 quod
277 2250 371 2286 affert
386 2255 421 2288 S.
433 2254 515 2301 Aug.
532 2251 553 2288 l.
563 2268 586 2289 ι.
601 2252 703 2288 Conf.
720 2265 802 2291 utar,
817 2252 910 2287 audio
927 2253 1053 2299 triaeffe
1065 2263 1183 2300 genera
1197 2251 1391 2299 quaestt'anum
1403 2280 1412 2295 ‚
1437 2266 1478 2287 an
1487 2254 1542 2298 stt,

178 2300 312 2348 quldfit
324 2327 332 2337 ,
347 2301 441 2346 quale
451 2302 495 2344 stt
508 2315 517 2336 z
524 2303 669 2346 sbnorum
680 2303 807 2348 quidem
825 2300 936 2349 quibus
952 2299 1053 2334 verba
1069 2299 1286 2347 cnnftb'lafitnt
1297 2329 1306 2342 ,
1323 2302 1476 2348 imagines
1494 2314 1541 2337 te.

180 2362 254 2386 neo,
277 2347 315 2382 ὥ*
333 2361 383 2381 eas
410 2358 468 2396 per
488 2360 580 2384 aures
594 2363 663 2385 cum
676 2350 805 2400 strepitu
829 2350 967 2396 tranfiffe
981 2378 990 2392 ,
1012 2362 1051 2383 ac
1064 2352 1134 2392 jam
1150 2363 1210 2385 non
1223 2351 1277 2396 effe
1282 2350 1354 2395 scio.
1382 2349 1441 2384 R'es
1463 2363 1540 2386 vero

178 2399 330 2445 ipfiisquae
346 2397 414 2431 illis
425 2396 736 2445 fignificanturfinis
748 2399 944 2447 ,nequenllo
953 2398 1190 2446 ftnficcorporis
1209 2400 1307 2444 attigi
1317 2426 1327 2440 ‚
1348 2410 1405 2432 nec
1421 2402 1552 2448 uspiam*

367 2459 424 2481 om.
448 2447 476 2480 I.
1251 2448 1280 2482 Κ
1291 2459 1312 2482 K
1322 2460 1343 2482 x<
1354 2456 1378 2481 i<
