1857 2745
599 104 639 138 M
659 104 694 139 O
713 103 746 138 R
763 103 792 138 A
812 103 870 139 LI
889 104 923 140 S.
1393 111 1432 145 28

53 169 181 195 certum
199 167 237 192 ac
251 153 424 192 definitum
435 151 604 190 inflectant
619 181 629 196 ,
643 152 726 187 clara
746 152 900 188 videlicet
923 156 958 190 &
971 151 1106 189 evidens
1126 156 1272 203 cognitio
1282 183 1292 199 ‚
1315 167 1352 191 ac
1365 128 1448 194 con.5

56 208 142 246 fusus
163 206 298 255 quidam
315 203 492 254 voluptatis
511 201 624 239 sensus.
655 202 741 239 Cum
762 205 850 237 enirn
866 201 1019 239 voluntas
1036 204 1102 252 jugi
1124 208 1157 240 &
1175 216 1243 239 non
1266 205 1447 256 interrupta

56 258 207 294 motione
225 259 256 290 in
273 253 398 290 bonum
415 251 600 288 universum
613 252 735 287 feratur
750 282 759 296 ‚
780 251 838 287 ubi
855 252 935 288 boni
955 252 1036 287 illius
1051 251 1202 301 splendor
1220 256 1340 290 emicat
1353 285 1363 300 ‚
1386 258 1447 292 sta-

55 309 116 342 tim
133 308 167 341 in
178 305 257 340 illud
271 304 423 340 voluntas
436 304 546 338 nititur
561 314 718 350 ·‚cumque
729 303 760 336 id
784 314 912 337 tantvm
925 315 993 338 non
1008 301 1068 337 esse
1092 305 1254 350 comperit
1267 332 1278 346 ‚
1296 316 1334 340 ut
1347 309 1446 341 animi

54 357 272 404 capacitatem
283 352 416 401 expleat
431 381 441 396 ,
457 352 584 387 alterius
601 350 681 387 boni
709 350 864 387 desiderio
880 354 995 401 agitari
1011 352 1120 400 potcst
1132 380 1142 396 ‚
1161 358 1194 388 ὃ(
1215 355 1292 388 novi
1317 354 1447 404 alicujus

55 403 178 453 objecti
208 402 400 439 fruitionem
423 413 575 451 expetere
593 431 602 445 ,
616 402 715 449 idque
731 401 939 450 prioribono
957 412 1172 450 anteponere.
1196 401 1328 437 Nullius
1359 409 1446 441 enim

53 451 254 503 particularis
266 451 347 486 boni
358 462 450 487 extra
462 464 521 487 nos
537 449 631 500 pofiti
645 450 829 486 invincibili
844 463 955 487 amore
965 451 1113 501 illigatur.

88 504 167 538 Vim
185 503 297 549 itaque
317 500 407 535 illam
421 504 520 537 animi
534 513 600 548 qua
616 499 784 547 objec’tum
804 500 957 550 amplesti
970 501 1074 548 potest
1088 506 1120 537 &
1133 500 1280 549 respuere
1291 531 1300 546 ,
1311 501 1448 538 liberta..

53 562 122 588 tem
141 563 258 586 omnes
270 562 391 585 vocant
405 564 413 586 :
434 563 540 598 eaque
561 549 582 584 sl
593 552 731 599 primam
744 562 865 586 naturae
877 550 1112 586 institutionem
1127 549 1318 599 spectcmus‚
1332 554 1365 588 in
1376 547 1448 588 om-

53 599 152 638 nibus
162 598 354 635 hominibus
365 628 375 642 ‚
393 611 430 634 ut
439 602 522 635 ratio
531 598 596 649 ipsa
609 600 736 647 aequalis
750 603 900 635 occurrit.
919 599 982 634 Sed
992 612 1065 648 quae
1076 611 1245 648 peccatum
1261 600 1332 636 sunt
1343 600 1447 637 subse-

53 661 134 685 cutae
150 650 334 698 ignorantia
352 654 385 685 &
401 649 662 698 concupiscentia
677 678 687 693 ‚
700 649 749 684 hae
763 662 829 685 non
841 650 1050 684 mediocriter
1061 661 1133 683 eam
1148 652 1216 685 vim
1235 653 1326 686 omni
1351 664 1448 687 natu-

51 710 94 734 rae
109 697 243 748 spiritali
263 700 474 746 congenitam
493 698 899 740 debilitarunt‚rationem
917 697 1016 747 ipsam
1036 698 1255 742 obduxerunt,
1272 712 1310 734 ac
1326 700 1447 738 volun-

53 757 158 783 tatem
179 746 364 796 corrupere·
396 749 486 782 Hinc
498 759 570 794 quae
594 746 726 793 aequalis
747 749 779 782 in
795 747 947 783 omnibus
963 747 1150 784 horninibus
1169 747 1275 784 fuiffct
1290 747 1422 785 libertas
1434 780 1446 795 ,

52 797 86 832 in
106 794 296 844 quibusdam
317 800 421 844 major
434 825 445 840 ,
458 797 489 831 in
504 795 669 831 nonnullis
684 798 793 832 minor
809 809 955 845 apparet.
993 801 1116 845 Neque
1141 800 1228 833 enim
1241 798 1330 834 idern
1345 800 1388 834 est
1411 802 1448 836 in

51 844 204 881 omnibus
218 847 352 881 rationis
368 847 477 880 lumen
489 874 500 889 ,
518 857 628 893 neque
644 847 746 880 animi
768 847 801 881 in
812 858 927 894 corpus
939 847 1083 894 potestas
1096 848 1219 882 eadem.
1243 849 1348 884 Variae
1361 862 1448 897 quo-

51 906 116 942 que
130 893 302 930 hominum
315 895 487 941 opiniones
497 922 506 937 ,
519 894 765 929 consuetudines
777 923 787 938 ,
806 906 1064 943 temperamenta
1074 925 1083 939 ‚
1107 898 1194 930 varia
1208 900 1352 944 corporis
1367 911 1446 934 con-

52 943 204 978 formitas
219 971 228 986 ,
247 942 412 991 spirituum
426 953 534 977 motus
553 947 587 979 &
603 945 698 990 copia
713 943 888 991 plurimum
907 942 1195 980 libertatemillam
1217 945 1400 993 :equilibrii‚
1412 953 1448 984 ὃς

52 993 153 1026 animi
174 995 207 1026 in
226 1003 338 1040 corpus
359 993 533 1039 imperium
553 991 756 1040 augere‚vel
777 994 924 1028 minuere
933 991 1069 1041 possunt.
1095 994 1157 1029 Sed
1174 1005 1285 1030 tamen
1307 1007 1380 1030 cum
1395 996 1449 1030 ad-

51 1040 100 1074 est
114 1039 280 1089 objefflim
289 1041 380 1087 quod
394 1041 538 1074 animum
548 1040 589 1073 ad
610 1039 639 1074 se
655 1039 756 1074 allicit
770 1040 890 1082 ,homo
901 1043 1091 1087 quitatione
1106 1042 1157 1077 sua
1168 1045 1283 1080 utitur,
1300 1055 1447 1081 amorem

50 1087 143 1126 suum
156 1088 265 1138 potest
278 1087 466 1136 suspendere
480 1117 490 1131 ,
508 1093 542 1125 δε
557 1085 662 1122 secum
678 1090 825 1136 cogitare
838 1101 878 1122 an
888 1088 1059 1137 objectum
1075 1090 1448 1138 quodproponitnrffe-

51 1150 125 1174 tum
136 1137 172 1173 sit
190 1143 222 1175 &
234 1139 414 1186 genuinum
431 1135 558 1172 bonum
571 1166 580 1180 ,
590 1148 646 1171 aut
663 1149 751 1172 certe
764 1149 838 1171 cum
860 1136 919 1172 illo
932 1137 1113 1173 consentiat
1123 1167 1132 1182 ,
1145 1150 1186 1173 an
1203 1139 1349 1175 fucatum
1366 1141 1447 1177 dun-

52 1197 144 1222 taxat
159 1186 197 1223 fit
208 1193 242 1225 &
257 1185 409 1235 spurium.
431 1186 534 1232 Qiod
555 1184 576 1221 fi
587 1187 725 1222 omnino
739 1198 807 1222 non
822 1184 917 1234 poffit
936 1185 1025 1222 suum
1038 1199 1182 1223 amorem
1193 1187 1342 1224 sustinere
1352 1219 1362 1233 ‚
1374 1202 1445 1227 tum

54 1237 201 1273 instinctu
212 1236 356 1284 quodam
381 1247 516 1279 naturae,
533 1249 601 1271 non
620 1237 746 1271 ratione
765 1237 880 1285 agitur.
908 1238 961 1271 Sic
981 1236 1105 1280 msam,
1128 1249 1182 1272 aut
1202 1240 1227 1272 is
1250 1241 1305 1285 qui
1324 1240 1446 1275 dormit

55 1287 124 1322 vim
143 1285 234 1321 illam
246 1298 311 1321 non
327 1284 430 1322 habet
445 1284 628 1321 cohibendi
642 1296 789 1320 amorem
811 1297 868 1320 aut
877 1297 1005 1321 motum
1018 1288 1120 1321 animi
1143 1289 1175 1322 in
1189 1286 1373 1335 obJ’edkum:
1388 1302 1446 1325 un-

55 1335 97 1370 de
111 1347 225 1371 neuter
246 1346 314 1370 tum
331 1333 432 1370 libere
455 1346 620 1383 operatur.
644 1335 723 1382 Qo
745 1338 829 1370 ratio
851 1335 896 1369 est
918 1334 1059 1370 debilior
1073 1365 1082 1380 ‚
1103 1337 1166 1372 hoc
1190 1340 1296 1372 anima
1316 1338 1446 1374 facilius

51 1383 212 1434 abripitur
228 1383 270 1418 ab
289 1382 443 1432 objestis‚
465 1389 498 1421 &
514 1386 654 1420 minimo
665 1395 838 1421 momento
848 1384 910 1419 huc
923 1383 998 1419 illuc
1012 1385 1192 1435 impellitur
1204 1403 1213 1429 ς
1225 1398 1360 1435 tumque
1374 1387 1445 1423 sen-

52 1432 102 1468 sus
111 1436 252 1470 maxime
269 1433 472 1476 dominatur,
491 1435 548 1479 qui
564 1434 668 1467 statim
679 1434 802 1482 judicat
818 1462 827 1476 ,
840 1438 874 1469 &
895 1436 1022 1481 impetu
1031 1436 1176 1480 quodam
1185 1435 1295 1470 fertur.
1324 1439 1378 1471 Sic
1387 1437 1442 1471 ubi

53 1481 392 1516 dormientismanum
410 1480 463 1516 vel
479 1481 596 1515 folium
615 1481 740 1515 arboris
760 1484 906 1529 tetigerit
918 1509 928 1523 ‚
948 1481 1033 1528 quasi
1050 1495 1091 1517 ex
1113 1483 1244 1517 vulnere
1263 1483 1281 1517 ὸ,
1297 1483 1444 1532 serpente

53 1530 177 1566 infinito
190 1532 377 1579 perterritus
399 1528 635 1578 expergiscitur.
659 1534 741 1578 Qo
750 1533 853 1578 magis
872 1531 962 1578 viget
976 1533 1057 1565 ratio
1070 1559 1079 1574 ,
1098 1530 1160 1565 hoc
1170 1533 1273 1566 minus
1287 1531 1363 1568 licet
1384 1547 1443 1568 vo-

54 1578 171 1629 luptati
188 1581 342 1627 corporis,
353 1584 386 1616 δε
401 1577 525 1613 facilius
547 1580 682 1613 vincitur
697 1596 706 1623 3
721 1591 788 1613 tum
802 1581 890 1614 enim
902 1590 992 1614 mens
1003 1580 1157 1626 judicium
1168 1579 1255 1615 suum
1272 1594 1338 1617 non
1361 1595 1443 1630 prae.

54 1631 172 1677 cipitar
184 1657 192 1670 ‚
207 1628 258 1663 sed
270 1627 390 1675 singula
401 1627 585 1676 diligentius
596 1629 762 1676 expendit.

94 1680 148 1713 Sic
163 1676 292 1712 libertas
313 1678 429 1712 eadem
445 1678 489 1711 est
514 1679 546 1712 in
563 1675 716 1712 ommbus
733 1689 769 1712 ut
787 1678 882 1721 ratio,
898 1676 950 1712 sed
968 1689 1034 1713 non
1055 1690 1096 1712 ex
1121 1690 1212 1725 aequo
1233 1680 1442 1726 participatur

54 1726 96 1762 ab
117 1725 281 1762 omnibus.
302 1726 449 1761 Multum
460 1728 549 1761 enim
567 1726 679 1761 valent
700 1727 849 1761 educatio
862 1755 871 1770 ‚
890 1727 989 1761 literae
1003 1756 1012 1769 ,
1032 1729 1173 1761 civitatis
1202 1739 1328 1765 mores,
1354 1729 1444 1775 leges

56 1779 187 1824 optirnae
203 1805 212 1820 ‚
223 1787 259 1810 ut
275 1776 356 1811 nihil
367 1776 472 1810 dicam
493 1775 533 1809 de
552 1778 655 1823 gratia
677 1776 786 1810 divina
800 1804 809 1818 ,
823 1788 895 1822 quae
909 1787 1055 1811 mentem
1074 1775 1210 1810 illustrat
1226 1805 1236 1819 ,
1252 1782 1285 1812 δε
1302 1776 1442 1811 delecta-

54 1827 161 1860 tiones
171 1838 341 1873 corporeas
353 1836 408 1859 aut
424 1825 546 1872 frangit
557 1853 566 1866 ‚
578 1837 635 1859 aut
647 1825 800 1872 deprimit
817 1837 872 1867 ·‚ac
890 1829 994 1860 menti
1012 1823 1066 1873 ipfi
1092 1825 1256 1873 pristinum
1274 1828 1307 1859 in
1328 1837 1440 1873 corpus

51 1878 102 1923 jus
122 1880 155 1911 &
179 1875 371 1922 potestatem
386 1874 520 1908 restituit
548 1872 766 1923 Objeekorum
787 1873 1005 1922 impressiones
1030 1902 1039 1917 ,
1057 1886 1194 1922 quaeque
1219 1876 1252 1909 in
1269 1873 1404 1909 cerebro
1420 1874 1442 1909 a.

42 1922 139 1961 >falsis
153 1922 247 1958 bonis
257 1926 427 1958 inuruntur
439 1922 575 1970 vestigia
585 1951 594 1966 ,
610 1928 644 1960 &
659 1934 804 1958 mentem
823 1925 855 1957 in
868 1923 992 1957 diversa
1006 1923 1138 1958 trahunt
1155 1951 1165 1966 ,
1186 1934 1224 1957 ea
1252 1921 1440 1958 libertatem

57 1972 200 2009 nostram
223 1974 419 2008 imminuunt
437 1972 568 2019 quidem
581 2001 590 2014 ‚
610 1985 679 2007 non
704 1974 906 2019 extinguunt.
924 1975 1037 2008 Nemo
1051 1974 1138 2007 enim
1156 1970 1224 2006 fere
1249 1973 1291 2007 est
1313 1974 1368 2019 qui
1387 1971 1440 2007 vel

59 2021 284 2057 communibus
300 2023 410 2071 gratiae
425 2019 574 2069 praesidiis
593 2023 734 2056 munitus
744 2050 753 2064 ,
767 2020 971 2070 voluptatum
990 2020 1159 2056 illecebras
1172 2022 1277 2056 vitare
1293 2034 1358 2056 non
1368 2020 1440 2070 pos-

58 2067 95 2104 sit
108 2099 117 2112 ,
135 2069 306 2119 praesertim
326 2069 347 2105 si
362 2066 460 2106 firmis
473 2075 507 2107 &
521 2069 626 2106 solidis
636 2069 819 2106 rationibus
833 2074 978 2107 animum
992 2069 1186 2120 praepar-cufi
1197 2069 1375 2105 occasiones
1387 2083 1440 2119 pe-

61 2118 208 2156 riculosas
230 2120 331 2168 fugiat
342 2119 381 2163 ‚fi
398 2122 431 2154 in
448 2118 542 2153 rebus
555 2121 689 2154 minoris
705 2122 867 2155 momenti
880 2120 1111 2169 cupiditatibus
1133 2133 1198 2154 non
1218 2119 1385 2168 indulgere
1394 2120 1441 2155 as-

62 2165 188 2205 suescat.
205 2171 295 2205 Nam
307 2181 343 2204 ut
367 2171 400 2204 in
410 2167 623 2217 Philosophiae
638 2168 741 2203 studio
753 2197 762 2211 ‚
791 2171 813 2203 ii
831 2176 965 2220 majores
985 2167 1161 2212 progress'us
1178 2167 1320 2211 faciunt,
1342 2175 1376 2206 &
1387 2181 1441 2204 ra-

64 2215 126 2249 rius
135 2218 168 2251 in
179 2230 301 2252 errores
320 2219 483 2261 incidunt,
498 2222 553 2266 qui
566 2215 718 2252 affensum
728 2217 877 2254 sustinent
888 2249 897 2263 ‚
920 2212 1145 2265 mejudicium
1166 2219 1365 2265 praecipitant
1377 2236 1386 2262 3
1400 2217 1439 2253 fic

64 2264 97 2297 in
116 2263 291 2301 formandis
310 2266 453 2302 motibus
464 2269 487 2301 ii
507 2268 608 2315 magis
618 2266 791 2314 proficiunt
804 2270 856 2314 qui
873 2269 1021 2317 judicium
1034 2266 1111 2300 illud
1128 2266 1320 2314 prohibent,
1348 2267 1439 2316 quod

66 2323 156 2347 amor
171 2315 272 2348 noster
291 2321 324 2352 &
336 2319 408 2351 vitae
421 2319 504 2352 ratio
518 2315 728 2362 subsequitur.
757 2317 829 2351 Hos
849 2320 960 2363 utique
973 2315 1124 2363 voluptas
1142 2328 1210 2350 non
1229 2314 1347 2364 abripit
1360 2329 1439 2360 ‚ne-

69 2373 132 2408 que
148 2363 290 2398 incautos
304 2367 477 2413 opprimit3
503 2379 542 2401 ex
557 2367 696 2403 vinitoria
713 2376 879 2413 reportata
896 2365 1063 2401 alacriores
1088 2364 1165 2400 faeti
1183 2378 1305 2400 novum
1326 2368 1439 2401 ineunt

1135 2415 1169 2449 N
1185 2427 1205 2449 n
1244 2416 1275 2463 iij
