1857 2745
382 148 435 181 282
824 137 1277 175 PHIL'OS'OP'HI‘A

380 188 429 228 sus
447 209 457 235 ·,
480 189 520 225 εὸ
530 190 650 236 quippe
664 185 693 220 se
703 184 807 220 flectit
821 191 945 223 animus
955 216 965 231 ,
990 187 1046 222 ubi
1061 193 1165 235 major
1176 188 1254 224 boni
1268 187 1387 236 species
1400 184 1506 221 elucet
1515 201 1532 229 ·;
1546 187 1688 233 atqueid
1697 198 1776 236 praee

381 241 448 277 fert
456 239 547 273 alteri
561 235 650 284 quod
660 233 784 269 summo
801 235 1037 272 auruniversali
1051 236 1142 272 bono
1156 239 1295 273 vicinius
1310 236 1452 271 videtur.
1465 238 1501 271 In
1519 237 1557 269 iis
1580 247 1651 282 quae
1668 238 1708 270 ad
1723 248 1775 271 re-
1796 264 1803 268 .

377 302 448 324 turn
466 287 625 322 theoriam
639 289 673 321 &
684 286 909 321 monitionem
926 288 1093 334 pertinent
1103 316 1112 330 ,
1127 285 1202 321 cum
1218 285 1340 322 summa
1355 286 1397 320 est
1414 285 1582 320 evidentia
1597 313 1607 327 ,
1623 286 1775 332 judicium

376 336 566 385 suspendere
576 347 642 369 non
653 337 707 382 pol
723 346 825 370 umus.
840 339 928 371 Nam
939 335 1023 370 clara
1036 341 1070 373 &
1080 337 1211 371 evidens
1226 337 1394 384 perceptio
1413 334 1454 368 ad
1470 334 1501 368 se
1517 334 1600 381 rapit
1613 333 1773 381 quodam-

375 386 477 421 modo
497 384 711 420 intellectum.
739 383 802 418 Sed
820 386 852 420 in
872 384 967 419 rebus
990 397 1068 432 quas
1086 387 1288 434 expetimus,
1315 384 1488 433 judicium,
1515 394 1551 417 ut
1579 384 1623 416 ita
1647 383 1753 418 dicam
1762 406 1773 426 5

375 437 493 471 amoris
511 436 593 468 circa
607 431 697 467 bona
721 445 791 479 quae
811 436 930 469 rationi
945 435 1034 469 recte
1045 434 1200 484 judicanti
1214 433 1283 468 sunt
1302 432 1466 482 perspeCln
1484 431 1672 480 plerumque
1687 433 1777 468 cohi-
1801 460 1806 464 .
1842 445 1843 450 ¹

377 484 493 519 bemus
511 501 520 526 3
536 495 610 517 cum
627 481 745 516 scilicet
764 482 940 532 voluptatis
952 482 1052 518 sensus
1068 485 1188 519 rationi
1207 482 1261 531 ipsi
1286 493 1443 531 repugnat
1463 510 1472 525 ‚
1494 492 1602 528 neque
1625 481 1656 514 id
1679 480 1776 516 nobis

372 532 454 582 sapit
469 562 478 577 ,
492 532 580 581 quod
598 533 685 566 reeta
702 530 809 566 suadet
826 529 910 567 ratio
921 550 931 576 ·‚
949 532 982 566 id
1009 534 1099 567 enim
1117 545 1262 567 amarum
1287 531 1479 580 plerumque
1505 529 1602 566 nobis
1631 531 1780 574 videtur·5
1805 562 1810 571 ,

376 582 466 630 quod
483 583 567 616 ratio
582 579 647 628 ipsa
671 579 766 614 suave
782 580 843 616 effe
855 582 1008 617 decernit.
1031 581 1133 627 Qiod
1145 579 1203 615 ubi
1216 580 1254 616 fit
1265 609 1275 624 ‚
1289 593 1358 615 tum
1381 578 1453 613 sane
1471 577 1631 613 deliberat
1643 581 1776 615 animus
1805 606 1811 616 ,

375 643 484 666 utrum
495 643 533 665 ex
548 632 585 664 iis
598 629 698 678 eligat
709 657 719 672 ‚
733 631 852 664 rationi
867 643 909 666 an
922 629 1020 666 sensui
1031 630 1251 677 obtemperet.
1273 631 1364 665 Hinc
1391 627 1473 676 saepe
1487 629 1605 662 rationi
1623 626 1677 675 ipsi
1692 627 1777 663 relur.
1805 654 1807 658 .

375 683 517 723 eramus,
543 677 630 714 sensu
640 678 819 726 voluptatis
833 679 982 723 deliniti,
999 692 1070 727 quse
1092 677 1209 714 fortius
1231 681 1372 714 animum
1402 676 1566 726 percellit,
1595 677 1695 724 quam
1722 677 1776 712 lux

374 729 428 765 vel
438 726 685 764 evidentissima.
706 729 787 762 Haec
805 730 892 763 enim
904 740 1025 777 quanta
1044 740 1166 774 quanta
1181 727 1216 762 sit
1231 757 1240 771 ‚
1259 727 1382 762 nullam
1402 726 1532 762 videtur
1545 724 1688 761 libertati
1707 728 1777 762 vim
1808 743 1819 766 ξ,
1838 726 1840 730 ’

377 778 494 813 afferre
511 792 519 812 ;
553 777 586 811 id
605 789 704 812 unum
722 775 826 812 efficit
839 806 848 820 ‚
868 789 904 812 ut
923 790 995 826 quae
1009 776 1104 812 nobis
1116 778 1272 825 proponit
1286 775 1433 824 objeQa,
1446 787 1557 809 amore
1571 775 1712 821 quodam
1726 786 1778 809 ra..
1806 801 1810 812 .

375 827 494 862 tionali
506 831 539 863 δε
550 825 689 860 eleffivo
707 825 934 874 prosequamur
945 856 955 871 ‚
969 839 1007 860 ac
1024 825 1212 874 generalem
1230 824 1320 859 illam
1346 836 1419 872 quae
1437 823 1457 859 ἐι
1471 826 1546 860 Deo
1567 822 1778 870 proficiscitur
1792 820 1821 870 ,ἶ

374 878 558 912 motionem
572 904 581 918 ,
603 873 653 909 seu
675 876 709 910 in
730 874 858 911 bonum
873 874 1055 911 universum
1070 872 1313 921 impreffionem
1326 902 1335 917 ,
1369 873 1415 907 ad*
1426 883 1550 907 certum
1562 877 1595 908 δε
1606 871 1777 908 definitum
1806 872 1835 960 ³

372 924 497 960 bonum
515 923 667 959 voluntas
683 924 888 959 determinet.
902 924 968 959 Sed
980 922 1207 957 delectationis
1219 921 1321 957 sensus
1340 923 1485 956 animum
1495 920 1598 968 ipsum
1611 923 1714 970 magis
1724 921 1778 956 af-
1823 944 1833 965 f

372 973 442 1009 ficit
459 1002 469 1015 ‚
489 979 521 1010 ὅ(
541 970 701 1008 efficacius
719 972 859 1020 impellit
872 1001 881 1016 ‚
905 975 974 1008 vim
995 971 1080 1005 adeo
1094 969 1254 1005 libertatis
1277 971 1388 1005 nostrae
1408 969 1654 1016 quodammodo
1668 972 1778 1006 immi·
1811 967 1829 990 Ὺ*

372 1025 446 1058 nuit
457 1040 466 1066 3
479 1024 643 1057 rationem
665 1020 764 1070 ipsam
784 1021 850 1056 alio
866 1020 1008 1056 distrahit
1019 1049 1029 1063 ,
1043 1022 1131 1056 &in
1142 1018 1172 1053 se
1189 1022 1309 1054 mentis
1323 1022 1427 1053 aciem
1443 1029 1541 1065 atque
1557 1021 1776 1055 attentionem
1807 992 1832 1058 λζ-

370 1083 456 1118 pene
473 1082 609 1105 omnem
625 1073 811 1110 convertit;
828 1082 935 1116 neque
947 1068 1033 1102 aliud
1046 1067 1115 1101 fere
1127 1068 1170 1102 est
1189 1068 1263 1102 huic
1278 1067 1396 1102 morbo
1415 1067 1594 1101 remedium
1615 1070 1626 1112 (
1642 1079 1678 1102 ut
1693 1067 1777 1108 nihil
1804 1061 1832 1106 ,¹2

372 1120 413 1153 de
432 1118 554 1153 coelesti
574 1120 676 1165 gratia
693 1118 843 1151 hocloco
859 1118 966 1151 dicam
985 1118 996 1158 )
1026 1115 1126 1162 quam
1142 1127 1178 1150 ut
1200 1114 1351 1150 ultimum
1375 1115 1454 1150 illud
1477 1117 1596 1150 amoris
1617 1117 1776 1164 judicium
1807 1119 1832 1183 *l

371 1165 532 1215 quantum
546 1165 616 1200 fieri
633 1165 740 1214 potest
751 1164 964 1200 cohibeamus
974 1192 984 1206 ,
1012 1165 1111 1211 idque
1125 1175 1193 1199 tum
1204 1166 1344 1199 maxime
1356 1163 1430 1199 cum
1442 1163 1613 1212 voluptate
1621 1178 1687 1200 non
1702 1179 1776 1202 om.-
1808 1185 1826 1209 ,ς

371 1218 455 1253 nino
463 1214 669 1265 perturbatur
686 1216 820 1251 animus.
850 1213 954 1259 Quod
966 1210 987 1246 (i
1003 1214 1092 1247 enim
1109 1212 1337 1261 aliquantisper
1352 1212 1503 1248 assensum
1522 1212 1777 1250 illumvsustineaf
1808 1211 1819 1245 ἶ·

371 1278 442 1300 mus
453 1294 461 1309 ‚
485 1266 561 1299 dum
575 1263 593 1299 Ξι
606 1262 700 1298 uobis
718 1264 795 1310 quid
813 1263 903 1298 faeto
918 1274 998 1310 opus
1013 1260 1048 1296 fit
1063 1261 1234 1311 diligenter
1249 1263 1441 1311 perpensum
1453 1261 1567 1306 fuerit,
1579 1261 1773 1300 brevifucus
1806 1268 1823 1309 ,ζ

375 1313 433 1348 ille
454 1320 488 1351 &
504 1314 665 1348 ementita
679 1311 760 1348 boni
783 1312 901 1359 species
917 1310 1098 1346 evanescet.

409 1364 473 1397 Sed
486 1363 525 1397 ad
542 1374 609 1396 rem
630 1360 727 1410 ipsam
745 1363 930 1405 veniamus,
961 1365 996 1397 &
1015 1372 1087 1407 quae
1107 1358 1144 1394 fit
1165 1357 1325 1395 libertatis
1341 1359 1449 1405 sedes,
1473 1357 1617 1397 brexiter
1627 1363 1772 1401 excutia-

376 1424 456 1448 mus,
468 1414 515 1447 Sit
527 1413 620 1460 igitur

937 1462 1051 1496 Prima
1063 1458 1242 1505 Conclufioae

415 1558 564 1594 Libertas
582 1559 622 1594 ad
641 1558 846 1596 intellectum
864 1557 955 1596 fimul
971 1564 1006 1597 &
1028 1558 1234 1597 voluntatem
1258 1561 1303 1595 ita
1319 1559 1481 1610 pertinet,
1501 1570 1536 1596 ut
1553 1562 1682 1610 potiore
1699 1567 1772 1611 jure
1807 1594 1815 1602 ,

374 1609 524 1645 videatur
538 1609 578 1642 ad
589 1609 791 1644 voluntatem
810 1609 952 1657 spectare
963 1642 973 1658 ‚
991 1615 1025 1648 «Sc
1038 1612 1068 1645 ei
1078 1622 1234 1658 tanquam
1248 1609 1392 1658 subjeeto
1411 1608 1521 1645 inesse.
1807 1607 1814 1617 ¹

412 1656 570 1691 Probatur
581 1672 604 1694 1.
610 1668 688 1706 pars
701 1660 798 1693 concl.
820 1658 973 1696 Liberum
988 1658 1157 1694 arbitrium
1168 1659 1321 1694 definitur
1331 1659 1352 1694 ἐι
1363 1659 1520 1708 Magistro
1530 1657 1771 1705 sententiatum,
1807 1655 1830 1713 {t

374 1705 509 1742 facultas
526 1706 702 1742 voluntatis
724 1713 758 1743 &
779 1710 933 1752 rationis,
948 1715 982 1747 &
998 1709 1112 1743 dicitur
1135 1706 1278 1743 liberum
1302 1707 1470 1743 arbitrium
1486 1735 1497 1751 ,
1519 1707 1606 1756 quafi
1633 1708 1770 1747 liberum
1807 1712 1829 1777 ³:

369 1756 524 1805 judicium
543 1769 551 1790 τ
569 1768 647 1804 ergo
658 1755 820 1802 utriusque
840 1758 883 1792 est
901 1757 1071 1796 facultatis,
1807 1775 1823 1801 τ

409 1803 504 1839 Proh.
521 1820 546 1840 2.
557 1804 713 1841 Liberum
732 1804 901 1841 arbitrium
922 1807 970 1841 est
990 1809 1037 1841 vis
1052 1807 1209 1842 electiva:
1226 1804 1280 1841 sed
1292 1805 1413 1841 eleffio
1426 1804 1465 1840 sic
1474 1806 1515 1841 ad
1530 1817 1700 1856 utramque
1718 1807 1771 1843 fa·-
1806 1800 1833 1864 ἦ

369 1853 525 1888 cultatem
542 1853 666 1901 speetat
678 1884 687 1898 ‚
710 1865 746 1889 ut
759 1854 887 1890 dubitet
899 1855 1089 1891 Aristoteles
1102 1857 1168 1890 utri
1183 1857 1290 1904 potius
1308 1854 1480 1890 tribuenda
1498 1854 1535 1889 fit
1544 1854 1649 1902 quam*
1662 1856 1770 1901 alteri;
1804 1866 1815 1899 ῳ·
1830 1895 1832 1902 Ι

370 1915 411 1938 an
430 1901 466 1937 sit
481 1903 663 1939 intelleehis
678 1906 875 1952 appetitivus
891 1932 900 1946 ‚
918 1916 959 1940 an
987 1907 1146 1952 appetitus
1169 1903 1396 1939 intelleffivus.
1419 1905 1507 1938 Nam
1517 1905 1550 1938 in
1566 1903 1630 1938 hoc
1646 1904 1770 1953 potiss'-
1809 1899 1823 1939 l

371 1964 461 1986 mum
473 1952 599 1986 videtur
616 1951 756 1987 liberum
773 1952 944 1988 arbitrium
963 1952 1133 1988 consistere
1144 1980 1153 1994 ,
1166 1963 1203 1986 ut
1216 1963 1254 1985 ex
1273 1950 1416 1999 pluribus
1434 1951 1528 1986 rebus
1549 1964 1619 1999 quae
1639 1955 1672 1990 in
1685 1953 1769 1990 deli-
1804 1978 1815 1986 t.

369 1999 579 2037 berationem
592 2001 711 2036 cadunt
721 2031 730 2044 ,
746 2000 784 2035 fic
796 2013 894 2037 unam
904 2001 1004 2050 eligat
1013 2030 1023 2044 ‚
1037 2012 1072 2035 ut
1081 2013 1155 2034 eam
1166 1999 1261 2048 poss'it
1269 2012 1323 2036 aut
1341 2013 1406 2035 non
1420 1999 1552 2049 eligere,
1566 2013 1621 2037 aut
1630 2005 1661 2037 ei
1669 2002 1768 2040 aliam

368 2061 579 2098 anteponere.
609 2051 696 2084 Cum
716 2062 826 2084 autem
850 2048 1000 2084 voluntas
1023 2049 1171 2097 sequatur
1189 2061 1388 2097 praeeuntem
1413 2049 1616 2086 intellectum
1634 2079 1644 2094 ,
1674 2051 1770 2087 flexi„

370 2097 479 2133 bilitas
497 2097 672 2133 voluntatis
685 2103 719 2135 ὃ(
736 2098 952 2134 indiffirentia
968 2101 1000 2133 in
1018 2098 1170 2147 eligendo
1184 2111 1249 2133 non
1264 2099 1392 2135 aliunde
1404 2101 1522 2144 oritur,
1543 2099 1641 2147 quam
1654 2112 1693 2136 ex
1707 2100 1767 2136 fle.

369 2146 531 2182 xibilitate
550 2147 738 2182 intellectus
754 2150 786 2182 in
799 2147 973 2196 judicando
987 2161 995 2182 :
1018 2148 1081 2183 hoc
1095 2150 1185 2183 enim
1197 2147 1304 2186 facem
1326 2147 1518 2198 praeferente
1541 2148 1690 2185 voluntas
1701 2149 1767 2186 huc

368 2196 443 2231 illuc
463 2198 662 2231 convertitur
675 2225 684 2240 ‚
714 2208 768 2232 aut
780 2196 931 2233 fleetitur.

407 2247 483 2279 Pars
501 2246 613 2280 itidem
625 2245 722 2280 altera
740 2244 949 2282 conclusionis
961 2259 999 2282 ex
1010 2247 1103 2282 dietis
1115 2247 1219 2295 liquet
1241 2262 1248 2284 :
1264 2259 1342 2281 nam
1354 2246 1503 2282 voluntas
1516 2259 1552 2283 ut
1564 2249 1614 2282 vis
1626 2248 1764 2298 acinon,

371 2304 439 2339 quse
455 2293 515 2327 sese
534 2299 569 2331 &
586 2295 663 2329 alias
679 2294 848 2335 facultates
862 2308 974 2331 movet
999 2309 1035 2330 ac
1058 2297 1270 2338 determinat,
1285 2308 1384 2344 atque
1404 2308 1437 2331 ut
1451 2296 1629 2333 dominium
1640 2297 1764 2334 habens

371 2346 406 2376 ὅ(
427 2343 617 2389 potestatem
635 2346 836 2393 concipitur:
861 2345 944 2380 unde
965 2351 998 2382 ὃς
1017 2345 1150 2382 libertas
1169 2352 1200 2383 &
1214 2346 1332 2380 elefflo
1352 2348 1509 2393 praecipuo
1535 2347 1677 2394 quodam
1691 2351 1764 2394 jure

368 2389 417 2423 illi
434 2389 667 2431 attribuuntur.
679 2394 844 2441 Qtocirca
855 2406 926 2432 cum
943 2398 1027 2443 ratio
1041 2397 1061 2432 a
1070 2394 1167 2433 nobis
1181 2395 1260 2432 facti
1277 2394 1408 2444 alicujus
1426 2397 1562 2445 exigitur
1574 2425 1586 2444 ‚
1599 2401 1634 2435 δε
1641 2397 1763 2446 jadram
