1857 2745
395 154 451 189 550
852 140 1332 177 METAPHYSICAE

394 188 566 232 Cartefius,
578 187 761 236 atqueliinc
775 200 897 224 novam
907 217 917 231 ,
931 200 968 223 ut
985 200 1077 237 putat
1092 218 1102 233 ‚
1115 189 1428 227 demonstrationem
1448 190 1543 235 eruit,
1561 203 1624 239 qua
1639 195 1704 229 Dei
1714 196 1786 230 exi-

395 241 511 276 stentia
531 235 776 285 comprobetur.
793 240 836 272 Ea
849 249 929 273 vero
947 236 988 273 sic
999 238 1148 274 contrahi
1161 240 1274 288 potest.
1296 238 1464 276 Habemus
1484 240 1647 276 mentibus
1669 245 1785 280 nostris

392 288 581 336 insculptam
592 316 602 330 ,
614 291 648 323 &
658 289 866 336 congenitam
876 287 984 323 ideam
1002 290 1083 323 entis
1095 287 1216 324 summe
1230 289 1366 338 perfeffi
1381 292 1493 337 :atqui
1503 289 1556 324 illa
1569 290 1642 324 idea
1653 291 1785 329 aliunde

391 336 550 387 proficisci
563 349 631 371 non
643 337 749 384 potest
758 366 767 381 ‚
786 349 886 385 quam
903 336 944 372 ab
959 350 1034 373 ente
1047 337 1170 374 summe
1186 338 1337 388 perfeeto
1349 345 1383 378 &
1397 339 1536 377 infinito:
1547 339 1624 374 illud
1637 351 1715 391 ergo
1728 354 1786 379 ens

389 388 605 434 undequaque
625 385 806 434 perfeetum
814 387 958 423 existere
977 386 1100 423 necesse
1118 390 1171 426 est.

424 434 681 484 Propofitionem
692 438 788 471 variis
805 436 925 485 probat
942 440 1141 485 argumentis
1152 468 1160 482 ‚
1172 450 1311 486 quotum
1326 437 1406 472 illud
1429 442 1623 489 praecipuum
1644 439 1782 476 videtur.

391 486 494 536 Qod
508 485 611 530 mihi,
621 497 677 521 aut
693 484 843 522 omnibus
858 498 930 534 quae
944 487 1045 522 video
1055 515 1065 531 ‚
1077 487 1200 535 aliquid
1213 489 1315 525 deesse
1326 487 1509 537 intelligam
1520 519 1530 534 ‚
1544 490 1576 524 id
1584 492 1618 524 in
1633 488 1723 524 causa
1736 491 1783 525 est

391 536 482 584 quod
499 535 628 583 alicujus
640 538 688 570 rei
706 535 914 584 perfeffloris
934 536 1040 571 ideam
1057 549 1170 572 mente
1187 538 1387 587 comple&ar
1398 548 1407 580 ‚'
1418 538 1458 572 ad
1477 551 1577 586 quam
1589 567 1598 582 ,
1621 544 1656 575 δε
1673 550 1725 572 me
1748 544 1785 576 &

390 598 462 633 quae
488 584 569 620 mihi
589 583 700 620 desunt
716 614 725 628 ,
743 597 944 635 comparem.
973 587 1049 620 Huc
1066 587 1210 630 accedit,
1234 589 1322 635 quod
1350 589 1415 621 Dei
1438 591 1574 623 nomine
1599 586 1781 636 intelligam

388 633 598 670 substantiam
620 634 787 681 quandam
799 664 810 679 ,
831 635 993 671 infinitam
1005 664 1014 679 ‚
1040 636 1335 685 independentem‚
1353 636 1476 671 summe
1497 649 1669 685 potentem
1685 651 1693 673 :
1713 649 1785 685 quae

389 683 463 720 sane
474 683 542 719 sunt
552 683 709 733 ejusmodi
724 713 734 728 ‚
754 696 789 720 ut
800 697 867 734 quo
878 685 1060 734 diligentius
1075 686 1212 722 attendo
1223 716 1232 731 ‚
1250 698 1342 722 tanto
1357 689 1460 722 minus
1476 685 1497 722 ὲ.
1515 699 1569 721 me
1584 686 1652 721 solo
1672 686 1785 735 profe-

389 734 445 768 &a
470 731 531 768 esse
556 731 736 770 videantur.

438 784 500 817 His
518 781 630 829 objicit
647 781 844 828 Gaffendus‚
857 796 969 819 eorum
993 784 1131 832 quidem
1157 784 1412 834 intelligentiam
1450 789 1616 822 neminem
1627 784 1647 821 a
1663 784 1694 820 se
1706 813 1717 828 ,
1729 783 1786 819 sed

387 831 412 869 ἐι
428 831 618 880 parentibus
631 861 640 875 ‚
652 844 707 867 aut
722 832 743 867 a
762 833 918 880 magistris
930 834 1074 870 habere:
1093 833 1148 868 has
1170 837 1285 882 utique
1316 834 1537 883 perfefflones
1569 848 1623 869 aut
1651 846 1689 868 ex
1711 833 1783 868 aliis

389 880 579 916 hominibus
590 911 598 924 ‚
613 893 668 915 aut
684 893 723 916 ex
737 881 810 915 aliis
822 881 919 916 rebus
932 881 992 918 esse
1011 882 1164 918 colleehis
1174 912 1184 928 ,
1194 888 1228 920 δε
1241 883 1261 919 a
1272 895 1381 919 mente
1391 883 1531 918 humana
1549 881 1783 933 amplificatas;

391 930 515 965 nullam
539 943 635 979 porro
654 933 685 965 in
701 929 797 966 nobis
816 930 878 966 effe
906 933 1014 966 ideam
1037 935 1083 966 rei
1103 931 1256 976 infinirae,
1271 931 1326 967 nisi
1344 934 1479 968 nomine
1490 945 1604 968 renus:
1628 944 1785 980 quatenus

390 991 481 1016 mens
500 985 564 1028 jam
585 980 696 1026 aliquo
714 980 812 1028 usque
837 992 897 1028 pro
921 978 998 1015 tesia
1014 1010 1024 1024 ‚
1047 993 1163 1016 caetera
1180 995 1248 1029 quae
1266 995 1332 1017 non
1347 982 1455 1030 potest
1481 981 1782 1030 comprehendere,

389 1030 522 1064 confusa
536 1028 658 1064 infiniti
670 1032 810 1065 notione
826 993 977 1066 invoffvit.
998 1032 1051 1065 Sic
1079 1034 1204 1079 antiqui
1220 1030 1406 1080 Philosophi
1418 1031 1576 1066 mundum
1595 1029 1782 1074 infinitum,

390 1083 423 1114 ὅ(
441 1078 585 1113 infinitos
606 1081 743 1114 mundos
760 1079 890 1114 finxere.

432 1127 519 1162 Cum
535 1140 643 1162 autem
657 1128 677 1162 a
690 1127 838 1162 Cartefio
848 1127 1031 1176 responsum
1045 1126 1148 1163 fuilset
1158 1157 1166 1172 ,
1184 1128 1269 1164 aliud
1291 1127 1352 1164 effe
1376 1141 1486 1165 mente
1499 1131 1658 1178 attingere
1675 1128 1782 1165 infini-

391 1187 460 1211 tum
473 1205 481 1218 ‚
494 1176 579 1210 aliud
594 1177 872 1225 comprehendere
885 1192 892 1212 :
905 1180 964 1224 qui
977 1179 1065 1212 enim
1083 1181 1176 1213 novit
1188 1178 1384 1227 triangulum
1400 1178 1461 1214 effe
1482 1178 1616 1226 figuram
1628 1178 1729 1214 tribus
1742 1178 1781 1214 li-

389 1228 458 1261 neis
471 1238 682 1269 contentam,
696 1228 721 1259 is
735 1226 843 1261 ideam
854 1225 955 1260 habet
973 1226 1142 1274 trianguli,
1158 1227 1235 1262 licet
1255 1228 1400 1263 nondum
1413 1240 1525 1263 omnes
1545 1231 1612 1276 ejus
1633 1230 1781 1277 proprie-

391 1285 472 1309 tates
487 1275 753 1323 comprehendat.

424 1323 525 1367 Instat
551 1321 723 1358 Galsendus
736 1353 745 1367 ,
763 1322 887 1359 nullam
901 1336 959 1358 nos
972 1322 1152 1359 substantiae
1167 1324 1274 1360 ideam
1293 1324 1346 1360 nifi
1373 1323 1537 1359 confusam
1555 1329 1589 1361 &
1613 1323 1781 1360 obscuram

389 1384 500 1407 mente
514 1373 689 1421 compleeffi
699 1402 708 1415 ,
725 1385 766 1407 ne
785 1374 849 1409 Dei
860 1373 994 1419 quiden]
1008 1371 1099 1420 ipsius
1113 1374 1280 1420 quipositir
1290 1372 1433 1407 tenebras
1446 1372 1727 1419 latibttlumfimm‚
1739 1373 1779 1409 ῥ’

389 1422 490 1455 lucem
509 1421 635 1455 habitat
653 1421 890 1464 inaccessibilem
903 1420 1042 1464 ,claram
1060 1427 1093 1458 ὃς
1108 1421 1285 1456 distinctam
1295 1420 1411 1455 videam
1424 1434 1481 1455 nos
1495 1420 1617 1455 habere
1630 1450 1640 1464 ‚
1650 1433 1707 1456 aut
1728 1424 1782 1457 in-

389 1469 516 1505 finitum
531 1470 725 1519 intelligere.
751 1470 814 1504 Sed
824 1471 901 1517 quia
917 1467 1016 1504 finem
1030 1473 1075 1504 rei
1091 1470 1220 1519 alicujus
1231 1483 1297 1505 non
1309 1471 1471 1513 videmus,
1486 1482 1559 1504 eam
1569 1471 1704 1506 dicimus
1721 1470 1784 1506 esse

387 1519 567 1555 infinitam:
586 1531 686 1567 atque
695 1520 755 1554 hac
775 1532 858 1554 voce
876 1532 942 1553 non
967 1517 1178 1567 significamus
1192 1519 1224 1553 id
1239 1520 1327 1567 quod
1344 1518 1552 1568 intelligimus
1570 1548 1579 1562 ‚
1598 1519 1651 1554 sed
1674 1522 1783 1568 potius

388 1569 419 1603 id
433 1570 522 1617 quod
541 1582 609 1604 non
626 1568 847 1618 intelligimus.
867 1571 942 1603 Vox
956 1571 1043 1603 enim
1054 1569 1109 1603 illa
1124 1571 1277 1619 negativa
1297 1567 1521 1604 infinitinobis
1539 1567 1780 1618 imponit,quafi

389 1617 455 1666 ipsa
479 1617 652 1653 infinitudo
670 1617 690 1653 ἒι
710 1617 805 1654 nobis
827 1620 1034 1667 percipiatur.

423 1671 490 1716 Ego
505 1668 635 1714 quidem
647 1668 840 1702 crediderim
860 1679 1034 1715 utrumque
1051 1670 1140 1703 vocis
1161 1667 1373 1715 homonymia
1392 1667 1549 1704 laborare.
1585 1668 1674 1703 Cum
1691 1670 1780 1704 enim

388 1715 548 1751 Carresius
568 1715 670 1752 asserit
689 1719 724 1752 in
736 1715 829 1751 nobis
845 1717 952 1751 ideam
972 1715 1032 1752 effe
1053 1730 1165 1752 veram
1176 1722 1210 1753 &
1222 1729 1409 1765 germanam
1424 1720 1508 1752 entis
1532 1715 1653 1752 summe
1667 1717 1779 1766 perfe-

389 1767 432 1800 <sti
446 1795 454 1809 ‚
476 1779 542 1801 non
554 1767 658 1814 potest
676 1767 756 1800 ideae
767 1770 901 1800 nomine
916 1766 1098 1814 intelligere
1109 1768 1172 1801 Dei
1186 1768 1356 1800 notionem
1367 1767 1566 1813 adaequatam
1580 1796 1589 1810 ,
1603 1780 1672 1814 quae
1687 1766 1777 1802 illum

388 1815 544 1849 exhibeat
555 1815 658 1862 qualis
678 1820 712 1851 &
724 1826 863 1863 quantus
884 1815 935 1849 est.
948 1815 983 1848 ld
995 1818 1083 1850 enim
1101 1815 1269 1850 manifeste
1282 1816 1325 1849 est
1344 1814 1479 1850 falsum:
1501 1815 1552 1849 sed
1579 1828 1615 1849 ea
1640 1817 1713 1850 idea
1724 1828 1778 1850 re-

388 1864 558 1911 praesentat
570 1864 691 1912 aliquid
707 1867 795 1899 veri:
814 1865 905 1912 quod
923 1862 959 1897 fit
975 1875 1110 1899 :eternus
1121 1895 1129 1908 ,
1143 1863 1288 1899 infinitus
1300 1894 1307 1907 ‚
1321 1870 1383 1901 &c.
1400 1877 1438 1898 ex
1458 1863 1573 1912 quibus
1584 1867 1695 1911 utique
1711 1866 1777 1899 Dei

388 1914 593 1948 existentiam
605 1914 700 1948 facile
711 1913 900 1960 colligimus.
912 1916 1033 1960 Neque
1044 1915 1074 1948 id
1086 1926 1204 1962 negare
1213 1911 1372 1962 possumus
1385 1912 1445 1948 effe
1460 1917 1491 1947 in
1503 1913 1597 1948 nobis
1612 1913 1777 1960 quandam

387 1962 505 1997 infiniti
523 1964 643 1998 ideam.
660 1966 711 1998 Sic
725 1963 866 1998 infinitas
882 1964 1032 1997 novimus
1052 1961 1112 1997 else
1123 1963 1358 2012 triangulorum
1379 1962 1495 2011 species
1509 1992 1518 2005 ‚
1543 1974 1611 2009 quae
1635 1961 1777 1998 eandem'

387 2011 485 2046 buin]
500 2011 618 2047 habere
638 2011 771 2060 possunt.
806 2014 898 2059 Qu
917 2014 1017 2046 etiam
1035 2015 1118 2060 prius
1138 2012 1383 2058 quodammodo
1403 2011 1564 2047 infinitum
1581 2022 1680 2057 quam
1699 2009 1777 2045 fini-

386 2073 453 2096 tum
473 2073 583 2095 mente
599 2064 797 2109 attingimus,
823 2064 910 2096 Cum
928 2063 1015 2095 enim
1030 2073 1098 2095 rem
1111 2060 1233 2095 finitam
1246 2061 1548 2108 comprehendimus
1560 2088 1569 2102 ,
1588 2071 1657 2094 tum
1676 2071 1718 2094 ex
1732 2060 1774 2095 il-

386 2110 416 2145 la
434 2113 516 2145 entis
527 2110 667 2158 generali
683 2139 692 2153 ‚
707 2116 741 2147 &
757 2121 793 2144 ut
809 2112 853 2144 ita
863 2110 970 2144 dicam
986 2138 995 2152 ,
1009 2109 1125 2145 infiniti
1140 2112 1275 2145 notione
1295 2110 1450 2156 quiddam
1471 2109 1687 2155 decerpimus.
1719 2111 1774 2143 Sic

386 2159 509 2194 honum
525 2158 689 2194 infinitum
705 2161 885 2208 expetimus
899 2176 907 2202 ·‚
919 2159 1001 2192 adeo
1013 2171 1048 2193 ut
1059 2163 1240 2194 communis
1254 2188 1262 2202 ‚
1275 2157 1436 2195 infiniti&
1450 2157 1601 2191 illimimti
1613 2159 1698 2192 entis
1711 2170 1774 2192 no-

386 2212 431 2243 tio
446 2209 631 2244 diffinitam
642 2222 746 2244 rerum
761 2208 922 2244 finitarum
937 2211 1110 2243 notionem
1124 2220 1326 2243 antevertere
1338 2208 1494 2241 videatur.

421 2262 472 2292 Dc
490 2259 552 2292 hoc
569 2261 678 2305 itaque
691 2272 789 2294 omne
807 2270 971 2292 certamen
982 2259 1044 2302 est,
1059 2271 1167 2293 utrum
1180 2258 1252 2292 idea
1267 2270 1364 2302 quam
1379 2256 1418 2289 de
1429 2269 1462 2289 re
1481 2255 1606 2290 infinite
1625 2255 1772 2303 perfe&a

386 2306 543 2341 habemus
565 2308 777 2343 informatam
797 2336 806 2350 ‚
819 2306 854 2342 fir
865 2306 959 2342 nobis
971 2310 1146 2355 congenita
1160 2337 1169 2350 ‚
1188 2318 1245 2341 nec
1256 2305 1384 2339 aliunde
1398 2317 1496 2350 quam
1517 2305 1557 2338 ab
1578 2317 1652 2338 ente
1664 2304 1771 2339 infini-

389 2367 422 2387 to
436 2356 586 2392 dimanet.
619 2358 721 2405 Qod
741 2369 777 2391 ut
789 2357 985 2392 demonstret
1001 2355 1158 2391 Cartcsius
1171 2387 1179 2398 ‚
1199 2354 1348 2388 observat
1370 2356 1402 2388 in
1422 2355 1490 2387 idea
1513 2354 1563 2387 vel
1584 2356 1616 2387 in
1630 2356 1770 2400 imagine

386 2404 450 2437 duo
468 2404 527 2438 effe
539 2405 766 2443 consideranda
783 2435 792 2450 ‚
811 2419 948 2454 quorum
960 2419 1056 2441 unum
1080 2404 1120 2439 ab
1137 2403 1302 2440 intelletfhi
1318 2433 1325 2447 ,
1345 2403 1479 2438 alterum
1506 2402 1604 2438 hibet
1625 2402 1666 2437 ab
1678 2402 1771 2450 obje-
