1857 2745
344 133 401 164 106
695 126 763 160 DE
820 122 1330 160 UNIVERSALIBUS

393 178 481 224 Respa⁷
497 173 667 209 Rationale
678 172 841 207 includere
854 171 1036 207 formaliter
1045 172 1165 208 animal
1183 201 1193 216 ‚
1208 185 1244 208 ut
1253 171 1431 208 sensitivum
1445 171 1577 207 includit
1587 175 1721 208 vivens-t

343 223 418 258 ci'im
433 235 566 270 utraque
581 221 766 256 differentia
778 222 912 257 liimitur
923 223 957 256 in
971 233 1124 256 concreto
1134 250 1145 266 ,
1156 222 1197 258 C.
1207 234 1281 257 cum
1301 221 1431 257 sumitur
1444 224 1476 256 in
1491 220 1647 257 abstraxero
1660 252 1670 267 ‚
1683 225 1724 259 N.

342 272 561 307 Rationalitas
577 273 663 305 enim
676 284 743 305 non
755 269 893 305 includit
903 269 1085 305 formaliter
1105 271 1225 306 animal
1238 300 1248 315 ,
1264 283 1337 305 cum
1353 271 1546 319 principium
1562 271 1725 306 divertita-

343 324 381 355 tis
401 333 469 356 non
482 320 661 356 includatur
676 321 709 354 in
726 321 887 368 principio
906 321 1149 354 convenientiae.
1175 323 1212 355 ln
1225 332 1345 368 genere
1369 319 1471 354 multa
1494 323 1695 356 conveniunt
1713 350 1724 364 ,

342 381 399 417 per
413 368 609 405 differentias
634 370 721 404 inter
743 367 774 403 se
789 367 987 415 discrepant:
1003 380 1081 417 ergo
1093 369 1255 416 utriusque
1279 379 1453 416 conceptus
1475 367 1505 402 se
1523 380 1637 408 mutuo
1655 382 1725 410 non

340 417 519 455 includunt.
539 421 590 453 Sic
608 416 791 453 senfitivum
808 446 818 460 ‚
830 428 866 451 ut
880 417 925 451 est
939 417 1124 461 differentia
1135 446 1146 461 ,
1157 431 1227 460 non
1238 417 1284 452 est
1300 420 1417 458 vivens
1431 446 1440 460 ‚
1458 416 1511 451 seu
1527 430 1642 466 corpus
1655 421 1726 453 ani-

341 479 468 502 matum
482 486 491 512 3
508 468 561 503 sed
579 468 621 501 est
633 467 665 501 id
680 466 782 515 ipsum
797 466 887 515 quod
901 468 1013 516 vivens
1030 495 1040 510 ,
1064 477 1119 511 aut
1142 469 1452 517 corpus‘animatum
1468 467 1663 502 determinat
1681 467 1736 504 ad.

341 529 441 565 genus
460 517 620 553 animalis.

375 565 464 614 Opp,
483 571 528 603 20.
555 563 889 615 Superiusincluclitur
901 564 1082 601 formaliter
1097 567 1130 601 in
1144 564 1298 608 inferiore
1310 595 1319 609 ‚
1331 577 1367 601 ur
1389 564 1488 613 figura
1505 564 1675 600 includitur
1692 568 1726 601 in

339 617 467 650 ratione
483 615 536 650 vel
546 616 618 662 idea
635 613 754 651 circuli.
768 615 833 649 Sed
847 627 950 663 genus
965 615 1011 649 est
1021 616 1175 663 quiddam
1189 615 1326 662 superius
1342 612 1592 655 differentiazfic
1603 614 1726 650 animal

339 662 476 712 superius
490 664 533 699 est
542 662 704 700 rationali.
716 664 800 713 Ergo
813 664 845 698 id
857 663 1039 699 formaliter
1056 664 1228 708 includitur
1238 665 1272 698 in
1290 662 1483 699 differentia.

375 713 465 762 Resp„
477 713 560 758 Dist.
568 706 847 760 majumSuperius
858 712 1033 751 includitur
1043 714 1076 747 in
1088 725 1129 747 eo
1139 712 1229 759 quod
1238 713 1282 746 est
1293 712 1445 756 inferius,
1450 717 1497 752 j&
1510 712 1631 748 direCke
1647 714 1729 749 &in

342 762 460 798 eadem
475 758 561 797 linea
572 773 626 809 aut
632 760 713 796 serie
732 763 914 809 categorica
927 762 971 795 est
980 760 1249 809 comprehensum
1261 789 1271 803 ‚
1283 772 1318 794 ut
1329 761 1449 795 animal
1461 763 1497 795 in
1515 760 1650 797 homine
1661 790 1671 805 ‚
1680 761 1721 798 C.

340 810 375 844 in
392 821 433 846 eo
450 811 537 860 quod
556 810 686 846 inferius
709 810 751 844 est
769 821 899 848 tantum
917 811 1092 855 indirecte,
1119 815 1154 847 δε
1181 820 1271 859 extra
1287 808 1399 855 seriem
1414 812 1584 858 categoriae
1597 839 1607 854 ‚
1630 809 1730 860 cujus-

340 860 430 894 modi
455 862 500 895 est
518 859 722 902 differentia,
745 861 790 895 N.
816 861 819 863 ’
1595 897 1602 908 ,

354 908 490 954 Qaeres
502 908 726 956 3'¹.Qomodo
741 920 949 955 opponantur
960 910 1046 943 inter
1058 907 1088 942 se
1101 908 1290 943 differentiae
1300 905 1579 955 ejusdem‘generis
1590 905 1728 952 divisive.

376 959 466 1007 Resp,
489 956 742 1006 Oppofitionem
759 956 847 991 illam
867 953 928 991 else
944 959 1113 1003 contrariae
1130 958 1312 1005 proximam
1328 969 1335 990 :
1351 968 1423 989 cum
1439 954 1560 990 scilicet
1574 955 1728 990 differen-

341 1010 391 1042 tiae
413 1020 450 1042 ex
466 1019 599 1053 utraque
610 1018 700 1054 parte
723 1004 793 1040 sunt
804 1006 882 1052 quid
894 1006 981 1040 reale
995 1020 1002 1041 :
1017 1018 1052 1040 ut
1068 1006 1153 1040 linea
1172 1005 1215 1039 est
1233 1006 1323 1039 reeta
1337 1032 1348 1047 ,
1360 1016 1415 1038 aut
1438 1017 1555 1046 curva3
1578 1016 1729 1043 numerus

342 1069 399 1104 par
429 1084 439 1098 ‚
465 1057 519 1090 vel
545 1057 658 1102 impar.
683 1055 773 1090 Nam
800 1065 839 1088 ea
856 1053 927 1088 sunt
949 1056 1108 1088 contrarie
1131 1051 1279 1102 oppofita
1296 1081 1306 1095 ‚
1328 1065 1397 1098 quae
1409 1051 1464 1086 sub
1478 1054 1595 1093 eodem
1608 1064 1730 1101 genere

342 1103 442 1153 posita
468 1105 608 1138 maxime
631 1105 715 1136 inter
740 1099 770 1135 se
786 1101 903 1135 distant
925 1115 931 1135 :
952 1114 1026 1136 cum
1053 1113 1166 1136 tamen
1193 1102 1403 1135 contrarietas
1430 1100 1466 1135 sit
1493 1103 1622 1149 proprie
1643 1103 1728 1135 inter

343 1154 521 1188 accidentia
535 1181 544 1195 ,
561 1149 748 1186 differentiae
761 1163 835 1196 ⁴non
845 1150 1002 1196 'stric'tiore
1014 1151 1145 1198 quidem
1160 1179 1170 1193 ,
1185 1148 1236 1184 sed
1249 1147 1344 1197 paulo
1366 1148 1480 1184 latiore
1494 1149 1729 1199 fignificatione

343 1202 399 1237 sibi
413 1203 578 1236 contrariae
597 1201 758 1234 dicuntur.

379 1251 443 1285 Sed
458 1250 514 1284 ubi
524 1262 589 1284 una
605 1247 787 1285 differentia
796 1248 839 1281 est
847 1247 978 1282 alterius
992 1260 1118 1285 tantun
1132 1250 1263 1297 negatio
1273 1277 1282 1290 ‚
1292 1260 1326 1282 ut
1336 1260 1408 1282 cum
1420 1247 1555 1283 dicimus
1575 1247 1726 1296 plantam

346 1299 407 1344 else
420 1297 519 1334 sensus
533 1310 700 1346 expertem
713 1326 722 1339 ,
736 1308 805 1330 tum
816 1295 887 1331 sane
899 1296 1088 1332 diffitentiae
1107 1300 1190 1333 inter
1201 1297 1231 1332 se
1244 1297 1491 1344 quodammodo
1505 1298 1728 1333 contradieto-

346 1352 393 1383 rie
415 1358 626 1396 opponuntur
640 1376 649 1390 ,
668 1358 703 1382 ut
718 1342 893 1380 affirmatio
905 1352 937 1383 &
948 1349 1090 1395 negatio.

380 1398 447 1432 Sed
459 1398 582 1440 inquies
595 1425 604 1439 ‚
615 1397 721 1443 omnis
731 1394 915 1435 differentia
932 1407 1034 1444 genus
1052 1393 1195 1444 perficit.
1213 1397 1296 1445 Ergo
1312 1397 1354 1440 est
1364 1395 1439 1444 quid
1458 1392 1630 1443 positivum
1641 1407 1728 1436 ,riou

347 1459 437 1483 mera
451 1448 592 1492 negatio„

395 1497 482 1543 Resp.
497 1493 578 1532 Disl.
593 1502 664 1526 ant.
676 1494 796 1526 Omnis
811 1489 993 1527 differentia
1007 1505 1109 1540 genus
1124 1490 1353 1540 perficit.juirta
1364 1492 1509 1530 nostrum
1525 1492 1731 1540 concipiendi

350 1544 483 1587 modum
495 1571 504 1584 ‚
522 1542 561 1576 C.
575 1543 648 1587 quia
668 1552 767 1588 genus
785 1540 873 1587 quod
890 1553 1011 1589 vagum
1026 1542 1086 1584 est,
1100 1541 1435 1578 &indeterminatum
1446 1569 1455 1583 ‚
1467 1541 1507 1574 ad
1526 1551 1646 1575 certam
1658 1540 1731 1589 spe-

351 1597 435 1629 ciem
450 1592 645 1625 determinat
659 1604 665 1625 :
689 1591 809 1624 Omnis
824 1587 1004 1627 differentia
1021 1602 1122 1638 genus
1135 1587 1260 1638 perficit
1274 1619 1282 1633 ‚
1302 1589 1390 1636 quasi
1409 1588 1650 1637 perfeCkionem
1672 1589 1733 1624 ali-

350 1655 448 1690 quam
462 1641 575 1688 generi
592 1637 739 1685 largiatur
751 1667 759 1680 ,
774 1640 819 1674 N.
832 1639 884 1675 Sic
897 1637 983 1675 linea
995 1638 1102 1685 differt
1118 1639 1137 1675 ὸ,
1149 1637 1314 1685 superficie
1324 1667 1334 1681 ‚
1355 1639 1443 1684 quod
1465 1637 1551 1672 linea
1564 1636 1601 1671 fit
1624 1638 1729 1686 longi-

351 1692 430 1726 tudo
445 1688 619 1722 latitudinis
635 1698 747 1734 expers
762 1701 769 1722 ς
783 1687 873 1734 quod
886 1687 1018 1734 quidem
1025 1685 1109 1722 'nihil
1119 1687 1164 1721 est
1175 1684 1358 1732 pojitivum.
1369 1688 1420 1719 Sic
1433 1684 1588 1720 diffirunt
1603 1688 1685 1721 inter
1699 1686 1729 1720 se

351 1741 442 1774 dives
459 1744 491 1774 ἃ
510 1737 743 1784 pauper,qnod
756 1736 810 1770 ille
822 1734 966 1770 abundet
986 1738 1144 1783 pecunia,
1165 1733 1216 1769 hic
1234 1745 1349 1769 careat.
1375 1732 1477 1768 Simili
1500 1735 1625 1768 ratione
1639 1734 1731 1770 diffc-

351 1800 424 1824 runt
439 1788 538 1821 homo
552 1790 583 1821 ὃς
606 1784 736 1818 brutum
748 1815 758 1827 ,
771 1784 858 1832 quod
876 1784 929 1818 ille
943 1782 979 1820 fit
996 1786 1126 1819 rationis
1154 1795 1288 1830 compos
1306 1812 1316 1826 ,
1332 1783 1393 1817 hoc
1410 1785 1520 1830 utique
1542 1795 1653 1831 expers
1665 1795 1672 1816 ε
1683 1796 1732 1826 ,με

352 1834 466 1877 sufficit
484 1836 621 1869 omnino
643 1846 677 1868 ut
694 1835 793 1868 altera
807 1832 991 1870 diffitenda
1007 1832 1042 1868 sit
1059 1833 1134 1882 quid
1154 1830 1335 1880 positivum.

794 1931 884 1976 QU
906 1933 945 1963 AE
968 1932 988 1964 s
1017 1932 1048 1963 ’r
1076 1933 1089 1964 1
1113 1931 1148 1974 ο
1207 1930 1266 1978 m

943 2003 997 2036 De
1007 2005 1145 2053 proprio.

354 2083 506 2182 QUae
517 2083 648 2122 reliquae
678 2078 832 2114 sunrduae
851 2077 1037 2127 quaestiones
1058 2077 1098 2111 de
1118 2078 1252 2125 proprio
1272 2104 1282 2119 ,
1305 2079 1339 2112 ὃ(
1362 2076 1531 2111 accidente
1544 2104 1552 2119 ‚
1571 2073 1731 2122 explicatu

447 2132 513 2167 sunt
532 2124 651 2167 faciles.
672 2131 763 2165 Nam
781 2139 851 2173 quae
869 2127 943 2162 oriri
959 2125 1087 2173 polsunt
1106 2124 1309 2161 difficultates
1326 2153 1336 2167 ‚
1358 2137 1477 2172 magna
1492 2138 1529 2159 ex
1546 2135 1636 2172 parte
1660 2122 1731 2157 sunt

354 2179 471 2214 soliitae.
496 2184 638 2217 Primum
656 2181 765 2223 itaque
781 2177 822 2210 de
839 2177 970 2225 proprio
985 2204 994 2218 ‚
1007 2176 1093 2222 quod
1109 2174 1247 2211 effenriae
1273 2175 1319 2207 rei
1343 2174 1478 2208 vicinius
1493 2174 1535 2208 est
1551 2202 1560 2215 ‚
1581 2177 1614 2209 &
1634 2170 1674 2207 ab
1691 2183 1729 2205 ea

356 2228 493 2275 profluit,
514 2243 581 2264 tum
595 2230 634 2262 de
655 2226 821 2261 accidente
841 2225 1026 2260 dicendum.

408 2279 488 2311 Non
515 2291 576 2312 nna
604 2278 649 2311 est
678 2277 796 2324 proprii
830 2276 984 2322 acceptio.
1013 2274 1102 2309 Nam
1134 2271 1295 2306 interdum
1330 2268 1363 2302 id
1383 2272 1547 2318 proprium
1569 2267 1730 2322 dicimus,

358 2325 445 2365 quod
465 2338 531 2360 non
554 2328 599 2360 est
618 2326 684 2360 aliis
705 2336 876 2359 commune
898 2338 906 2358 :
939 2334 973 2356 ut
991 2324 1024 2356 id
1055 2322 1179 2356 homini
1203 2320 1365 2368 proprium
1399 2319 1555 2360 dicimus,
1585 2318 1671 2365 quod
1695 2320 1732 2351 lit

358 2367 530 2420 rationalis.
554 2378 719 2422 Proprium
730 2377 830 2411 etiam
845 2373 875 2408 id
887 2372 967 2427 saepe
989 2371 1217 2419 intelligimus,
1245 2368 1428 2416 quod-non
1453 2368 1499 2402 est
1519 2370 1564 2401 rei
1589 2366 1732 2402 alienum
