1857 2745
113 181 265 220 videlicet
286 184 466 220 numericae.
489 183 573 231 Ergo
586 192 699 217 natura
717 178 753 214 fit
767 181 951 218 universalis
973 194 1030 230 per
1043 177 1222 230 simplicem
1237 184 1356 218 mentis
1377 151 1507 220 abstgg

113 235 266 270 irionem.
1102 270 1106 274 .
1450 244 1452 248 ’

149 284 223 317 Pars
241 281 343 316 altera
355 279 569 317 conclusionis
582 279 678 315 facile
698 279 866 328 probatur.
894 281 981 316 Cum
1005 283 1096 317 enirn
1124 295 1161 317 ea
1188 294 1318 318 tantum
1335 284 1369 315 in
1391 295 1503 319 natura

111 329 322 379 conspicimus
333 359 344 374 ‚
355 343 425 378 quae
442 332 476 364 in
489 329 573 364 illius
588 330 660 363 idea
674 329 858 378 speetantur
872 359 882 374 ‚
906 331 1031 367 nullum
1051 331 1088 367 fit
1107 344 1164 367 ens
1180 334 1333 368 rationis:
1350 332 1450 379 Atqui
1466 335 1501 368 in

109 379 281 416 universali
293 377 520 428 Mctaphysico
536 391 628 414 mens
649 380 765 428 gradus
784 391 911 416 tantuin
931 386 964 417 ὃ(
985 382 1207 429 perfeffiones
1231 384 1276 416 rei
1295 379 1474 416 considerat
1489 411 1500 425 ,

108 440 181 476 quae
198 428 281 468 illius
295 429 367 463 idea
379 458 390 472 ,
402 441 458 463 aut
475 431 567 464 notio
578 430 846 477 comprehendit:
861 433 944 479 Ergo
956 432 991 465 in
1003 430 1177 467 universali
1198 429 1426 479 Metaphyfico
1447 433 1500 466 ni-

113 477 214 513 hilest
231 477 382 514 fictitium
394 507 404 521 ‚
416 491 522 525 neque
536 490 585 512 res
596 478 688 514 aliter
703 491 801 527 atque
821 480 869 514 est
882 508 893 523 ‚
906 481 1097 527 concipitur.

123 558 128 561 .
143 526 292 570 Confirm.
310 527 444 575 Duplex
457 527 503 561 est
519 526 706 571 abstraffio,
717 528 770 563 seu
787 531 908 564 mentis
922 527 1072 576 praecifio.
1094 530 1173 566 Una
1191 528 1236 563 est
1255 526 1388 575 simplex
1400 556 1409 570 ,
1425 539 1499 562 cum

110 588 181 611 tem
195 588 294 611 unam
315 575 380 612 sine
392 576 493 611 altera
507 606 516 620 ,
531 589 566 612 ut
579 576 819 626 longitudinem
837 576 901 612 sine
914 578 1083 612 latitudine
1097 579 1242 626 concipit
1257 606 1266 620 ‚
1298 589 1402 623 eaque
1419 576 1502 611 nihil

108 623 178 662 falsi
194 627 344 660 continet
354 655 363 669 ,
379 631 467 674 juxta
483 625 562 661 illud
580 625 715 662 effatum
730 626 913 663 Aristotelis
929 655 939 669 ‚
953 625 1223 671 Abstrahentium
1237 640 1296 661 non
1312 625 1352 670 est
1371 626 1502 659 menda-

111 677 206 711 cium.
225 673 298 709 Alia
307 675 354 709 est
364 675 539 710 abstraffio
558 676 746 725 composita,
760 689 834 711 curn
847 688 949 710 unum
965 687 1102 724 negatur
1111 676 1152 710 de
1166 675 1283 711 altero.
1300 674 1364 709 Sed
1378 677 1411 709 in
1428 676 1500 709 uni-

111 721 222 758 versali
235 722 462 771 Metaphyfi:o
472 724 528 759 slm
556 725 606 759 lex
617 726 665 759 est
674 727 794 760 mentis
803 722 939 771 praecifio
959 753 968 766 ,
984 736 1055 771 quae
1079 724 1160 759 nihil
1177 723 1293 760 fictum
1307 722 1409 760 habet
1425 726 1499 759 :Er-

109 783 153 820 go
164 769 340 807 univerlhle
354 773 519 820 Metaphy
533 784 618 807 icum
637 772 673 808 fit
691 775 771 807 citra
783 772 888 807 ullum
905 775 1024 807 mentis
1040 771 1246 821 figmentum.

157 820 261 869 Qod
276 819 297 856 fi
312 818 400 856 Scoti
413 821 556 869 dilcipuli
575 835 648 856 non
663 821 748 856 aliud
761 820 938 856 universale
953 820 1186 870 intelligerent,
1204 820 1306 870 quam
1323 820 1402 856 illud
1419 823 1498 856 Me-

110 868 310 918 taphysicum
322 899 332 913 ,
341 884 410 906 non
419 871 501 904 adeo
514 869 555 903 ab
569 868 634 917 ipsa
644 872 783 905 veritate
793 869 991 905 aberrarent.
1008 872 1098 906 Nam
1109 884 1180 918 quae
1192 873 1233 906 ad
1252 868 1419 905 elsentiam
1439 873 1496 913 rei,

111 924 146 955 &
159 920 239 952 ideae
252 931 352 966 quam
363 919 402 953 de
417 918 472 953 illa
490 918 668 954 formamus
683 948 692 962 ,
701 918 1027 966 comprehensionem
1041 922 1219 966 pertinent,
1231 920 1357 954 videtui·
1366 919 1497 953 intelle-

116 968 182 1003 ctus
194 969 297 1015 magis
316 970 464 1003 invenire
478 997 487 1010 ‚
502 966 603 1015 quarn
623 967 736 1002 facere.
755 967 1019 1017 anuamilla
1035 967 1170 1015 praecifio
1187 980 1307 1003 natutae
1321 968 1341 1003 Ξι
1358 967 1496 1016 singula-

113 1015 201 1051 ribus
210 1029 280 1051 non
291 1014 327 1051 fit
344 1019 421 1051 citra
436 1018 600 1051 actionem
608 1019 729 1051 mentis
750 1018 867 1052 nostrae
879 1016 1000 1052 :multo
1013 1027 1120 1051 minus
1135 1018 1205 1051 idea
1231 1029 1330 1063 quam
1343 1015 1501 1050 habemus

113 1064 167 1098 vel
185 1064 308 1107 circuli,
324 1065 375 1100 vel
389 1064 597 1113 trianguli,ad
616 1064 708 1112 plura
723 1065 908 1100 extenditur
926 1067 1005 1098 citra
1019 1076 1155 1099 omnem
1176 1065 1360 1099 intelleetus
1384 1077 1501 1112 opera-

111 1115 236 1148 tionem
251 1119 303 1156 ‚&
321 1126 360 1147 ex
370 1113 539 1149 universali
560 1112 787 1163 Metaphyfico
805 1115 963 1162 Logicum
974 1111 1174 1162 effingimus:
1189 1114 1266 1148 illud
1282 1115 1371 1148 enim
1385 1114 1430 1148 est
1442 1126 1500 1149 ve.

112 1161 160 1198 lut
179 1165 314 1197 materia
322 1161 506 1198 universalis
520 1164 643 1210 Logici.

146 1213 220 1246 Nec
235 1211 348 1246 dubito
358 1215 437 1259 quin
449 1223 487 1247 ea
497 1214 623 1247 ratione
632 1209 728 1246 facile
738 1214 822 1247 inter
835 1215 866 1249 S.
883 1212 1020 1249 Thomae
1038 1218 1072 1250 &
1091 1214 1180 1248 Scoti
1194 1210 1362 1260 discipulos
1373 1224 1498 1247 conve-

113 1262 181 1295 nite
191 1259 296 1309 possit.
308 1261 360 1297 Est
371 1264 460 1297 enim
471 1273 586 1296 natura
602 1261 742 1296 humana
754 1289 763 1303 ,
776 1264 911 1297 nemine
927 1265 1026 1298 etiam
1041 1265 1208 1312 cogitante
1219 1290 1229 1304 ,
1239 1260 1421 1295 universalis
1439 1274 1498 1297 ne-

111 1311 220 1355 gative
230 1325 237 1346 :
247 1324 319 1345 cum
335 1310 500 1346 abstrahat
508 1309 549 1344 ab
560 1313 651 1345 omni
662 1309 833 1345 existentia
845 1340 854 1354 ‚
864 1323 975 1358 neque
992 1312 1076 1346 adeo
1086 1311 1120 1347 sit
1136 1311 1211 1359 quid
1232 1309 1404 1358 positivum
1415 1327 1424 1354 ·‚
1436 1322 1498 1345 nec

112 1348 170 1392 sub
187 1371 224 1393 ea
238 1362 363 1395 ratione
373 1359 410 1395 sit
421 1373 521 1395 unum
543 1365 577 1396 &
597 1360 683 1395 idem
695 1358 829 1407 positive
842 1372 917 1395 curn
942 1358 1002 1396 suis
1015 1360 1204 1396 differentiis
1226 1361 1396 1394 numericis
1414 1388 1424 1402 ,
1444 1358 1498 1394 sed

114 1407 243 1443 realiter
258 1438 267 1452 ,
281 1421 317 1444 ut
327 1411 420 1444 aiunt
433 1438 442 1451 ‚
460 1410 614 1457 negative
634 1408 675 1443 ab
691 1411 728 1442 iis
742 1407 882 1443 differat.
910 1413 1037 1444 Verum
1052 1411 1233 1445 institutum
1253 1407 1401 1443 nostrum
1421 1421 1497 1455 pro-

115 1454 300 1503 sequamur:
311 1470 419 1505 neque
435 1460 521 1492 enini
536 1458 588 1492 hic
599 1458 685 1492 locus
696 1457 837 1505 postulat
851 1468 885 1492 ut
900 1457 1063 1506 oppositas
1082 1458 1251 1494 sententias
1277 1457 1496 1493 conciliemus.

512 1552 963 1588 ARTICULUS
1025 1555 1092 1589 111.

498 1625 654 1672 ngmodo
669 1616 735 1669 ficit
757 1623 945 1668 Vnivosale
960 1628 1128 1676 LogIcum.

208 1696 324 1734 Ullum
334 1698 379 1732 est
398 1697 575 1733 universale
591 1696 757 1745 Physicum
768 1726 776 1739 ‚
792 1697 880 1743 quod
898 1701 1049 1734 nimirum
1061 1712 1162 1734 unum
1171 1697 1209 1733 sit
1226 1697 1314 1733 simul
1334 1702 1369 1735 δε
1383 1699 1499 1742 multa,

211 1759 265 1781 aut
289 1760 391 1783 unum
418 1750 453 1783 in
477 1746 584 1782 multis
607 1763 614 1783 :
637 1746 691 1782 sed
710 1744 890 1781 universale
907 1750 1064 1798 Logicum
1086 1748 1219 1783 existere
1237 1745 1319 1782 nihil
1339 1759 1440 1782 vetat.
1462 1749 1498 1782 Id

117 1798 205 1832 enim
223 1796 338 1831 dicitur
352 1826 361 1840 ,
375 1797 464 1844 quod
485 1796 559 1830 licet
586 1808 698 1830 revera
715 1795 749 1830 sit
766 1793 899 1830 divisum
921 1803 954 1833 δε
977 1797 1148 1845 multiplex
1168 1825 1178 1839 ‚
1200 1798 1234 1830 in
1252 1795 1364 1830 ordine
1385 1807 1498 1831 tamen

116 1846 157 1881 ad
178 1844 322 1881 scientias
337 1846 494 1880 humanas
506 1846 639 1894 perinde
654 1845 683 1880 se
696 1843 796 1879 habet
810 1873 819 1887 ,
835 1857 872 1878 ac
882 1844 902 1880 fi
915 1841 993 1881 effer
1007 1859 1109 1881 unum
1127 1848 1160 1880 in
1178 1843 1299 1879 multis.
1324 1846 1375 1877 Sic
1400 1847 1499 1878 trian-

104 1895 229 1944 :gulum
249 1896 283 1930 'tn
304 1897 497 1930 Geornetria
507 1924 517 1938 ,
533 1906 570 1929 ut
585 1895 663 1941 quid
677 1907 778 1929 unum
797 1895 956 1930 &multis
969 1907 1144 1930 commune
1162 1893 1181 1929 ἒι
1199 1892 1292 1928 nobis
1307 1894 1500 1941 concipitur,

121 1949 155 1980 δε
169 1945 209 1978 de
222 1943 278 1978 illo
292 1956 484 1979 communes
505 1944 694 1980 affectiones
716 1972 726 1987 ‚
743 1954 799 1977 aut
819 1946 1032 1992 proprietates
1055 1943 1315 1978 demonstrantur
1333 1955 1341 1977 t
1362 1941 1444 1976 adeo
1464 1954 1501 1977 ut

119 1991 272 2040 quaelibet
290 1999 354 2042 eJus
367 1996 546 2042 proprietas
559 2022 568 2037 ‚
585 2005 622 2028 ut
634 1993 710 2040 quid
727 2004 846 2034 unum,
862 2005 918 2028 aut
937 1991 1117 2028 universale
1136 1992 1156 2027 ἐι
1178 1993 1355 2026 Geornetra
1375 1989 1497 2038 speeie-

122 2052 182 2079 tur.
197 2044 248 2077 Sic
258 2042 435 2091 subjectum
446 2042 520 2087 ,vel
536 2042 726 2078 attributum
742 2039 970 2090 propositionis
988 2044 1106 2078 merito
1119 2039 1297 2077 universale
1310 2039 1501 2087 appellatur,

120 2089 174 2125 sed
191 2093 358 2139 Logicum.
382 2087 401 2124 “.
1297 2117 1301 2122 .

100 2150 105 2170 ’-
153 2150 199 2177 2.“·.
214 2141 406 2177 Universale
421 2144 577 2187 Logicum
591 2141 610 2176 a
630 2138 859 2188 Metaphyfico
873 2153 941 2176 non
952 2141 1043 2176 aliter
1063 2142 1193 2176 videtur
1206 2137 1334 2173 differre
1351 2135 1450 2184 quiam
1467 2149 1503 2171 ut

121 2200 308 2225 concretum
322 2191 364 2225 ab
377 2183 540 2227 abstracto
556 2220 565 2235 ‚
582 2203 618 2225 ut
638 2190 738 2225 homo
748 2187 791 2222 ab
804 2187 1015 2227 humanitate.
1031 2193 1217 2236 Utrumque
1235 2187 1270 2222 fit
1288 2186 1504 2221 abstrafikione

123 2240 282 2285 quadam:
298 2240 399 2275 homo
425 2243 546 2289 quippe
561 2252 597 2274 ut
615 2251 723 2274 toturn
740 2239 921 2285 potentiale
942 2242 1124 2288 concipitur
1139 2267 1148 2280 ‚
1165 2237 1253 2284 quod
1273 2235 1328 2270 sub
1348 2234 1378 2268 se
1396 2246 1503 2283 partes

125 2286 225 2322 habet
239 2317 249 2331 ,
264 2287 318 2323 seu
335 2290 500 2325 inferiora.
521 2292 599 2325 Hoc
610 2301 687 2324 vero
697 2298 803 2322 totum
825 2291 946 2337 percipi
965 2290 984 2325 a
1007 2287 1102 2324 nobis
1122 2299 1189 2321 non
1208 2285 1314 2333 potest
1337 2313 1348 2327 ,
1375 2282 1430 2319 nisi
1450 2296 1506 2332 per

125 2335 290 2382 quandam
302 2341 419 2375 mentis
438 2338 673 2387 separationem
690 2334 1034 2380 ,seuabstractioneni.
1051 2337 1111 2372 Sed
1125 2338 1158 2370 in
1173 2335 1234 2370 hoc
1251 2332 1358 2369 differt
1372 2335 1506 2367 univer-

126 2384 187 2420 sale
207 2386 362 2434 Logicurn
380 2386 633 2436 aMetaphysico
647 2415 657 2431 ,
677 2385 766 2433 quod
789 2384 865 2421 illud
890 2387 1009 2422 habeat
1026 2388 1185 2422 rationem
1202 2381 1431 2434 praedicabilis,
1444 2381 1507 2416 hoc
