1857 2745
434 143 841 182 TRACTATUS
880 144 1114 181 PRIMUS.
1398 161 1455 195 43,

71 194 130 232 lius
147 194 244 243 partis
259 192 489 242 Metaphyficae
503 222 513 237 ,
530 207 601 241 quae
611 194 795 242 Theologia
806 207 844 228 nn
851 193 959 229 ruralis
976 195 1039 228 dici
1054 193 1144 229 solet.

107 244 230 279 Contra
242 272 252 287 ‚
264 244 402 290 inquies:
419 244 458 278 de
473 246 546 280 Deo
557 248 590 281 &
607 244 741 291 Angelis
757 245 894 279 tractare
907 256 972 278 non
991 243 1031 277 ad
1049 240 1288 290 Philosophiam
1303 270 1312 284 ,
1336 241 1387 277 sed
1411 245 1452 279 ad

65 292 288 342 Theologiam
299 295 460 342 pertinet:
482 305 556 328 cum
568 295 634 330 Dei
644 295 790 342 cognitio
801 306 868 328 non
879 292 1020 327 humana
1036 319 1046 335 ,
1062 291 1115 326 sed
1127 292 1240 326 divina
1251 293 1377 327 ratione
1393 292 1453 327 ha-

69 341 194 440 &2²23-
205 392 247 426 ad
257 390 474 440 Theologiam
489 390 670 426 naturalem
685 392 851 440 pertinere
871 392 936 427 Dei
951 395 984 427 δε
999 389 1200 437 Angelorum
1210 391 1452 436 uastationem,

0 445 15 477 :'
66 452 224 489 quatenus
239 439 408 475 invisibilia
422 442 486 475 Dei
499 453 557 489 per
571 452 610 474 ea
623 453 691 487 quae
707 441 792 475 facta
814 438 883 475 sunt
897 469 906 483 ‚
930 439 1098 476 intellecta
1114 437 1358 487 conspiciuntur.
1391 443 1454 475 lta.-

68 501 131 537 que
141 489 210 524 haec
221 492 286 525 Dei
305 491 450 537 cognitio
462 493 589 526 ratione
610 489 732 539 objecti
749 490 861 525 divina
873 489 1008 537 quidem
1018 489 1065 523 est
1088 502 1096 523 :
1116 487 1166 522 sed
1190 501 1264 523 cum
1285 500 1326 522 ex
1348 500 1453 524 rerum

67 549 246 574 creatarum
260 538 540 588 contemplatione
556 542 679 586 acquiri
688 537 839 588 poffit‚ea
852 537 1001 573 naturalis
1011 538 1133 573 dicitur.
1149 535 1249 583 Qod
1261 539 1348 572 enim
1362 541 1453 573 Deus

14 592 15 601 ¹
67 585 105 623 fit
119 614 129 630 ,
148 586 236 634 quod
252 587 347 622 rebus
366 587 520 623 omnibus
537 588 710 636 provideat
727 605 736 632 3
752 586 844 636 quod
858 586 896 623 fit
907 586 1034 622 :summe
1058 598 1175 636 potens
1188 614 1198 628 ,
1227 585 1388 621 bonorum
1402 599 1455 620 re..

66 648 257 672 munerator
271 665 280 680 ,
310 637 470 672 malorum
498 638 638 681 vindex,
667 638 698 672 id
718 636 855 673 naturali
877 635 999 671 lumine
1032 634 1264 684 cognoscimus.
1289 637 1400 676 Hine,
1419 647 1457 671 ut

68 683 218 720 observat
226 685 430 722 Verulamius
441 715 451 730 ,
464 699 530 722 non
540 685 676 734 legimus
687 684 772 722 faeta
787 686 807 721 ὲ
823 688 898 720 Deo
911 683 999 720 fuilse
1008 683 1162 721 miracula
1173 712 1184 726 ‚
1198 695 1235 719 ut
1248 683 1363 719 atheus
1377 696 1457 720 con-

69 745 249 770 verteretur
259 764 268 779 ‚
287 733 364 770 cum
374 747 494 771 naturae
508 736 631 770 lumine
644 736 683 769 ad
698 737 853 771 notitiam
865 737 930 771 Dei
942 735 1073 782 perduci
1085 731 1190 783 poffit.
1219 732 1282 767 Sed
1298 732 1456 777 idolatrae,

13 792 16 818 J
68 794 124 818 aut
142 795 311 830 pravarum
327 784 521 832 religionum
530 785 672 819 cultores
688 813 697 828 ‚
724 787 828 832 quiin
845 786 912 818 veri
925 786 989 819 Dei
1002 782 1092 818 cultu
1113 780 1322 821 aberrarunt,
1343 782 1454 818 multis

14 831 15 835 ’
66 830 172 867 &Deo
184 833 279 868 editis
292 833 452 868 miraculis
466 834 505 867 ad
518 833 701 882 legitimum
717 837 786 882 ejus
796 833 918 868 cultum
928 834 1076 881 perduffi
1088 831 1156 867 sunt
1171 845 1179 867 ε
1197 831 1336 866 naturali
1359 833 1455 881 quip-

14 910 15 915 ,
68 893 110 929 pe
129 883 254 916 ratione
267 884 330 918 Dei
344 884 526 930 potentiam
537 888 571 919 δε
581 883 780 931 majestatem
795 911 808 928 ,
831 882 1033 918 revelatione
1044 893 1153 917 autem
1168 884 1235 928 ejus
1249 879 1459 922 volimtatem

50 938 51 941 ’
69 935 105 968 &
122 930 307 976 legitimum
321 931 442 966 cultum
455 931 665 979 agnoscimus·
787 951 790 955 ι

647 980 765 1015 Tertia
779 978 948 1025 Conclusio.

119 1028 389 1078 Metaphyficaut
399 1028 531 1064 scientia
547 1057 557 1072 ,
575 1027 615 1062 fic
625 1027 781 1077 sapientia
796 1029 859 1063 dici
872 1029 985 1076 potest.

105 1079 187 1112 Haec
199 1077 358 1112 conclusio
371 1091 412 1112 ex
434 1080 472 1111 iis
487 1090 559 1124 quae
573 1079 606 1111 in
627 1079 750 1126 Logica
765 1077 806 1110 de
818 1077 1022 1112 scientiarum
1037 1075 1192 1112 divisione
1214 1077 1369 1121 diximus,
1386 1077 1458 1114 satis

11 1129 16 1139 '
68 1124 180 1173 liquet.
201 1125 303 1171 Quod
320 1128 409 1161 enim
427 1125 462 1160 fit
474 1126 602 1161 scientia
613 1125 838 1174 propriedidka
849 1153 859 1168 ,
887 1130 921 1161 δι
935 1123 1344 1162 scientiarumnobiliffima
1359 1154 1368 1169 ‚
1381 1126 1458 1163 hinc

65 1186 178 1223 patet,
196 1173 284 1222 quod
308 1175 348 1209 de
359 1174 506 1210 universa
517 1177 642 1210 ratione
659 1177 742 1210 entis
755 1202 766 1217 ,
789 1175 829 1208 de
840 1177 916 1209 Deo
933 1173 1000 1222 ipso
1009 1172 1113 1209 multa
1123 1173 1212 1209 certo
1229 1180 1263 1211 &
1287 1175 1458 1211 evidenter

68 1224 294 1266 demonstret,
315 1237 387 1271 quae
409 1237 475 1260 non
501 1236 540 1259 ex
563 1223 734 1272 hypothesi
754 1234 901 1267 tanturn,
927 1222 980 1258 sed
1002 1220 1149 1258 absolute
1176 1223 1248 1259 sunt
1274 1222 1458 1262 neceffaria:

71 1285 211 1320 cumque
224 1271 385 1309 altiffimas
396 1286 500 1308 rerum
513 1274 661 1309 omnium
676 1271 782 1308 causas
797 1301 807 1316 ,
835 1278 870 1310 &
888 1274 992 1321 prima
1017 1273 1172 1320 principia.
1194 1273 1385 1321 investiget,
1410 1273 1459 1308 sa..

69 1323 202 1370 pientiae
213 1335 333 1358 nomen
342 1321 399 1358 sibi
412 1323 568 1358 vindicat.
593 1322 695 1358 Unde
708 1328 744 1359 ὃ(
763 1321 896 1369 reliquae
912 1320 1047 1356 scientiae
1067 1333 1106 1356 ex
1123 1333 1160 1355 ea
1177 1322 1326 1370 pendent
1340 1351 1350 1365 ,
1371 1329 1405 1359 &
1422 1325 1457 1358 in

69 1382 145 1406 eam
162 1370 280 1407 ultimo
296 1370 500 1407 resolvuntur.
522 1374 606 1419 Ergo
616 1369 840 1420 Metaphyfica
850 1383 917 1406 non
927 1368 1031 1405 modo
1041 1368 1171 1406 scientia
1185 1399 1196 1415 ,
1212 1369 1310 1408 sed&
1329 1370 1456 1421 sapien-

72 1422 120 1455 tia
139 1419 274 1455 dicenda
294 1420 358 1455 est.

120 1468 286 1512 roirca
302 1468 374 1503 saris
386 1479 462 1516 apte
475 1480 518 1503 <ea
527 1467 685 1504 definitur
695 1496 705 1510 ,
719 1467 855 1513 scientia
864 1494 872 1505 ,
883 1477 939 1502 aut
952 1465 1104 1514 sapientia
1114 1494 1126 1509 ‚
1146 1477 1210 1513 qua
1224 1468 1307 1501 circa
1318 1480 1372 1504 ens
1393 1481 1456 1503 om-

68 1528 111 1552 ne
126 1527 162 1551 ut
179 1515 220 1551 ab
233 1519 315 1551 omm'
328 1520 463 1551 materia
476 1545 486 1560 ‚
508 1531 557 1555 re,
586 1519 642 1550 vel
662 1517 851 1564 cogitatione
865 1518 1022 1562 ficretum
1044 1516 1202 1560 versatur.

107 1566 192 1613 Opp.
203 1568 369 1614 Sapientia
378 1579 449 1612 quae
468 1567 514 1600 est
528 1562 844 1611 scientiaexquifita,
864 1576 912 1598 res
928 1563 1091 1611 cognoscit
1104 1575 1160 1611 per
1168 1563 1272 1599 causas
1281 1562 1456 1602 altiffimas:

70 1613 125 1649 sed
139 1617 202 1650 Dei
217 1613 309 1662 ipsius
327 1615 414 1650 nulla
432 1616 474 1649 est
488 1613 576 1650 causa
589 1628 599 1650 .:
618 1627 696 1663 ergo
707 1625 778 1663 pars
787 1612 841 1648 illa
857 1611 1086 1661 Metaphyficae
1102 1624 1171 1659 quae
1183 1615 1293 1648 Deum
1312 1624 1456 1650 contem.

73 1662 180 1712 ,platur
199 1692 208 1706 ,
233 1676 301 1698 non
317 1666 359 1699 est
383 1663 544 1712 sapientia.

109 1715 148 1748 R.
160 1712 247 1752 Dia.
259 1717 369 1754 major.
383 1715 550 1762 Sapientia
563 1710 728 1761 cognoscit
749 1724 798 1746 res
817 1724 874 1760 per
891 1710 996 1746 causas
1009 1711 1203 1758 cognitionis
1219 1738 1229 1752 ,
1251 1711 1291 1746 C.
1309 1723 1366 1758 per
1382 1723 1458 1746 cau-

74 1758 119 1795 sas
132 1773 236 1795 rerum
250 1761 384 1808 ipsarum
395 1790 405 1805 ,
427 1764 472 1795 N.
489 1760 723 1809 Cognoscimus
744 1775 775 1798 v.
789 1773 834 1810 gr.
858 1764 966 1796 Deum
978 1758 1038 1794 effe
1056 1770 1210 1794 :eternum
1223 1787 1231 1800 ‚
1250 1760 1324 1806 quia
1341 1760 1459 1795 estim-

74 1808 238 1845 mutabilis
253 1824 260 1845 :
279 1809 366 1856 quod
383 1810 627 1845 immutabilitas
639 1809 674 1844 sit
688 1813 771 1845 ratio
786 1839 795 1853 ‚
811 1824 879 1846 non
895 1809 984 1844 causa
998 1811 1128 1857 proprie
1141 1808 1226 1843 dicta
1249 1810 1433 1843 :eternitatis
1447 1826 1456 1853 ς

73 1856 128 1893 sed
146 1859 189 1893 est
204 1858 291 1893 causa
310 1861 505 1907 cognitionis
529 1859 649 1894 nostrae.

114 1907 188 1952 Inst.
203 1909 368 1955 Sapientia
378 1920 483 1943 rerum
496 1910 643 1942 omnium
653 1909 826 1955 principia,
851 1905 956 1941 causas
977 1911 1152 1943 &naturas
1179 1907 1311 1953 inquirit
1330 1918 1338 1940 ε
1367 1904 1459 1953 quod

74 1968 144 1992 non
155 1957 281 2005 praestat
294 1957 516 2006 Metaphysica
531 1972 539 1992 :
555 1970 632 2005 ergo
646 1969 684 1990 ea
698 1968 763 1991 non
777 1955 824 1990 est
837 1954 1003 2003 sapientia.

109 2005 151 2040 R.
163 2006 326 2049 Dist.ant.
339 2008 501 2054 Sapientia
512 2018 616 2040 rerum
628 2007 748 2053 primas
771 2009 806 2041 &
825 2003 986 2040 altiffimas
1004 2001 1111 2038 causas
1130 2008 1164 2040 δε
1185 2001 1329 2038 essentias
1347 2002 1460 2039 secun..

74 2052 154 2088 dum
169 2055 283 2102 gradus
296 2056 435 2088 maxime
453 2055 646 2090 universales
668 2060 701 2091 δε
725 2053 744 2089 a
760 2056 895 2089 materia
909 2052 1045 2087 secretos
1059 2051 1250 2100 pervestigat
1264 2081 1272 2093 ‚
1294 2055 1330 2088 C.
1353 2051 1458 2087 causas

75 2105 194 2150 cuique
206 2105 251 2137 rei
270 2105 412 2152 proprias
424 2109 456 2140 δε
468 2116 593 2139 naturas
608 2104 750 2138 materiae
768 2101 933 2139 immersas
953 2131 963 2145 ,
992 2103 1041 2138 N.
1061 2104 1175 2149 Itaque
1186 2099 1410 2149 Metaphysica
1419 2113 1458 2136 ea

77 2153 201 2185 ratione
212 2153 253 2186 est
266 2152 418 2200 sapientia
432 2182 442 2196 ‚
458 2164 513 2188 aut
523 2152 681 2201 generalis
697 2152 840 2200 quaedam
853 2151 986 2188 scientia
996 2180 1006 2195 ‚
1029 2149 1117 2197 quod
1136 2152 1218 2184 circa
1230 2161 1371 2185 rationes
1384 2162 1458 2185 om-

79 2200 166 2232 nium
182 2203 299 2246 primas
309 2201 466 2245 versetur,
483 2214 584 2236 certas
596 2203 705 2247 utique
716 2230 724 2244 ‚
748 2207 781 2237 &
796 2201 977 2236 attendenti
998 2200 1198 2242 manifestas,
1218 2197 1293 2232 licet
1312 2196 1458 2233 difficiles

79 2249 114 2280 iis
134 2247 335 2294 potiffimum
357 2253 410 2297 qui
429 2250 570 2286 sensuum
596 2250 777 2298 praejudicia
801 2263 868 2286 non
884 2262 1020 2292 exuere,
1043 2260 1097 2283 aut
1112 2261 1180 2294 quae
1200 2246 1219 2282 a
1236 2245 1372 2281 sensibus
1389 2247 1458 2283 finit

79 2307 205 2330 remota
218 2325 226 2339 ‚
247 2311 311 2332 non
335 2298 461 2345 poll'unt
479 2298 702 2347 contemplari.
723 2301 790 2333 Res
814 2311 927 2334 omnes
948 2297 1191 2345 quodammodo
1210 2295 1458 2344 comple&i111r;

79 2356 210 2392 propter
224 2344 254 2379 se
268 2349 411 2381 maxime
425 2351 587 2397 expetitur
600 2377 609 2390 ‚
631 2353 662 2385 δε
674 2360 820 2383 mentem
832 2359 949 2396 magna
960 2346 1128 2393 voluptate
1140 2343 1297 2391 complet3
1309 2347 1457 2382 omnium

78 2393 219 2440 denique
230 2393 465 2442 disciplinatum
484 2398 524 2431 est
541 2403 669 2444 apcx‚&
687 2396 819 2435 domina
833 2411 840 2433 :
854 2408 931 2446 quas
946 2397 1059 2444 utique
1076 2394 1277 2430 conditiones
1291 2394 1329 2427 ad
1350 2406 1461 2430 veram

77 2440 264 2493 sapientiam
284 2444 467 2480 Aristoteles
486 2446 595 2495 exigit.
1179 2444 1214 2478 H
1227 2441 1279 2478 hh
1310 2445 1347 2493 iij
