1857 2745
405 155 449 185 132
851 141 881 175 T
907 140 940 175 R
964 141 994 176 A
1019 140 1050 176 C
1072 142 1103 177 T
1126 142 1155 177 A
1177 142 1208 176 T
1234 141 1268 177 U
1292 141 1314 174 S

428 190 515 223 Idem
528 190 653 222 vidntur
668 186 708 221 de
723 199 812 222 motu
824 193 1014 238 &tempore
1022 191 1204 225 dicendum.
1221 192 1308 225 Nam
1324 199 1428 224 motus
1442 199 1511 223 non
1525 185 1571 222 est
1584 188 1662 235 quid
1679 199 1770 226 com.

397 238 528 285 pletum:
544 238 658 271 cumin
674 241 808 283 perenni
821 236 909 272 fluxu
923 237 1038 286 politus
1053 238 1098 275 sit:
1113 240 1261 286 quamvis
1279 237 1365 273 forte
1379 239 1418 271 ad
1435 239 1632 285 categoriam
1642 235 1687 271 sui
1705 249 1770 273 ter-

395 287 475 319 mini
490 285 599 319 reduci
615 283 709 331 possit
728 313 737 328 ,
751 296 805 320 aut
821 297 907 320 certe
917 287 957 321 ad
968 287 1132 323 actionem
1145 286 1244 336 ipsam
1264 286 1316 321 vel
1331 283 1510 335 passionem
1520 287 1690 334 pertineat.

433 335 604 381 Temporis
619 345 696 367 vero
718 334 807 380 quod
817 335 860 369 est
874 347 1022 370 numerus
1038 364 1047 379 ‚
1064 336 1115 372 seu
1124 335 1267 371 mensura
1282 335 1407 378 motus,
1419 334 1533 368 eadem
1543 336 1605 369 erit
1615 335 1770 372 conditio:

395 395 467 417 cum
483 381 518 416 sit
534 382 610 428 quid
625 381 878 430 incompletum,
900 396 935 419 ur
950 395 1057 420 motus
1078 402 1088 428 3
1104 397 1242 432 cumque
1267 383 1349 419 illius
1368 385 1529 431 quantitas
1553 382 1604 418 vel
1631 382 1772 421 extenfio

394 444 462 466 non
471 429 507 466 sit
519 429 642 466 diversa
653 430 674 465 a
685 433 868 478 quantitate
879 434 989 469 motus
1003 451 1012 477 ;
1027 446 1064 470 ac
1079 445 1187 468 motus
1200 432 1264 481 ipse
1278 436 1495 480 quantitatem
1504 430 1589 467 suam
1610 444 1648 466 ex
1668 430 1770 481 spatio

394 480 482 526 quod
494 481 704 528 percurritur,
725 479 878 516 desumat.
903 482 1002 519 Unde
1014 493 1123 518 motus
1143 495 1210 517 non
1229 480 1328 517 habet
1339 482 1554 528 quantitatem
1571 491 1628 527 per
1642 479 1672 515 se
1691 508 1702 523 ‚
1717 479 1773 515 sed

393 540 452 575 per
466 529 613 564 accidens
625 539 766 564 tantum:
782 542 890 566 motus
902 531 986 567 adeo
996 537 1027 569 &
1042 543 1167 579 tempus
1181 531 1221 565 ad
1234 532 1432 579 categoriam
1442 530 1628 576 quantitatis
1641 531 1771 578 proprie

392 589 460 612 non
477 575 631 625 spectant.

421 625 621 673 Qanquam
640 626 661 662 fi
672 629 840 677 categoriae
852 627 943 663 seties
960 630 1082 678 Logice
1105 627 1263 677 spe&etut
1272 656 1282 671 ‚
1305 638 1463 675 quatenus
1474 626 1656 663 distinctam
1665 637 1772 662 rerum

393 676 614 723 cognitionem
625 681 735 725 juvare
745 677 847 725 potest
857 706 866 721 ,
880 689 935 713 aut
948 691 1027 721 earn,
1036 676 1164 715 efficere
1180 706 1190 721 ,
1208 689 1274 713 non
1290 677 1389 711 video
1405 688 1460 711 cur
1473 687 1626 711 numerus
1649 673 1771 723 potiffi·

392 735 482 761 mum
496 728 530 760 &
548 736 654 761 motus
670 725 691 761 ὲ,
704 728 867 774 categoria
880 728 1071 773 quantitatis
1086 728 1222 761 omnino
1232 724 1452 762 excludantur.
1464 726 1551 761 Cum
1561 724 1696 759 scientiae
1710 725 1773 758 cir-

395 784 431 808 ca
444 784 615 821 utrumque
638 773 782 822 plurimae
803 774 989 819 versentur5
1018 787 1116 822 atque
1131 772 1382 809 innumerabiles
1398 785 1499 822 prope
1515 773 1556 807 de
1576 774 1721 808 numeris
1736 777 1772 809 &

393 832 488 857 motu
498 819 578 858 fiant
589 822 885 858 demonstrationes.
915 826 989 860 Nec
1002 824 1143 859 multum
1159 820 1288 857 interest
1302 822 1342 856 ad
1364 833 1485 857 certam
1502 833 1708 857 numerorum
1735 826 1772 858 &

388 881 542 905 vmotuum
569 873 792 919 cognitionem
805 900 815 915 ,
837 884 945 908 utrum
961 872 1019 908 sint
1041 874 1128 908 entia
1141 870 1291 918 quaedam
1309 882 1366 918 per
1383 869 1412 904 se
1423 899 1434 913 ‚
1451 882 1507 905 aut
1528 882 1585 918 per
1601 870 1747 904 accidens
1761 886 1772 913 3

393 930 499 952 utrum
523 930 630 954 motus
649 918 684 954 fit
699 921 778 966 quid
799 920 1000 968 completum
1014 949 1023 963 ‚
1050 933 1091 956 an
1119 917 1353 966 incompleturu
1371 932 1379 952 τ
1402 931 1571 954 numerum
1581 920 1702 966 quippe
1717 929 1770 953 aut

394 978 521 1002 motum
538 966 709 1003 secundum
723 968 753 1003 se
769 981 862 1004 mens
879 967 1171 1012 confiderar3illius
1185 969 1410 1016 proprietateS,
1423 967 1514 1014 hujus
1533 966 1657 1009 causas,
1672 972 1705 1003 &
1722 965 1770 1000 le-

393 1026 448 1060 ges
464 1015 677 1062 persequitur:
693 1016 732 1052 fic
750 1029 919 1052 numerum
932 1015 1083 1054 sonorum
1092 1014 1207 1052 musica
1221 1015 1460 1063 contemplatur
1473 1045 1483 1059 ‚
1496 1015 1580 1050 illius
1602 1026 1709 1062 partes
1734 1019 1769 1051 δι

394 1061 615 1098 extensionem
632 1064 810 1102 dimetitur.

431 1112 544 1158 Qare
556 1109 577 1145 [i
594 1114 787 1159 cognitionis
802 1113 911 1147 nostrae
921 1141 932 1156 ‚
942 1124 997 1148 aut
1013 1111 1213 1147 scientiarum
1233 1113 1318 1145 ratio
1331 1110 1487 1146 habeatur
1502 1140 1512 1154 ,
1525 1124 1591 1147 non
1604 1111 1702 1146 video
1715 1122 1771 1146 cut

393 1170 582 1202 numerum,
595 1163 777 1195 orationem
791 1189 800 1204 ,
811 1172 936 1196 motum
951 1189 961 1203 ‚
982 1166 1015 1198 ὃ(
1032 1172 1158 1209 tempus
1176 1163 1273 1194 etiam
1291 1158 1416 1195 fortaffe
1427 1160 1448 1195 ὲ
1458 1162 1622 1208 categoria
1640 1160 1771 1207 quanti.

394 1209 468 1242 tatis
476 1209 668 1255 rejiciamus.
688 1211 828 1244 Scientia
840 1212 928 1244 enirn
937 1221 1028 1244 certo
1041 1222 1145 1244 rerum
1162 1211 1193 1243 in
1207 1207 1324 1256 quibus
1337 1207 1472 1244 versatur
1485 1210 1600 1244 ordine
1615 1219 1769 1247 contenta

393 1255 441 1289 est
453 1270 460 1290 :
470 1268 566 1303 quem
576 1258 723 1293 ordinem
735 1260 936 1301 innumeris,
950 1257 1086 1293 vocibus
1110 1263 1143 1295 &
1162 1270 1254 1291 motu
1269 1259 1410 1292 maxime
1424 1256 1608 1294 considerat.
1635 1257 1770 1293 Accedit

393 1306 491 1338 etiam
502 1305 591 1352 quod
607 1306 722 1341 relatio
733 1305 798 1354 ipsa
811 1336 821 1350 ,
835 1312 868 1344 δε
881 1307 996 1342 ultima
1008 1307 1254 1355 praedicamenta
1267 1307 1305 1339 iis
1324 1305 1564 1342 conditionibus
1579 1318 1651 1353 quae
1663 1305 1704 1340 ad
1713 1318 1767 1341 ca-

395 1356 550 1400 tegoriam
560 1357 779 1401 requiruntur,
797 1369 863 1392 non
881 1358 981 1404 magis
993 1357 1140 1391 instruCh
1161 1355 1264 1389 videri
1278 1352 1420 1402 possunt,
1442 1367 1541 1402 quam
1562 1366 1710 1389 numerus
1732 1359 1768 1392 &

393 1412 513 1437 motus.
528 1404 600 1437 Nec
609 1415 696 1439 certe
711 1416 748 1437 ea
761 1403 829 1439 sunt
843 1404 1023 1439 accidentia
1035 1402 1166 1451 Physica
1177 1432 1186 1446 ‚
1206 1401 1258 1436 sed
1271 1402 1492 1450 Metaphyfica
1506 1404 1676 1445 duntaxat,
1693 1415 1767 1447 quae

394 1449 513 1484 scilicet
523 1451 561 1483 ad
579 1453 625 1485 rei
637 1452 803 1487 essentiam
817 1465 884 1487 non
902 1465 1077 1500 pertinent.
1089 1454 1141 1487 Sic
1157 1451 1322 1486 conciliari
1337 1453 1440 1498 potest
1449 1451 1633 1487 Aristoteles
1645 1449 1709 1497 ipse
1719 1449 1768 1484 se..

395 1510 467 1532 cum
480 1526 489 1538 ,
505 1501 560 1544 qui
570 1499 633 1533 hoc
650 1503 682 1535 in
698 1499 769 1534 loco
779 1512 959 1544 numerum,
973 1504 1159 1535 orationem
1173 1528 1182 1544 ,
1195 1511 1321 1547 tempus
1341 1501 1424 1535 inter
1443 1499 1562 1549 species
1577 1500 1768 1547 quantitatis

394 1545 535 1581 recenset
551 1560 558 1580 :
577 1560 651 1582 cum
665 1547 746 1581 alibi
765 1560 803 1582 ea
819 1551 953 1597 rejiciat.

417 1598 532 1642 Itaque
546 1594 566 1629 si
581 1595 703 1631 summo
711 1601 779 1645 jure
791 1609 932 1646 agamus,
948 1601 981 1634 &
992 1598 1188 1646 categoriam
1206 1598 1398 1643 quantitatis
1410 1598 1445 1632 in
1464 1596 1627 1645 angustum
1639 1597 1764 1646 rediga-

395 1656 476 1685 mus,
488 1646 638 1678 continua
655 1646 807 1680 duntaxat
821 1651 853 1682 &
869 1657 1062 1693 permanens
1075 1646 1116 1679 ad
1135 1657 1206 1679 eam
1221 1645 1400 1692 pertinebit
1415 1657 1552 1692 :nempe
1574 1645 1658 1680 linea
1670 1674 1679 1688 ,
1693 1658 1764 1691 quse

395 1691 616 1737 estlongitudo
634 1705 757 1729 tantum
772 1711 780 1736 ·,
797 1693 985 1742 superficies,
995 1706 1066 1741 quae
1082 1694 1129 1728 est
1140 1692 1308 1739 longitudo
1322 1699 1355 1729 &
1367 1693 1553 1735 latitudo;&
1565 1704 1698 1738 corpus,
1712 1692 1764 1728 seu

395 1739 531 1774 solidum
551 1770 560 1784 ‚
579 1741 746 1790 longitudo
767 1743 887 1778 scilicet
917 1755 991 1778 cum
1013 1742 1183 1777 latitudine
1202 1747 1234 1778 &
1253 1741 1475 1789 profunditate
1495 1744 1676 1789 conjundhi.
1703 1744 1765 1777 His

394 1791 513 1836 quippe
526 1789 612 1824 nulla
629 1804 667 1825 ex
681 1791 836 1838 requisitis
851 1792 1089 1840 adcategoriam
1103 1789 1345 1825 conditionibus
1359 1790 1444 1825 deest
1462 1803 1471 1823 ·.
1491 1789 1561 1826 sunt
1572 1793 1661 1826 enim
1680 1793 1766 1827 entia

394 1850 470 1871 vera
481 1867 490 1880 ‚
502 1839 705 1887 incomplcxa
717 1869 726 1883 ‚
736 1839 914 1889 synonyma
923 1869 933 1884 ,
956 1846 990 1877 &
1008 1839 1168 1887 completa
1179 1867 1188 1879 ,
1199 1851 1235 1873 ac
1245 1851 1301 1885 per
1311 1839 1340 1873 se
1352 1852 1360 1873 ι
1370 1851 1521 1886 ptaeterea
1533 1839 1616 1873 suam
1629 1851 1764 1886 qumque

394 1885 515 1921 liabent
532 1887 750 1923 extensionem
762 1917 772 1930 ‚
785 1901 883 1935 atque
893 1901 1004 1924 omnes
1018 1888 1208 1934 quantitatis
1218 1889 1432 1934 proprietates
1447 1900 1454 1921 :
1477 1899 1555 1933 ergo
1571 1887 1616 1921 hzc
1626 1886 1695 1921 sunt
1707 1900 1764 1936 ge-

393 1937 496 1970 nninae
506 1938 693 1982 quantitatis
709 1935 835 1981 species.

429 1983 513 2030 Opp.
524 1986 651 2031 Species
662 1983 803 2030 ejusdem
812 1986 938 2032 generis
953 1988 985 2020 δε
994 1983 1146 2031 oppositae
1163 1997 1229 2019 non
1243 1981 1305 2017 sese
1314 1993 1428 2016 mutuo
1437 1980 1666 2018 includuntffed
1675 1983 1763 2018 linea

394 2031 565 2068 includitur
574 2035 607 2068 in
617 2031 826 2082 superficie‚ut
833 2031 1014 2081 superficies
1024 2034 1057 2069 in
1069 2044 1296 2082 corporezergo
1306 2044 1373 2066 non
1385 2029 1456 2066 sunt
1467 2032 1515 2067 hae
1531 2030 1649 2080 species
1658 2045 1763 2080 quan-

394 2091 503 2118 utatis,

431 2130 520 2177 Resfp.
533 2130 605 2174 Dist
628 2134 703 2175 maj·
715 2131 833 2179 species
847 2145 914 2167 non
930 2130 1102 2167 includitur
1113 2132 1146 2165 in
1154 2131 1217 2166 alia
1229 2130 1332 2182 specie
1344 2129 1523 2164 formaliter
1534 2158 1543 2172 ,
1554 2141 1660 2175 neque
1672 2130 1761 2165 idem

395 2178 437 2210 est
450 2177 611 2224 uniusque
621 2192 808 2228 conceptus,
821 2181 859 2216 C
878 2180 996 2230 species
1006 2193 1072 2215 non
1083 2179 1112 2214 se
1124 2180 1153 2215 se
1167 2192 1284 2215 mutuo
1298 2178 1464 2214 includunt
1474 2178 1684 2212 materialiter
1696 2206 1705 2220 ‚
1717 2181 1762 2215 N.

393 2228 481 2260 Nam
502 2239 563 2261 una
577 2226 693 2275 species
710 2230 812 2277 potest
827 2229 922 2264 aliam
939 2227 1192 2277 praesupponere.
1223 2232 1276 2264 Sic
1287 2230 1506 2275 quaternarius
1522 2227 1695 2260 ternarium
1709 2231 1762 2261 in-

394 2273 544 2316 cludinac
554 2274 749 2323 supponitmt
759 2277 934 2326 superficies
950 2278 1082 2320 lineam,
1093 2276 1145 2312 sed
1160 2277 1331 2326 longitudo
1343 2275 1387 2309 est
1408 2275 1498 2310 linere
1517 2275 1695 2310 diff-*tentia
1707 2287 1761 2319 3ut

394 2321 724 2371 latitudosuperficiei,
739 2327 979 2375 &profunditas
993 2330 1136 2376 corporis
1154 2327 1381 2364 Mathematici
1394 2342 1403 2368 -,
1416 2337 1524 2372 neque
1541 2325 1588 2359 11ae
1607 2322 1759 2362 differen-

395 2371 445 2404 τίει
459 2367 487 2404 se
502 2370 530 2406 se
546 2384 657 2409 mutuo
669 2375 845 2413 includunt.
1102 2395 1107 2400 ·
