1857 2745
393 147 442 192 518
842 139 1323 178 METAPHYSICAE

424 194 506 241 Opp.
523 192 666 226 2-Homo
681 201 757 225 cum-
768 190 1089 239 generat-hominem
1100 217 1110 233 ‚
1120 188 1204 225 nihil
1216 187 1333 232 efficit,
1347 200 1414 224 non
1428 191 1597 225 materiam
1609 216 1619 232 ,
1629 202 1695 227 non
1707 190 1777 227 fot-

390 254 490 281 mam,
509 253 577 275 non
597 242 753 275 unionem
767 251 840 285 quae
852 238 937 273 nihil
952 238 1008 274 est.

429 290 519 337 Restm
535 299 746 336 generantem
757 286 885 323 efficere
898 285 1114 335 compofitum
1128 315 1137 330 ‚
1150 289 1217 321 imo
1229 291 1264 324 &
1274 290 1442 330 unionem,
1451 286 1528 322 licet
1538 300 1606 323 non
1618 285 1656 322 fit
1666 287 1779 325 distim

388 338 442 372 cta
451 335 473 372 ὸ.
481 335 626 385 partibus
641 337 718 371 dum
730 334 829 371 efficit
837 347 873 371 ut
891 338 1026 371 materia
1037 334 1072 369 fit
1082 347 1157 384 apta
1172 335 1285 370 formae
1297 336 1505 383 excipiendae.

436 386 520 434 Opp.
540 399 567 429 3.
586 387 731 420 Materia
748 391 782 422 ὅ(
794 385 900 420 forma
909 397 975 420 non
989 382 1118 432 possunt
1128 396 1166 419 ex
1177 398 1243 420 non
1260 386 1357 419 unitis
1367 384 1437 419 fieri
1450 387 1547 420 unita:
1562 387 1643 419 citra
1670 394 1779 420 muta-·

389 437 515 470 tionem
528 433 752 470 intrinsecam:
769 447 847 481 ergo
860 435 940 469 unio
953 446 1024 481 quse
1046 432 1136 469 illam
1150 432 1244 469 affert
1256 435 1473 469 mutationem
1486 463 1496 477 ‚
1520 434 1563 468 est
1584 433 1710 481 aliquid
1725 434 1780 468 di.

390 485 539 521 stinctum
551 482 571 519 ὲ
587 486 722 518 materia
732 488 767 521 &
782 483 901 519 forma.

438 533 526 580 Resp.
537 532 604 577 dist.
615 544 684 569 ant.
695 535 735 568 Et
747 534 885 568 mutatio
899 529 954 566 illa
970 543 1007 566 ex
1024 530 1131 565 forma
1147 532 1260 575 oritur,
1273 535 1311 567 C.
1325 544 1363 566 ex
1374 529 1437 566 sola
1451 532 1571 567 unione
1583 559 1592 574 ‚
1606 531 1657 566 N.
1673 542 1779 566 mate-

390 585 435 617 ria
447 583 533 616 enim
545 593 688 617 mutatur
699 610 708 624 ‚
722 586 756 618 ὃ(
767 594 805 616 ex
818 594 885 616 non
903 582 994 615 unita
1007 579 1043 615 fit
1051 582 1141 614 unita
1149 591 1206 627 per
1215 579 1366 624 formam,
1375 593 1477 627 quam
1489 582 1608 628 excipit
1621 608 1631 625 ‚
1640 591 1777 631 quaeque

391 644 460 667 non
474 632 581 666 minus
598 633 769 668 materiam
780 641 884 666 mutat
894 659 903 673 ,
917 629 1015 678 quiim
1033 630 1110 664 unio
1124 627 1188 677 ipsa
1201 641 1327 665 mutare
1343 628 1457 679 poll'et.
1651 630 1654 632 ’

838 728 943 774 QU
969 730 1008 761 AE
1033 729 1053 762 S
1078 729 1109 763 T
1133 730 1146 762 1
1166 729 1200 763 O
1254 729 1326 764 lv.

916 826 974 860 De
993 827 1085 873 caufh
1099 825 1283 875 exemplari.

393 926 505 1011 DE
523 928 612 963 causa
626 925 802 975 exemplari
813 924 917 960 multa
926 925 1064 961 diximus
1080 927 1112 959 in
1125 926 1259 973 Logica‚
1271 934 1344 957 cum
1358 922 1399 957 de
1414 923 1493 957 ideis
1503 935 1668 971 ageremus
1683 937 1778 961 :nam

483 977 646 1025 exemplar
662 977 777 1014 &idea
790 975 903 1010 formae
917 977 962 1008 rei
978 971 1159 1008 efficiendae
1177 971 1354 1021 prorniscue
1369 969 1471 1007 solent
1490 971 1651 1019 usurpari3
1667 974 1781 1021 estque

394 1027 425 1059 id
447 1037 545 1060 omne
556 1027 597 1060 ad
609 1030 692 1074 cujus
704 1026 922 1060 imitationem
933 1052 942 1066 ,
955 1034 1011 1057 aut
1020 1021 1262 1058 similitudinem
1276 1020 1312 1055 fit
1330 1020 1465 1068 aliquid.
1487 1022 1573 1056 Cum
1586 1024 1674 1057 enim
1688 1020 1779 1057 causa
1794 1040 1797 1042 ·

395 1074 537 1110 effectrix
547 1104 556 1117 ‚
574 1087 610 1108 ac
620 1073 792 1123 praesertim
805 1074 983 1107 dianoetica
992 1070 1028 1106 sit
1043 1070 1228 1106 indifferens
1247 1082 1283 1105 ut
1296 1083 1397 1104 unum
1408 1072 1514 1117 potius
1541 1068 1660 1105 efficiat
1683 1082 1781 1118 quam
1795 1082 1797 1086 ’

393 1124 542 1166 alterum,
557 1136 623 1157 non
637 1123 723 1157 aliud
744 1123 846 1169 magis
865 1133 938 1154 eam
955 1121 1149 1155 determinat
1161 1132 1259 1167 quam
1280 1119 1352 1153 idea
1371 1121 1417 1153 rei
1440 1118 1613 1162 faciendae,
1628 1120 1669 1154 ad
1681 1131 1782 1167 quain

395 1184 463 1207 tum
474 1171 601 1220 respicit
613 1199 622 1214 ‚
634 1183 708 1205 curn
720 1181 880 1217 operatur.
894 1168 947 1203 Est
969 1171 1058 1203 enim
1075 1168 1167 1203 velut
1186 1167 1295 1217 regula
1312 1180 1410 1215 quam
1435 1170 1577 1202 imitatur
1597 1168 1714 1204 artifex
1737 1180 1782 1203 ne

392 1221 541 1256 aberret:
559 1220 602 1253 est
611 1219 719 1253 forma
736 1218 799 1266 ipsa
813 1216 978 1265 objeffiva
989 1245 998 1259 ,
1015 1216 1066 1251 seu
1085 1219 1216 1264 cognita
1229 1246 1239 1260 ,
1251 1229 1321 1263 quae
1339 1229 1530 1264 operantem
1553 1218 1664 1265 dirigit
1680 1232 1688 1253 z
1707 1217 1782 1252 hinc

394 1270 527 1306 effeetus
544 1270 680 1303 omnino
697 1267 839 1315 pendet,
863 1278 938 1299 cum
951 1264 1013 1299 fine
1030 1265 1204 1313 exemplari
1225 1264 1330 1300 nullus
1349 1265 1410 1299 else
1424 1264 1529 1313 possi-t.
1553 1268 1668 1312 Itaque
1692 1265 1783 1313 hujus

393 1319 489 1354 causa:
501 1317 634 1353 influxus
653 1317 700 1351 est
718 1316 854 1350 ditectio
864 1313 929 1362 ipsa
940 1326 996 1361 per
1009 1313 1049 1348 sui
1065 1315 1282 1348 imitationem
1292 1342 1300 1356 ‚
1312 1316 1430 1348 namin
1445 1326 1485 1347 eo
1498 1317 1604 1361 operis
1618 1313 1780 1361 perfefifio

393 1367 494 1416 polita
508 1367 569 1410 est,
586 1378 620 1400 ut
632 1366 738 1399 ideam
755 1364 840 1398 suam
854 1365 1005 1396 imitetur.
1032 1363 1135 1409 Qod
1149 1365 1248 1398 etiam
1262 1373 1337 1396 vera
1354 1362 1441 1396 causa
1452 1361 1782 1409 fitexemplaris,hinc

395 1418 518 1464 liquet,
533 1416 622 1463 quod
638 1427 674 1448 ea
685 1412 720 1447 fit
737 1415 823 1460 prior
836 1422 948 1446 natura
966 1409 1085 1444 effeetu
1105 1411 1161 1456 qui
1176 1409 1218 1444 ab
1232 1422 1269 1444 ea
1286 1408 1518 1458 proficiscitur:
1535 1423 1611 1446 nam
1631 1411 1703 1445 idea
1717 1409 1782 1446 sine

396 1466 463 1514 ipso
474 1477 573 1513 opere
583 1463 672 1509 quod
684 1460 820 1496 efficitur
835 1489 844 1501 ‚
858 1457 918 1494 esse
931 1459 1034 1506 potest
1048 1486 1058 1501 ‚
1075 1471 1141 1493 non
1160 1457 1302 1494 viciffim.

431 1509 678 1563 roircasssitis
694 1521 768 1558 apte
785 1508 913 1544 definiri
926 1509 1048 1556 potest,
1071 1509 1162 1553 cansa
1181 1520 1242 1553 qicae
1264 1508 1380 1553 dirigit
1404 1508 1547 1554 proxime
1572 1505 1610 1540 ό·
1631 1506 1784 1552 οόῙεῖἔίυε

396 1564 571 1611 potentiam
585 1561 630 1594 ad
649 1558 778 1606 aliquid
795 1556 964 1607 agendum.
982 1559 1071 1593 Nam
1081 1557 1228 1604 potentia
1238 1568 1310 1603 quae
1331 1555 1417 1590 bene
1438 1554 1570 1592 &male
1590 1557 1692 1600 potest
1708 1569 1785 1604 ope.

395 1615 476 1654 rari,
495 1616 528 1647 &
541 1609 561 1645 ‘a
573 1621 651 1644 vero
664 1607 812 1643 aberrare
822 1635 832 1651 ‚
846 1606 991 1653 dirigitur
1005 1604 1046 1639 ab
1063 1604 1238 1652 exemplari
1248 1634 1257 1648 ‚
1287 1605 1372 1652 quod
1398 1606 1500 1639 menti
1519 1603 1649 1640 artificis
1663 1604 1784 1640 obver-

396 1659 491 1696 satur.
505 1661 537 1694 Si
555 1658 645 1705 quod
663 1654 788 1692 verosit
799 1655 965 1702 exemplar
983 1656 1120 1689 exterius
1133 1652 1270 1699 politum
1282 1683 1291 1697 ‚
1307 1654 1340 1687 id
1352 1655 1465 1700 utique
1473 1665 1538 1688 non
1548 1655 1695 1701 proxime
1705 1656 1787 1688 atti-

398 1708 492 1744 ficem
508 1709 636 1755 dirigit,
653 1705 706 1741 sed
722 1705 797 1739 illud
817 1703 915 1752 ipsum
926 1704 1015 1751 quod
1029 1715 1119 1737 mens
1129 1701 1184 1737 sibi
1195 1702 1348 1745 exhibet,
1363 1702 1451 1749 quod
1466 1704 1622 1750 percipit,
1643 1708 1728 1752 cujus
1745 1701 1786 1737 fi..

397 1758 616 1793 militudinem
634 1767 713 1804 opus
728 1756 889 1789 imitatur:
905 1754 937 1787 id
961 1765 1039 1787 vero
1058 1751 1139 1786 nihil
1158 1750 1202 1785 est
1224 1763 1336 1800 praeter
1358 1751 1524 1800 objeehun
1548 1750 1649 1799 ipsum
1671 1754 1787 1800 cogni..

400 1819 478 1842 tun]-

428 1857 483 1891 >Est
503 1857 612 1904 itaque
626 1853 742 1902 duplex
756 1853 829 1888 idea
841 1881 850 1895 ‚
866 1851 1008 1886 formalis
1020 1862 1165 1896 unn,qu:e
1180 1849 1224 1883 est
1244 1852 1289 1883 rei
1306 1849 1460 1883 faciendae
1474 1851 1631 1897 cognitio,
1644 1848 1785 1895 objecti-

398 1917 438 1938 va
453 1904 553 1939 altera
567 1934 576 1948 ‚
590 1917 658 1952 quae
676 1904 723 1937 est
738 1903 903 1951 objectum
921 1902 1096 1948 cognitum.
1126 1901 1200 1933 Hoc
1219 1911 1327 1933 autem
1348 1897 1422 1932 loco
1440 1900 1536 1945 quaeri
1554 1895 1632 1932 solet
1648 1909 1687 1931 an
1710 1897 1797 1931 idea'

398 1953 596 1997 foi·inalis,an
611 1953 775 2002 objeffiva
791 1950 828 1986 sit
838 1948 930 1984 causa
941 1949 1132 1998 exemplaris
1151 1950 1211 1983 .Sit
1224 1950 1319 1998 igitur

914 2050 1025 2090 Unica
1048 2047 1208 2093 conclusio.

431 2148 600 2197 Exemplar
613 2178 622 2192 ‚
637 2149 689 2183 seu
701 2149 773 2183 idea
787 2149 950 2184 rationem
961 2147 1062 2183 habet
1073 2145 1169 2180 caus-2
1181 2156 1215 2180 ut
1228 2143 1308 2192 quid
1322 2142 1524 2191 objestivum
1538 2141 1595 2185 est,
1606 2152 1662 2176 aut
1671 2143 1786 2190 cogni.·

399 2212 467 2234 turn
482 2228 491 2240 ,
506 2211 574 2233 non
592 2210 627 2233 ut
642 2198 688 2232 est
708 2197 774 2247 ipsa
789 2200 932 2247 cognitio
948 2195 1130 2232 formaliter
1149 2194 1284 2242 sumpta.

450 2246 547 2282 Proh.
570 2247 662 2280 concl.
686 2247 810 2282 Artifex
826 2249 949 2291 cogitat
965 2247 1005 2280 de
1026 2245 1080 2279 suo
1096 2243 1293 2283 exemplari3
1312 2243 1344 2276 in
1366 2238 1442 2273 illud
1465 2240 1609 2275 intendit
1625 2241 1782 2283 animum,

400 2308 551 2342 tanquam
569 2297 601 2330 in
616 2294 792 2330 mensuram
805 2295 848 2330 sui
863 2288 968 2344 operis
979 2323 988 2337 ‚
1002 2294 1042 2328 ad
1058 2297 1104 2338 cuj
1111 2306 1144 2327 us
1155 2293 1373 2326 imitationem
1387 2288 1541 2335 quidquid
1555 2289 1694 2330 molitur,
1711 2290 1782 2322 exi-

399 2346 511 2389 git-‚ac
528 2345 567 2378 de
582 2347 770 2388 cognitione
780 2344 832 2379 sua
844 2344 975 2378 formali
988 2355 1028 2377 ne
1037 2344 1160 2389 cogitat
1175 2341 1308 2386 quidem
1318 2368 1326 2379 ,
1338 2349 1445 2384 neque
1466 2349 1538 2372 eam
1555 2339 1698 2371 imitatur
1709 2366 1718 2378 ,
1728 2334 1782 2370 sed

402 2391 566 2439 objectum
578 2392 680 2440 ipsum
691 2395 858 2441 cognitum
870 2408 879 2429 :
889 2405 966 2441 ergo
976 2405 1042 2427 non
1060 2389 1203 2425 formalis
1216 2389 1283 2423 idea
1295 2416 1304 2430 ,
1317 2386 1370 2421 seu
1381 2388 1526 2434 cognitio
1540 2385 1603 2434 ipsa
1618 2414 1627 2429 ,
1646 2383 1697 2418 scd
1710 2384 1782 2418 idea
