1857 2745
335 140 410 173 ειᾶιι
422 137 553 172 existens
569 162 578 178 ,
595 145 666 181 quae
682 132 817 181 separari
838 132 975 181 potesta
992 132 1047 168 suo
1063 136 1138 170 adiu
1157 165 1167 179 ,
1179 147 1216 169 ut
1232 132 1369 169 materia
1383 129 1403 167 ὲ
1419 131 1528 170 forma
1544 161 1554 178 ,
1569 136 1672 184 paries
1688 136 1743 172 ab·
1853 159 1857 180 ς

335 187 487 223 albedine
503 199 510 220 :
530 197 596 220 non
609 186 688 217 item
703 185 792 216 letes
809 180 953 219 habetin
971 182 1068 217 rebus
1086 182 1310 233 metaphysicis
1325 210 1334 224 ,
1350 194 1427 229 quas
1449 196 1541 218 mens
1557 186 1661 221 nostra
1683 187 1732 220 di-
1800 188 1803 211 s
1851 199 1857 228 i

335 237 461 284 stinguit
472 263 481 277 ‚
503 245 540 267 ut
556 231 738 267 distinc'mni
749 244 856 266 rerum
875 230 996 267 habeat
1019 235 1242 281 cognitionem
1254 261 1264 276 ,
1276 244 1313 267 ut
1336 233 1369 267 in
1381 244 1501 280 genere
1515 261 1524 275 ,
1538 239 1570 271 &
1582 234 1731 270 diffiren-
1812 258 1819 279 s-

336 288 380 320 tia
395 284 526 332 planum
543 281 600 317 est.
620 284 771 317 Dixin.us
788 283 823 316 in
838 280 976 330 Physicis
994 283 1103 317 aetum
1127 288 1160 319 ὃ(
1177 283 1363 331 potentiam
1378 281 1569 329 plerumque
1595 284 1678 318 inter
1700 284 1731 319 se
1847 298 1857 332 [

336 335 468 370 realiter
488 331 635 380 distingui
658 345 665 366 ι
685 342 793 378 neque
809 332 898 366 enini
912 331 996 366 adeo
1013 343 1140 366 certum
1159 333 1205 367 est
1223 344 1337 380 corpus
1351 359 1360 374 ‚
1381 344 1413 366 v.
1425 344 1459 379 g.
1488 330 1508 367 a
1526 330 1624 380 figura
1642 333 1735 367 reali-
1800 363 1817 373 ¹,
1850 346 1857 379 i

337 395 387 419 tet
401 382 547 430 distingui
561 393 660 417 :cuni
676 392 784 414 tamen
798 392 919 427 corpus·
933 393 1031 417 omne
1046 379 1083 416 fit
1095 383 1127 417 in
1143 383 1294 430 potentia
1307 380 1347 414 ad
1366 380 1484 415 multas
1508 381 1641 431 figuras,
1655 394 1734 429 quas

334 432 440 482 potest
455 433 604 479 excipere
619 444 626 465 :
641 442 757 466 venim
768 429 800 463 id
811 429 917 465 alias.-

396 481 548 524 Contra,
566 481 717 526 inquiunt
731 507 737 517 ,
753 477 774 513 si
787 476 918 515 essentia
941 482 976 515 &
999 480 1168 516 existentia
1192 481 1239 526 rei
1257 489 1373 513 creatae
1393 490 1464 514 non
1481 479 1751 528 distinguuntur„
1804 480 1806 510 ἶ

334 530 418 567 nihil
437 530 483 564 est
498 529 587 577 quod
602 529 805 563 existentiam
827 540 976 563 creaturae
994 528 1134 564 limitare
1147 534 1180 566 δε
1194 528 1328 564 definire
1344 527 1438 575 possit
1457 541 1465 563 :
1481 541 1558 563 nam
1587 528 1652 563 sola
1673 542 1736 576 po-

337 581 441 615 tentia
453 579 564 615 aQum
582 577 719 620 limitat,
737 582 771 614 δ(
794 576 927 614 viciffim
946 579 1038 612 astus
1054 581 1250 627 potentiam.
1277 579 1330 612 Sic
1352 578 1489 612 materia
1505 577 1583 612 effet
1608 576 1740 614 infinita

337 630 507 678 potentia,
521 625 577 664 nifi
588 639 659 662 eam
671 627 779 662 forma
797 629 986 663 terminaret
998 657 1008 673 ,
1028 632 1062 665 δε
1086 627 1194 662 forma
1215 640 1254 663 ex
1273 625 1303 661 se
1322 623 1399 661 esset
1423 624 1571 669 infinita,
1588 625 1647 662 nifi
1664 639 1738 663 eam
1806 659 1808 662 .
1854 671 1856 676 1

338 679 578 714 materiacettis
590 675 709 711 finibus
726 678 903 713 co'e'rceren
1807 674 1825 722 ἶ
1853 705 1857 710 ,

373 727 464 774 Resp.
489 723 662 762 Effentiam
679 728 723 760 rei
740 723 884 773 cujusque
896 723 956 761 effe
972 724 1099 761 finitam
1115 727 1421 767 &determina-tarn,
1439 734 1511 759 tum
1519 724 1691 761 intrinsece
1704 730 1738 762 &
1809 722 1811 725 ¹

338 787 397 825 pet
415 773 583 824 seipsam,
602 775 691 822 quod
719 786 825 809 certos
846 774 968 810 habeat
986 780 1020 812 &
1036 774 1187 810 definitos
1206 774 1417 824 perfectionis
1434 774 1548 820 gradus
1568 791 1578 817 ·,
1601 787 1667 810 turn
1681 787 1756 810 exa

338 823 474 860 trinsece
491 836 548 873 per
560 824 626 859 suas
640 823 759 860 causas,
787 827 902 872 Itaque
912 823 994 860 nihil
1005 822 1127 861 necesse
1145 825 1188 860 est
1202 824 1405 859 existentiam
1426 821 1468 856 ab
1491 821 1623 858 effentia
1637 824 1755 873 sejun--

338 886 417 923 gere
429 903 438 917 ‚
450 885 486 909 ut
503 886 566 909 una
576 872 712 908 alteram
722 873 928 910 determinet.

387 923 470 971 Opp.
493 937 517 968 3.
538 923 660 957 Eadem
674 922 718 957 est
735 919 866 957 essentia
878 935 953 957 cum
965 922 1008 957 est
1023 920 1179 969 poffibilis
1194 949 1203 964 ,
1215 925 1250 957 δε
1262 933 1336 955 curn
1349 921 1423 954 actu
1445 920 1549 955 existit
1566 938 1574 965 ;
1588 920 1645 956 sed
1663 934 1755 959 cum-2

339 972 383 1007 est
400 969 569 1020 posfibilss,
579 972 780 1019 distinguitur
791 970 1012 1006 ab‘existentia
1025 982 1124 1018 quam
1136 971 1283 1006 nondum
1291 968 1404 1005 habet.
1414 971 1504 1017 Ergo
1518 968 1574 1004 ubi
1587 972 1661 1007 ειᾶυ
1671 974 1740 1007 exi.

341 1022 391 1056 stit
400 1049 410 1063 ‚
422 1020 465 1055 ab
476 1021 641 1056 existentia
652 1032 783 1067 quoque
795 1020 1011 1069 distinguitur.

376 1070 415 1106 R.
428 1068 498 1113 dist.
516 1073 592 1114 maj.
608 1070 728 1105 Eadem
749 1067 943 1104 esteffntia
960 1070 1133 1116 negative,
1153 1068 1199 1106 C.
1215 1067 1305 1116 quod
1315 1080 1382 1104 non
1397 1065 1433 1101 sit
1453 1066 1601 1114 diversa3
1648 1067 1740 1104 oliti-

342 1129 384 1152 ve
397 1147 405 1161 ‚
431 1119 475 1153 N.
500 1118 543 1152 est
562 1121 649 1154 enim
667 1115 824 1166 poffibilis
845 1145 856 1160 ,
885 1128 1043 1165 quatenus
1063 1118 1168 1166 potest
1185 1118 1336 1161 existere,
1361 1114 1417 1151 sed
1428 1117 1573 1152 nondum
1593 1083 1645 1154 είξ
1657 1118 1753 1168 quid·-

344 1167 440 1203 reale.

393 1215 465 1260 Inst.
482 1213 619 1251 Essentia
635 1216 777 1262 quandiu
796 1216 849 1251 est'
860 1213 1013 1264 possibilis
1029 1245 1038 1259 ‚
1050 1215 1290 1252 estindifferens
1302 1243 1312 1258 ,
1333 1226 1370 1249 ut
1383 1214 1654 1260 actuexistagaut
1671 1226 1755 1250 non.

346 1265 462 1300 existat
478 1279 486 1300 ι
502 1276 582 1313 ergo
594 1265 796 1313 distinguitur
805 1264 847 1300 ab
863 1265 980 1300 actuali
993 1266 1170 1299 existentia-

381 1315 472 1361 Resp·
495 1313 563 1357 dist.
585 1324 651 1346 ant.
669 1312 805 1349 Elsentia
819 1313 974 1363 possibilis
984 1312 1225 1349 estindifferens
1245 1311 1462 1347 indifferentia
1477 1314 1630 1361 negativa
1642 1342 1651 1358 ,
1665 1324 1746 1361 quae›

345 1360 634 1397 scilicetvftmdatur
646 1364 678 1398 in
697 1362 828 1398 essentia
841 1375 931 1410 ‚quae
942 1363 1090 1397 nondum
1104 1362 1224 1398 estens
1237 1361 1340 1405 reale,
1359 1360 1399 1395 C.
1413 1360 1636 1398 indifferentia
1655 1360 1740 1410 posi-

346 1413 414 1446 tiva
428 1440 436 1454 ‚
454 1413 502 1447 N.

410 1461 496 1508 Opp.
514 1460 569 1506 qui
579 1460 783 1495 contendunt
799 1461 999 1496 existentiam
1011 1472 1052 1495 ne
1069 1460 1250 1495 virtualiter
1263 1456 1396 1507 quidem
1407 1457 1564 1510 distingui
1580 1460 1627 1497 ab
1641 1457 1742 1497 effeni.

347 1508 390 1544 ti&
405 1537 414 1551 ,
426 1508 515 1556 qnod
534 1508 600 1543 haec
619 1511 749 1557 concipi
766 1523 834 1545 non
853 1509 955 1559 possit
969 1513 1050 1544 citra
1071 1510 1304 1546 existentiam„

395 1558 483 1605 Refp.
505 1555 676 1592 Essentiam
687 1561 815 1607 concipi
828 1573 894 1594 non
907 1556 992 1607 posse
1013 1557 1077 1593 fine
1092 1560 1258 1594 existentia
1275 1571 1374 1606 quam
1390 1570 1566 1603 connotat,
1584 1561 1623 1596 C.
1642 1570 1742 1607 quam

346 1605 527 1641 includitin
544 1605 597 1641 suo
608 1618 770 1655 conceptu
785 1636 795 1651 ‚
815 1609 866 1643 vel
885 1609 956 1643 idea
968 1637 977 1651 ‚
995 1610 1039 1645 N.
1060 1610 1109 1642 uti
1126 1607 1204 1642 alibi
1216 1608 1355 1644 diximus
1366 1609 1406 1642 de
1426 1608 1584 1644 relatione
1596 1607 1747 1656 respectu:

347 1657 495 1691 termini:
512 1668 587 1690 nam
604 1655 720 1691 relatio
733 1661 860 1707 concipi
873 1660 988 1705 nequit
999 1655 1061 1692 fine
1077 1659 1234 1698 termino,
1246 1661 1292 1692 uti
1306 1670 1364 1693 nec
1375 1656 1510 1692 facultas
1525 1657 1588 1694 fine
1607 1656 1740 1706 objecto

349 1704 436 1749 quod
456 1716 830 1753 connotattquanquam
845 1720 903 1742 nec
915 1709 1069 1742 terminus
1084 1705 1119 1741 fit
1137 1707 1179 1742 de
1197 1704 1328 1742 essentia
1340 1705 1534 1754 relationi&
1567 1720 1628 1744 nec
1647 1706 1750 1755 obj&

352 1753 435 1788 {kuni
451 1753 630 1790 includatur
644 1756 677 1790 in
687 1754 752 1804 ipsa
766 1756 932 1792 facultatis
949 1752 1107 1791 ess'cntia„

1826 783 1830 813 ἰ

1826 828 1829 836 .

790 1855 884 1903 QU
909 1858 949 1891 AE
974 1856 996 1890 S
1022 1855 1177 1892 TIO‘·
1212 1860 1266 1893 V.'.

724 1953 850 1989 ‘Utrum
868 1956 995 2003 effemiae
1006 1967 1113 1989 rerum
1128 1954 1197 2000 sint
1210 1952 1251 1989 ab
1266 1952 1391 1991 aeterno]

442 2051 519 2087 Une
535 2051 596 2086 alia
607 2051 737 2098 quaestio
750 2051 845 2087 nobis
855 2053 1001 2087 adeunda
1014 2050 1060 2085 est
1071 2080 1081 2095 ,
1097 2062 1202 2086 utrum
1215 2049 1354 2087 effemiae
1366 2063 1474 2087 rerum
1493 2050 1553 2089 sint
1562 2049 1603 2086 ab
1616 2062 1751 2087 aeternor

443 2101 519 2148 quid
530 2099 715 2149 positivum.
732 2102 816 2148 Qae
827 2102 962 2148 quidem
974 2112 1010 2136 ut
1018 2100 1145 2135 facilius
1155 2101 1315 2151 diiudicari
1332 2099 1429 2149 possit
1444 2131 1454 2144 ,

407 2151 598 2185 Notandum
635 2150 678 2185 est
705 2163 820 2186 vocem
846 2150 934 2186 illam
953 2179 963 2193 ,
1002 2152 1054 2197 effe
1078 2179 1088 2195 ,
1118 2149 1219 2184 tribus
1256 2150 1454 2197 potissimum
1492 2150 1598 2186 modis
1623 2149 1735 2197 accipi,
1744 2178 1753 2182 .,

347 2202 377 2232 κ’
398 2211 456 2245 pro
477 2200 646 2235 existentia
661 2214 668 2234 :
689 2212 761 2246 quae
781 2200 914 2248 quidem
935 2201 1082 2247 acceptio
1100 2199 1143 2233 est
1159 2197 1350 2235 ufitatiffima
1364 2213 1372 2234 ε
1388 2211 1456 2236 tum
1471 2201 1560 2235 enim
1578 2211 1646 2233 rem
1657 2197 1752 2232 dici-.

352 2260 420 2280 nius
434 2247 494 2282 esse
505 2278 514 2291 ‚
528 2262 602 2283 cum
619 2249 736 2285 existit.
762 2259 795 2285 20
811 2251 862 2297 effl-
876 2280 885 2294 ‚
902 2263 960 2298 pro
977 2251 1023 2283 rei
1035 2247 1164 2284 eisentia
1174 2247 1253 2283 solet
1277 2249 1434 2297 usurpari:
1458 2247 1496 2283 fic
1509 2261 1548 2282 ex
1568 2245 1738 2284 Aristotele

353 2294 497 2330 definitio
510 2298 649 2346 explicat
660 2297 720 2334 esse
741 2301 786 2333 rei
801 2326 810 2342 ,
834 2300 867 2334 id
887 2299 930 2334 est
943 2329 952 2342 ,
973 2296 1138 2334 effentiam
1152 2300 1198 2332 rei
1215 2326 1224 2340 ,
1249 2311 1347 2343 onam
1367 2298 1422 2333 alii
1443 2298 1659 2346 quidditatvm
1677 2308 1737 2330 vo-

349 2355 434 2380 cant.
450 2356 477 2391 3·
495 2349 548 2393 effe
558 2349 714 2397 accipitur
731 2360 792 2397 pro
808 2350 1011 2388 connexione
1026 2345 1173 2385 attributi
1184 2359 1256 2386 cum
1269 2346 1434 2396 subjestoz
1454 2360 1529 2385 cum
1541 2344 1742 2405 scilicetialig
