1857 2745
0 2146 5 2262 l

0 2263 6 2346 i

0 2409 6 2423 r

1373 137 1421 173 535

39 200 1440 258 mmmmmffifflmmwmffiwmmfflmffiffimmfflm‡

229 283 1220 337 TRACTATUSTERTrus

40 389 120 424 DE
148 387 227 423 IIS
259 384 394 433 vifi
418 383 562 417 SUNT
578 385 653 417 AB
685 384 828 420 OMNI
864 380 1103 416 MATERIA
1134 380 1428 422 SEPARATA,

475 465 532 509 stu
565 463 604 498 de
621 464 794 513 Theologia
820 463 994 500 naturast·

48 560 349 698 REuQiuM
362 562 406 596 est
421 573 457 596 ut
468 572 593 609 partem
603 551 834 610 Metaphyfieae
849 563 990 604 tertiam,
1003 573 1073 607 quae
1083 551 1266 606 Theologia
1282 559 1432 594 naturalis

192 613 307 647 dieitur
317 642 326 656 ,
338 612 436 659 quarn
447 609 639 653 brevissime,
653 623 799 645 accurate
815 623 941 654 tamen,
953 621 987 645 ut
1001 609 1208 658 Philosophos
1223 609 1318 642 decet
1339 635 1348 650 ,
1361 621 1434 656 per-

195 663 365 696 tractemus
377 689 386 703 ,
404 673 440 695 ac
449 661 489 694 de
501 657 594 693 rebus
606 659 648 693 ab
659 663 749 694 omni
770 663 905 695 materia
915 689 924 703 ,
935 673 1002 695 non
1016 661 1216 708 cogitatione
1233 667 1369 700 tantum,
1382 656 1435 692 std

49 710 148 741 etiarn
158 708 258 756 reipsa
270 709 398 745 secretis
410 735 420 750 ,
435 709 475 742 de
490 710 565 743 Deo
577 710 729 743 nimirum
744 737 754 752 ,
780 709 913 758 Angelis
931 713 964 745 δε
974 710 1079 743 anima
1089 706 1230 755 separata
1243 705 1435 741 difleramus.

50 757 153 804 Hujus
169 759 324 794 tractatus
340 757 456 805 triplex
474 758 535 791 erit
546 756 718 805 disputatio
734 787 744 801 ‚
768 760 871 807 prima
893 759 934 793 de
955 760 1031 793 Deo
1046 755 1190 791 absolute
1216 753 1415 790 considerato
1426 785 1436 798 ‚

51 817 168 852 nempe
179 806 218 839 de
229 807 314 842 illius
326 807 512 848 existentia,>
537 808 769 854 cognitione&
781 806 954 842 attributis.
975 806 1119 841 Secunda
1137 806 1177 839 de
1192 808 1267 840 Deo
1285 815 1320 838 ut
1332 807 1438 853 prima

51 855 195 889 omnium
211 856 301 891 causa
313 885 321 898 ‚
335 862 370 893 &
384 857 490 903 primo
508 866 637 889 motore
663 857 735 894 erit,
759 858 871 891 Tertia
892 856 934 890 de
950 858 1064 889 animae
1084 854 1248 889 rationalis
1269 852 1438 901 separatim

50 903 196 949 spectatae
214 916 327 940 natura
346 905 453 940 futura
479 903 538 938 est«
560 906 721 951 Perpauca
747 905 787 939 de
799 904 951 953 Angelis,
966 902 1056 950 quasi
1071 903 1255 952 appendicis
1275 900 1349 936 loco
1368 901 1445 937 sub-‘

50 953 206 1007 jiciemus.
220 975 225 978 -

405 1095 832 1130 DISPUTATIO
877 1095 1094 1129 PRIMA,-

462 1186 517 1225 D'e
535 1192 606 1225 Deo
619 1184 791 1236 ftettndlcm
802 1192 837 1237 fi’
857 1190 1009 1239 speHato.
1027 1208 1029 1210 ·

128 1283 131 1287 i
151 1284 210 1324 Ua'e
222 1287 261 1321 ad
274 1290 338 1324 Dei
352 1289 553 1324 existentiam
568 1294 601 1325 δέ
614 1299 761 1324 naturam
779 1289 944 1336 pertinent
962 1316 971 1330 ‚
992 1298 1026 1321 ut
1042 1288 1177 1322 naturali
1193 1287 1315 1323 lumine
1327 1291 1464 1338 perspi:

61 1289 211 1385 Qciit
224 1337 319 1371 nobis
330 1338 454 1385 possunt
468 1367 477 1380 ,
493 1338 555 1372 hoc
572 1337 645 1371 loco
663 1348 788 1371 tantum
802 1336 1040 1384 prosequemur.
1056 1336 1164 1371 Primo
1183 1340 1293 1383 itaque
1310 1339 1447 1374 existen-

64 1387 107 1418 tia
121 1384 200 1420 illius
211 1385 254 1418 est
266 1386 510 1420 demonstranda
528 1400 535 1421 ε
551 1385 667 1419 deinde
677 1385 844 1430 quomodo
856 1384 940 1418 illius
950 1395 1061 1418 natura
1081 1386 1100 1420 ii
1115 1386 1209 1419 nobis
1220 1387 1426 1433 cognoscatur
1436 1417 1446 1432 ,
1462 1409 1470 1419 ⁷-

64 1434 225 1482 explicare
242 1434 439 1469 conabimur.
456 1434 632 1469 Postremo
650 1434 807 1481 praecipua
830 1437 894 1482 ejus
916 1431 1072 1466 attributa
1092 1462 1101 1476 ‚
1137 1446 1175 1468 ex
1194 1433 1310 1480 quibus
1326 1435 1448 1482 reliqua

66 1494 195 1518 manare
210 1482 434 1530 intelliguntur
452 1511 461 1525 ,
484 1482 616 1516 strictim
632 1485 844 1527 attingemus:
859 1481 981 1527 reliqua
1002 1493 1074 1526 quae
1092 1482 1175 1517 aurii
1187 1482 1387 1519 revelatione
1399 1485 1449 1518 di-
1466 1499 1469 1501 “

66 1532 140 1566 vina
150 1559 160 1574 ,
184 1541 237 1564 aut
250 1530 401 1567 {tratione
415 1531 479 1579 ipsa
491 1543 547 1579 per
557 1520 816 1565 fidemillulirata
833 1531 977 1578 pendent
993 1557 1002 1572 ,
1021 1529 1199 1579 Theologis
1216 1533 1340 1579 integra
1350 1532 1448 1567 reser-
1462 1548 1467 1551 ·

67 1591 186 1614 vamus.

529 1631 616 1676 QU
639 1632 677 1662 ΑΞ
700 1630 720 1663 S
739 1623 779 1662 T*
798 1632 810 1663 1
836 1630 870 1663 O
918 1630 964 1663 1.-

247 1692 368 1738 Qibus
377 1693 563 1743 potiffimitm
578 1693 755 1730 rationibus
774 1694 941 1739 existentia
953 1693 1019 1725 Dei
1031 1691 1265 1736 demonstretur„
1283 1712 1290 1716 ·

140 1772 314 1808 Xinfinitis
329 1787 412 1822 pene
427 1768 603 1810 rationibus
621 1773 738 1822 quibus
753 1775 921 1809 existentia
941 1776 1003 1808 Dei
1017 1774 1118 1821 potest
1134 1774 1341 1809 demonstrari
1352 1804 1360 1818 ,
1378 1787 1452 1822 per-
1464 1789 1476 1794 „

141 1834 254 1871 paucas
272 1822 437 1870 seligemus
449 1852 458 1866 ,
480 1837 556 1871 quas
576 1827 609 1858 in
628 1835 688 1858 tres
707 1823 797 1857 velut
816 1820 923 1857 classes
947 1823 1138 1871 digeremus,
1159 1824 1266 1857 Prima
1281 1824 1423 1858 Morales
1442 1851 1453 1866 3
1470 1843 1477 1846 -

76 1871 219 1909 Secunda
229 1871 385 1920 Phyficas,
393 1874 504 1907 Tertia
522 1870 784 1920 Metliaphysicas
810 1871 1051 1918 complectetur.

432 1953 581 1987 Morales
599 1946 875 1996 demonstrationes
898 1950 1084 1997 afferuntun
1105 1970 1107 1972 ·

81 2020 186 2102 M
197 2017 311 2052 Orales
327 2018 389 2053 hoc
407 2018 480 2053 loco
491 2017 700 2067 probationes
719 2018 926 2067 intelligimus
939 2047 950 2062 ,
970 2032 1038 2065 quae
1059 2018 1079 2054 ἐι
1093 2018 1194 2053 ὁοξὶίε
1213 2024 1299 2068 juxta
1314 2025 1347 2057 δε
1361 2021 1456 2056 indo.=
1474 2037 1480 2041 ·

199 2068 255 2101 &is
273 2070 491 2116 percipiuntur
504 2095 514 2110 ,
542 2065 582 2101 eo
598 2066 733 2114 quidem
751 2067 933 2109 validiores,
958 2067 1044 2115 quod
1059 2070 1089 2102 in
1103 2080 1311 2103 communem
1337 2068 1456 2104 sensum

82 2117 183 2163 magis
195 2117 356 2150 incurrant
369 2146 378 2159 ‚
404 2128 510 2163 neque
520 2114 561 2150 ab
571 2115 704 2150 homine
713 2118 766 2163 qui
785 2115 835 2150 sua
848 2119 946 2151 utitur
960 2119 1086 2150 ratione
1101 2145 1109 2158 ‚
1129 2119 1160 2150 in
1179 2116 1310 2150 dubium
1327 2130 1458 2152 revoca-

85 2166 111 2197 ri
129 2162 256 2210 poffint.
270 2163 371 2210 Qod
389 2168 475 2201 enim
493 2166 598 2199 minus
609 2177 714 2198 acrem
726 2165 887 2212 postulent
904 2168 1241 2210 attentioneni‚neqtie
1259 2166 1458 2202 reconditam
1480 2180 1481 2183 ’

86 2212 251 2246 scientiam
270 2216 397 2261 exigant
412 2243 421 2257 ,
445 2213 498 2248 sed
509 2211 658 2247 omnibus
671 2211 845 2247 finrobviae
858 2243 868 2256 ,
889 2225 986 2260 atque
1002 2214 1100 2248 oculis
1118 2225 1200 2260 pene
1214 2211 1272 2247 fint
1291 2213 1437 2261 subjeetae
1450 2245 1459 2260 ,

87 2273 154 2295 non
167 2260 242 2293 ideo
257 2264 359 2295 minus
373 2274 464 2296 cettae
473 2261 542 2297 sunt
552 2291 561 2304 ‚
583 2273 638 2296 aut
657 2260 853 2297 inconcuffae.
874 2263 1029 2296 Rationes
1043 2263 1162 2309 quippe
1174 2273 1211 2294 ex
1224 2261 1381 2297 factorum
1390 2267 1460 2299 evi-

89 2310 196 2343 dentia
214 2337 223 2350 ,
249 2321 286 2342 ex
300 2314 460 2345 communi
473 2311 618 2345 hominm
628 2309 715 2345 sensu
729 2340 738 2354 ,
757 2321 811 2345 aut
832 2309 974 2345 moribus
990 2339 999 2354 ‚
1027 2321 1081 2344 aut
1100 2311 1298 2357 experientia
1321 2312 1383 2359 ipsa
1404 2313 1461 2348 de-

91 2356 222 2405 sumptae
236 2369 303 2392 non
321 2359 422 2394 minus
437 2357 507 2394 sunt
516 2358 633 2403 firmae,
656 2359 753 2407 qulam
767 2372 836 2408 quae
857 2371 895 2394 ex
910 2361 1021 2406 intima
1042 2358 1246 2405 Philosophia
1265 2360 1462 2408 depromun-

1152 2409 1184 2442 X
1195 2420 1213 2442 x
1224 2420 1242 2441 x
1269 2411 1276 2440 i
1279 2413 1290 2455 j
