1857 2745
500 165 973 201 SlGILLATIM.
1402 182 1425 211 7

85 216 174 266 Resp.
185 214 270 253 Dist.
286 216 399 264 maj0r.
419 214 576 250 Sinatura
592 228 661 250 non
677 214 817 250 sumatur
833 225 993 263 quatenus
1003 213 1165 250 rationem
1178 214 1279 251 habet
1295 183 1425 266 oppo9fi,

51 279 117 303 tam
129 263 298 300 universali
312 293 320 307 ‚
333 265 372 300 C.
389 263 474 298 secus
483 293 492 307 ,
506 266 551 300 N.
564 262 615 298 sed
626 264 742 312 species
759 275 916 311 quatenus
933 274 1137 313 comparatur
1147 276 1219 299 cum
1232 277 1364 313 genere,
1378 278 1433 300 ea-

49 308 141 358 tenus
151 315 311 350 rationem
330 311 431 348 haber
443 312 611 348 universali
624 311 813 362 oppositam.
824 311 1016 349 Universale
1032 314 1152 361 quippe
1165 313 1313 349 ordinem
1325 313 1431 349 inclu-

43 364 97 397 dit
116 362 156 396 ad
169 362 323 398 inferiora
337 391 347 406 ‚
364 362 471 409 estque
484 374 583 397 unum
605 363 637 397 in
657 361 765 396 multis
781 376 789 398 :
803 375 873 410 quae
887 362 1020 409 quidem
1046 361 1149 396 multa
1171 362 1320 397 dicuntur
1335 364 1426 398 infe-

48 413 139 447 riom.

101 459 162 495 Sed
174 487 183 501 ‚
198 461 367 506 inquiunt,
385 457 502 507 species
515 470 550 493 ut
566 457 685 506 species
707 458 753 493 est
773 456 966 494 universalis:
983 459 1259 506 quemadmodum
1276 473 1374 510 genus
1394 471 1431 496 ut

48 521 148 558 genus
164 507 209 542 est
225 506 402 542 universale
414 522 421 543 :
433 506 482 541 sed
498 506 615 555 species
627 518 662 542 ut
677 505 795 555 species
808 505 966 556 subjicitur
983 510 1102 556 generi.

93 557 178 603 Resp.
191 556 354 604 Negando
365 561 525 604 majorem
535 561 568 593 δε
586 558 755 604 paritatem
769 570 776 591 :
796 568 870 591 nam
883 568 1055 605 genus5ut
1075 568 1176 605 genus
1195 557 1346 593 ordinem
1358 558 1436 592 dicit

52 605 92 640 ad
110 604 283 641 inferiora:
297 603 416 653 species
434 617 470 640 ut
484 603 600 653 species
619 607 730 653 generi
746 604 919 653 subjicitur.
1326 634 1335 641 t

98 656 142 689 Ex
160 651 276 701 quibus
300 653 461 702 colligitur
484 668 550 689 non
563 653 638 688 alias
655 651 716 688 elle
731 652 850 702 species
862 655 991 702 proprie
1012 653 1112 689 dietas
1126 684 1134 697 ‚
1153 652 1251 701 quhm
1275 653 1402 690 infimas
1419 670 1427 690 :

54 715 126 749 quae
143 703 230 737 enim
244 700 431 737 subalternae
442 714 514 745 ‚aut
534 705 709 750 interjedhe
730 704 898 744 dicuntur,
914 715 988 737 cum
1007 703 1047 736 ad
1065 703 1222 737 inferiora
1233 703 1429 746 referuntur,

51 752 209 785 rationem
219 749 475 799 habentgeneris
489 779 498 793 ‚
513 763 548 785 ut
556 750 676 785 animal
697 749 838 797 respeetu
855 750 996 786 hominis
1010 757 1043 788 ὃς
1059 749 1157 787 bruti.
1175 752 1235 786 Sed
1247 764 1282 787 ut
1291 751 1428 801 superio-

52 801 79 833 ri
101 800 212 847 generi
233 797 450 846 subjiciuntur,
461 803 605 846 jamnon
616 797 687 834 sunt
699 798 775 845 quid
786 798 974 843 universale,
987 812 1023 835 ut
1036 813 1112 835 mox
1124 801 1272 837 diximus.

95 851 215 882 Verum
229 846 280 882 h'ic
294 850 394 883 etiam
404 847 502 882 aliam
513 846 796 895 quaestionemsatis
815 847 966 884 inurilem
991 861 1131 886 movent
1145 878 1154 892 ,
1168 862 1211 886 an
1224 850 1340 886 dentur
1359 849 1428 899 spe·

55 898 117 931 cies
141 894 261 933 infimae
275 925 285 940 ‚
301 896 388 943 quali
405 895 481 931 illud
496 898 530 931 in
540 895 672 931 dubium
689 900 833 931 revocari
846 895 950 946 poffit-
968 900 1083 946 Itaque
1105 897 1140 932 fit

428 979 693 1012 saeuum».
730 978 1072 1015 Concrusro.

548 1057 684 1091 Dantur
692 1059 812 1106 species
826 1057 945 1102 infime,

87 1136 249 1173 Probatur
263 1137 424 1183 conclusio.
438 1135 583 1171 Circulus
600 1151 631 1173 v,
642 1150 687 1186 gr.
700 1138 745 1172 est
760 1137 878 1186 species
895 1138 1020 1183 infima,
1033 1152 1103 1187 quae
1121 1142 1152 1175 in
1166 1139 1242 1174 alias
1255 1139 1374 1187 species
1388 1142 1437 1176 in-

54 1185 189 1223 seriores
201 1186 296 1221 secari
308 1199 374 1221 non
390 1186 507 1235 potest.
526 1188 577 1221 Sic
589 1186 695 1235 plures
708 1186 769 1222 css‘e
778 1187 949 1224 hominum
964 1189 1093 1238 specie5‚
1110 1201 1208 1224 nemo
1220 1188 1276 1225 nisi
1286 1189 1371 1225 ultro
1388 1191 1436 1225 in-

55 1235 155 1271 sanire
168 1235 248 1270 velit
262 1264 270 1277 ,
281 1236 473 1271 crediderits

92 1293 147 1320 29.-
162 1287 242 1321 Non
255 1283 324 1320 sunt
340 1286 373 1319 in
391 1285 556 1320 individuo
569 1285 680 1333 gradus
699 1284 875 1320 effentiales
887 1314 896 1328 ,
908 1298 962 1321 aut
979 1287 1197 1335 perfeetiones
1214 1285 1350 1322 infinitae
1365 1303 1372 1324 τ
1388 1287 1436 1324 ul-

58 1335 136 1368 tima
153 1346 229 1382 ergo
240 1333 399 1382 perfectio
410 1363 418 1376 ,
440 1346 493 1368 aut
505 1336 620 1382 gradus
634 1334 765 1368 ultimus
780 1332 920 1382 speciem
933 1337 1111 1371 constituet-

90 1393 130 1428 ς’.
159 1383 365 1418 Individuurn
379 1381 554 1429 quodlibet
573 1396 610 1417 cx
626 1395 736 1417 natura
754 1382 900 1431 specifica
920 1385 951 1418 in
965 1397 1005 1419 eo
1025 1387 1192 1420 contratfm
1211 1413 1217 1422 ,
1232 1398 1302 1419 non
1320 1397 1359 1420 ex
1374 1384 1437 1420 sola

58 1443 170 1468 nitura
182 1433 329 1479 generica
343 1431 474 1465 constat.
490 1434 572 1467 Non
593 1433 678 1466 enim
693 1443 792 1480 genus
814 1432 1003 1466 immediate
1024 1434 1221 1468 contrahitur
1242 1436 1277 1467 in
1289 1446 1436 1480 unoquo-

60 1491 124 1527 que
133 1477 278 1528 srngulari
295 1478 398 1514 :secus
414 1492 479 1514 non
499 1482 557 1514 erit
574 1492 673 1527 genus
686 1508 695 1522 ,
712 1480 799 1525 quod
821 1479 874 1514 sub
890 1479 920 1514 se
946 1480 1063 1528 species
1087 1495 1151 1516 non
1171 1481 1217 1515 est
1239 1480 1435 1518 habiturum.

61 1527 241 1563 Sistendum
256 1527 301 1560 est
316 1529 406 1574 igitur
418 1529 451 1561 in
464 1526 564 1574 specie
578 1526 688 1561 infima
702 1527 774 1567 ,seu
787 1555 798 1570 ‚
822 1539 857 1562 ut
877 1526 1055 1575 loquuntur
1085 1534 1221 1564 Veteres
1240 1557 1249 1571 ,
1276 1531 1307 1563 in
1334 1529 1437 1578 specie

62 1588 254 1623 atoma‚quae
267 1578 300 1610 in
317 1575 392 1608 alias
409 1575 509 1609 dividi
526 1588 592 1610 non
600 1575 717 1623 potest.

97 1626 180 1670 Qae
193 1635 247 1658 aut
268 1638 302 1658 m
321 1622 469 1658 nonnulli
493 1622 595 1658 solent
605 1633 770 1671 opponere
783 1622 822 1656 de
832 1626 953 1673 Satyris
972 1629 1004 1660 ἃ
1021 1627 1130 1659 Faunis
1146 1655 1154 1668 ‚
1166 1637 1201 1660 ut
1211 1625 1352 1674 probent
1367 1627 1438 1675 plu-

61 1685 110 1708 res
126 1671 186 1707 effe
201 1672 370 1707 hominum
380 1671 512 1719 species,
527 1684 563 1705 ea
579 1671 648 1706 ssint
660 1670 780 1706 fabulls
794 1675 939 1719 proxima
979 1674 1079 1721 Qod
1096 1686 1206 1709 autem
1221 1677 1252 1710 S.
1269 1677 1437 1722 Hierony-

62 1735 132 1757 nius
147 1722 257 1756 invita
275 1722 458 1756 §.Antonii
470 1720 580 1764 refert,
596 1720 663 1767 plus
688 1718 788 1754 habet
804 1722 1008 1757 authoritatis
1030 1736 1038 1757 :
1055 1735 1240 1769 quanquam
1259 1724 1436 1760 monstrum

64 1770 141 1805 illud
158 1770 247 1816 quod
267 1772 298 1804 in
315 1772 432 1804 itinere
454 1772 485 1805 S.
500 1770 657 1806 Antonius
681 1768 846 1805 offindiffe
865 1770 983 1814 fertur,
999 1771 1082 1806 nihil
1101 1771 1232 1806 forsitan
1250 1772 1313 1806 fuir
1328 1784 1438 1820 praeter

65 1819 217 1854 daemonis
237 1817 423 1854 ludibrium.

103 1867 205 1916 Qod
223 1869 322 1901 etiam
337 1866 394 1901 alii
405 1864 548 1901 curiofius
566 1866 753 1915 expendunt
767 1896 776 1910 ,
789 1879 831 1902 an
841 1866 945 1915 plures
957 1879 1076 1903 naturae
1089 1868 1233 1903 humanae
1243 1866 1305 1915 sper
1318 1871 1361 1903 ies
1378 1870 1438 1906 effe

66 1915 204 1965 poffinr,
226 1916 256 1950 id
269 1917 380 1964 utique
392 1915 431 1949 ad
443 1916 578 1950 nostrum
593 1917 772 1951 institutum
784 1930 847 1951 non
862 1919 1015 1962 pertinet.
1043 1918 1126 1960 Qae
1137 1918 1224 1952 enim
1247 1916 1314 1951 sunt
1337 1921 1368 1953 in
1385 1932 1433 1953 re-

67 1978 134 2000 rum
160 1976 270 1999 natura
290 1966 480 2012 inquirimus
502 1992 510 2003 ,
526 1978 593 2000 non
608 1966 687 2012 quid
706 1963 726 2000 ἒι
752 1967 828 2000 Deo
849 1964 920 2000 fieri
941 1963 1038 2014 poffit
1055 1979 1063 1999 ι
1084 1977 1306 2001 verumtamen
1327 1979 1440 2003 contra

69 2012 304 2049 conclusionem
317 2013 393 2048 hinc
411 2012 512 2048 multa
524 2026 705 2063 opponunt.

120 2062 205 2110 Opp.
220 2076 231 2096 1
243 2071 258 2098 “.
277 2062 334 2098 Illa
355 2075 420 2097 non
431 2062 473 2096 est
483 2061 600 2110 species
613 2061 724 2098 infima
738 2091 747 2106 ‚
763 2075 830 2110 quae
847 2061 905 2097 sub
919 2061 948 2097 se
960 2062 1072 2097 multas
1085 2066 1231 2098 continet
1249 2062 1356 2099 saltem
1366 2066 1440 2113 pos.

68 2108 172 2145 sibiles
188 2123 195 2145 :
210 2109 261 2144 sed
277 2111 363 2147 nulla
383 2111 451 2145 fere
462 2112 504 2145 est
522 2111 639 2160 species
652 2125 742 2159 ‚quae
754 2110 810 2146 sub
824 2111 853 2146 se
864 2125 929 2146 non
940 2111 1060 2146 habeat
1071 2111 1173 2159 plures
1187 2111 1361 2161 poffibiles:
1373 2126 1440 2150 tam

70 2161 158 2194 enim
177 2158 418 2207 possuntmultae
438 2159 498 2194 effe
515 2159 682 2196 hominum
694 2160 810 2208 species
829 2173 926 2208 quam
940 2160 1143 2207 Angeloruu.

110 2209 196 2256 Reffi.
206 2208 282 2252 Dist.
295 2212 371 2250 mas.
382 2208 436 2243 illa
456 2222 521 2243 non
539 2211 582 2245 est
592 2209 707 2258 species
721 2208 830 2244 infima
844 2212 894 2244 cui
907 2208 1025 2243 subesse
1039 2207 1161 2257 possint
1175 2208 1278 2257 plures
1288 2210 1356 2246 nlire
1372 2213 1440 2259 poll

71 2253 175 2289 sibiles
186 2285 195 2299 ‚
213 2255 233 2290 fi
246 2269 447 2305 comparetur
459 2258 498 2291 ad
509 2257 577 2293 illas
587 2259 704 2307 species
716 2287 726 2301 ,
743 2258 781 2293 C.
794 2256 814 2292 fi
829 2270 1029 2305 comparetur
1039 2258 1077 2290 tid
1099 2258 1264 2293 individua
1284 2273 1352 2307 quae
1372 2260 1441 2297 sunt

70 2305 144 2337 astu
156 2331 166 2346 ‚
182 2307 224 2339 N.
239 2308 349 2352 ltaque
360 2307 460 2341 homo
470 2306 512 2339 est
523 2319 593 2341 tota
611 2306 739 2342 essentia
750 2309 931 2341 communis
944 2306 1182 2341 individuorum
1196 2321 1202 2342 :
1216 2305 1278 2343 five
1292 2308 1360 2344 2111*ae
1381 2308 1441 2345 fin:

73 2351 239 2386 hominurn
252 2353 385 2401 species,
406 2354 467 2389 sive
479 2368 543 2390 non
558 2371 565 2392 :
590 2357 621 2390 id
637 2357 726 2392 enirn
742 2356 782 2391 ad
793 2367 861 2391 rem
871 2355 1006 2391 nostram
1021 2383 1032 2399 ,
1056 2360 1088 2391 ὃ(
1105 2354 1340 2404 disciplinarum
1363 2371 1441 2407 aug.

72 2412 214 2437 ment-‚ini
227 2414 290 2435 uon
300 2403 438 2439 multum
452 2407 606 2452 pertinet.

216 2453 306 2487 Tum.
328 2453 356 2486 Ι.
1258 2455 1293 2491 N
