1857 2745
378 120 442 163 μό
825 110 1292 148 PHILOSOPHIA·

375 178 521 202 mentum
533 163 648 200 tendit.
669 162 758 198 Nam
768 158 850 195 ultio
861 160 903 194 ad
915 160 1045 204 Deum,
1063 164 1220 208 patientia
1242 161 1282 196 ad
1299 159 1469 194 hominem
1480 161 1638 207 'pertinen

410 216 495 263 Opp.
509 229 534 250 2.
546 213 665 248 Omnis
687 208 947 257 concupiscentia
959 210 1096 245 estmala
1111 223 1120 246 ε
1143 211 1228 246 unde
1247 209 1289 244 ab
1303 207 1461 256 Apostolo
1475 219 1643 256 peccatum
1652 207 1763 258 appel-

375 262 459 297 latur
473 291 483 306 ,
506 261 593 309 quod
613 272 651 295 ex
675 269 811 307 peccato
829 269 905 293 nata
921 256 977 301 fit,
995 259 1079 295 &ad
1114 272 1258 295 eccatum
1273 257 1407 294 inclinet
1425 256 1501 293 :sed
1514 256 1669 305 passiones
1681 287 1690 301 ,
1709 256 1763 294 seu

373 323 481 345 morus
499 309 666 359 appetitus
681 307 847 343 sentientis
865 306 945 342 nihil
963 306 1033 343 sunt
1045 272 1111 343 nilP

374 360 524 407 quaedam
538 388 548 403 ,
574 371 642 406 quae
657 370 716 393 nos
731 357 770 391 ad
784 369 911 391 terrena
921 356 1127 404 deprimunt:
1147 358 1232 394 unde
1249 363 1282 394 &
1303 355 1345 390 ab
1361 355 1517 404 Apostolo
1529 354 1681 403 paffiones
1692 366 1771 404 pec--

375 419 516 443 catorum
528 411 738 444 nominantur
757 421 765 442 :
784 418 862 455 ergo
871 404 1028 454 passiones
1042 420 1154 443 omnes
1167 406 1259 444 malae
1268 404 1342 441 sunt
1351 433 1360 449 ,
1380 417 1454 440 cum
1468 406 1563 439 exiis
1581 416 1679 439 omne
1693 417 1775 440 ma-.

377 456 447 493 lum
467 461 600 494 oriatur.

412 507 502 554 Re'j).
514 507 605 556 Neg.
616 506 692 540 min.
703 506 826 551 Neque
842 504 930 539 enim
943 503 1147 540 confundere
1159 504 1316 543 debemus
1333 503 1498 552 appetitus
1508 501 1676 538 sentientis
1691 515 1767 537 moa

375 564 425 590 tus
439 583 449 599 ‚
471 555 524 591 seu
537 555 692 605 paffiones
710 566 785 589 cum
803 553 1064 602 concupiscentia
1076 583 1086 599 ‚
1105 553 1157 589 seu
1175 567 1246 590 cum
1267 553 1403 590 libidine
1417 581 1426 597 ‚
1446 564 1500 587 aut
1515 552 1678 588 eff'raenato
1694 564 1774 586 mm-

376 614 409 639 tu
418 605 596 653 appetitus,
618 605 678 638 Per
689 605 870 651 appetitum
883 602 1077 638 sentientem
1095 605 1221 640 animus
1240 617 1314 640 cum
1334 613 1472 651 corpore
1488 630 1498 645 ,
1524 607 1557 639 &
1581 602 1619 634 iis
1639 612 1710 647 quae
1726 599 1783 635 ad÷

373 656 516 701 corporis
538 652 672 689 salutern
695 655 882 699 pertinent,
910 655 1138 700 conjungitur5
1157 666 1213 702 per
1238 652 1530 700 concupiscentiam
1551 651 1677 686 animus
1694 661 1767 684 cor.
1806 653 1812 681 ἲ

373 704 463 749 pori,
482 708 516 739 &
532 701 628 738 rebus
645 713 718 748 quae
726 703 808 736 circa
831 714 891 736 nos
911 700 1016 748 positae
1027 700 1098 737 sunt
1113 731 1123 746 ‚
1141 703 1387 750 quodammodo
1409 699 1570 747 subjicitur
1587 729 1596 744 ‚
1628 710 1786 746 eamque·
1809 743 1811 746 ι

374 752 408 786 in
422 749 600 800 baptizatis
617 762 785 800 peccatum
796 764 864 786 non
881 748 942 785 effe
954 779 962 794 ,
978 749 1026 785 sed
1038 751 1159 786 malum
1171 753 1336 799 quoddam
1352 780 1362 794 ,
1378 762 1412 785 ut
1434 751 1675 797 corruptionem
1698 759 1768 782 cot—
1811 771 1817 786 ,·

374 801 461 848 potis
474 829 483 843 ‚
499 811 533 835 ut
547 801 766 849 ignorantiam
786 828 796 842 ,
821 811 858 834 ut
873 798 1099 836 infirmitatem
1118 829 1128 844 ,
1149 805 1182 838 &
1207 800 1396 849 languorem
1408 797 1550 848 pluribus
1570 798 1785 846 argumentis--

374 849 664 898 contraJulianum
674 847 796 896 proba't
815 851 847 885 S.
859 850 1073 897 vAugustinus.
1090 851 1159 898 Ego
1172 877 1179 888 ‚
1200 850 1308 896 inquit
1324 849 1342 882 l.
1367 856 1400 885 62
1425 859 1579 894 tanquam
1599 845 1769 880 valetudi-

375 910 447 932 nem
465 899 584 933 malam
606 911 645 931 ex
662 899 782 945 ortgine
798 899 922 932 vitiata
939 900 1117 945 ingenitum
1143 898 1285 945 dicoreffe
1304 897 1422 932 homini
1443 899 1562 930 vitium
1583 923 1593 938 ,
1616 908 1676 942 quo
1696 907 1786 929 cara>

374 946 562 995 concuptfiit
579 946 904 993 amma-spiritum,
931 944 969 979 effi·
1000 946 1055 979 hoc
1082 946 1166 980 malo
1190 945 1266 981 bene
1293 948 1342 980 uti
1361 946 1482 993 pudica
1507 947 1655 986 coniugia
1686 942 1771 989 :sed
1784 945 1788 953 '

374 994 427 1038 isto
448 997 529 1029 mali
540 998 592 1041 usic
608 995 681 1030 bono
700 994 832 1029 laudari
841 1004 979 1028 utentem
991 1021 1000 1032 ,
1019 1005 1081 1029 non
1096 995 1194 1042 ipsum
1207 995 1337 1030 malum.
1351 992 1543 1029 lit-scribens
1555 992 1784 1028 adsummum-v

376 1043 572 1079 Pontificem
583 1043 786 1079 Bonifacium
802 1041 861 1077 lib.
875 1057 899 1079 ι,
917 1044 985 1077 Sed
993 1042 1052 1077 haec
1066 1070 1075 1081 ,
1097 1045 1204 1091 inquit
1218 1072 1228 1086 ‚
1252 1044 1498 1091 concupiscentia
1509 1070 1519 1085 ‚
1537 1043 1660 1088 etiamst
1672 1053 1770 1076 voca-

376 1102 432 1125 tur
442 1102 606 1140 peccatum
621 1120 630 1131 ,
658 1105 720 1126 non
733 1093 843 1135 utique
853 1093 930 1137 quia
943 1102 1110 1138 peccatum
1125 1092 1166 1136 est
1182 1108 1193 1126 .·
1213 1093 1273 1138 fid
1290 1095 1367 1139 quia
1386 1102 1512 1140 peccato
1526 1090 1619 1136 fasta
1634 1091 1676 1136 est
1690 1119 1699 1130 ‚
1720 1089 1769 1136 fic

375 1152 508 1174 vocatur
536 1155 547 1174 :
572 1141 655 1186 ficut
673 1141 842 1188 scriptura
871 1151 984 1174 manus
1017 1141 1168 1187 cujusque
1189 1141 1308 1176 dicitur
1330 1168 1342 1184 ,
1381 1139 1467 1188 tud
1496 1153 1608 1174 manus
1638 1140 1767 1186 eamfi’-

376 1200 463 1223 cern.

414 1237 502 1286 Opp.
516 1251 538 1279 3-
555 1237 679 1272 Invidia
690 1237 736 1272 est
747 1235 845 1285 paffio
854 1236 1019 1284 quaedam:
1033 1236 1085 1272 sed
1097 1249 1133 1272 ea
1143 1239 1229 1274 mala
1240 1239 1287 1274 est
1300 1240 1378 1275 &in
1387 1240 1494 1274 virum
1505 1237 1685 1286 sapientem
1698 1249 1783 1274 non*

376 1286 462 1321 cadit
478 1301 485 1322 :
506 1298 582 1334 ergo
598 1285 668 1321 sunt
682 1286 829 1333 quaedam
852 1298 873 1334 p
886 1284 1009 1322 2ffi0nes
1027 1286 1129 1323 malae,

414 1335 501 1384 Resp.
519 1337 600 1371 Non
617 1347 730 1370 omnes
742 1333 982 1369 animiaffeetus
996 1338 1094 1370 etiam
1116 1347 1233 1383 pravos
1246 1334 1266 1370 ὲ
1284 1334 1379 1370 nobis
1397 1333 1536 1369 excusari
1561 1347 1569 1369 ε
1591 1331 1663 1369 sunt
1678 1336 1768 1370 enim

375 1384 508 1430 quidam
526 1385 579 1430 qui
592 1384 631 1417 ad
646 1382 937 1429 concupiscentiam
950 1386 1051 1432 magis
1064 1411 1074 1426 ‚
1095 1383 1196 1430 quam
1209 1383 1249 1416 ad
1261 1395 1412 1418 naturam
1423 1382 1590 1431 appetitus
1604 1382 1769 1420 sentientis

376 1435 558 1479 pertinent,
582 1437 664 1480 cujus
684 1434 811 1481 generis
830 1431 876 1465 est
893 1432 1013 1466 invidia
1027 1461 1036 1476 ,
1065 1445 1136 1479 quae
1151 1434 1252 1480 magis
1269 1434 1353 1467 inter
1377 1433 1457 1466 vitia
1479 1431 1581 1478 quam
1595 1433 1680 1466 inter
1698 1432 1769 1480 pas-

376 1479 477 1515 siones
498 1492 691 1515 numeratur.
724 1483 797 1516 Nec
816 1479 901 1515 bene
920 1481 1155 1529 meoiquidem
1170 1481 1294 1530 judicio
1308 1480 1474 1516 concludit
1491 1480 1612 1516 Cicero
1628 1482 1768 1518 eandem

377 1528 437 1564 effe
452 1527 676 1564 misericordiae
694 1530 1075 1566 &invidiae.<tationem..
1087 1530 1356 1576 ,Quandoquidem
1368 1557 1376 1568 ,
1406 1531 1532 1577 inquit,
1556 1530 1781 1575 mlfira‘cordia„

378 1579 530 1625 aegritudo
543 1578 584 1621 est
599 1592 637 1611 ex
652 1580 786 1612 alterius
800 1577 892 1612 rebus
901 1580 1055 1625 ficundIs.
1081 1582 1121 1614 In
1135 1592 1229 1626 quem
1244 1580 1345 1628 igitur
1362 1580 1452 1613 cadit
1471 1580 1608 1617 misereri
1621 1606 1632 1621 ,
1646 1580 1769 1615 ineun-

377 1627 447 1661 dem
459 1628 553 1660 etiam
564 1626 760 1663 invidereN
762 1640 802 1661 on
812 1627 899 1661 cadit
913 1639 1021 1662 autem
1031 1627 1178 1662 invidere
1189 1630 1222 1662 in
1232 1630 1493 1677 sapientem-ergo
1503 1640 1540 1661 ne
1548 1629 1686 1673 misereri
1694 1631 1768 1675 qui-

376 1676 459 1710 dem.
482 1674 640 1719 Peffima,
655 1678 787 1723 inquam
800 1706 808 1718 ‚
825 1675 986 1711 conclusio
998 1690 1006 1712 τ
1017 1689 1091 1712 cum
1103 1688 1203 1712 unum
1214 1675 1250 1711 sit
1261 1676 1488 1720 humanitatis,
1506 1675 1641 1712 alterum
1650 1679 1771 1712 imma-

376 1726 486 1759 nitatis
499 1723 655 1772 cujusdam
667 1742 676 1769 3
694 1724 911 1760 misericordia
923 1737 1043 1760 naturae
1052 1755 1062 1769 ,
1087 1727 1207 1761 rationi
1221 1754 1229 1769 ,
1251 1731 1284 1762 ὃ(
1294 1728 1407 1774 pietati
1421 1725 1464 1761 est
1474 1724 1689 1761 consentanea
1701 1729 1770 1771 3in-

377 1773 462 1806 vidia
474 1785 594 1808 naturae
611 1773 664 1822 ipsi
675 1772 820 1809 adversa.
834 1776 916 1808 Vita
931 1777 1088 1817 carnium,
1093 1776 1221 1820 sanitas
1233 1777 1352 1809 cordis:
1361 1775 1495 1823 putredo
1507 1774 1768 1819 offium‚·'nvia'ia.

374 1834 466 1869 prov.
486 1836 533 1870 14.
552 1824 666 1858 Omnis
675 1822 830 1872 fiaperbus
847 1849 856 1864 ,
879 1824 1022 1858 invidus.
1045 1825 1128 1872 Aug.
1153 1826 1187 1858 in
1204 1822 1249 1871 ps.
1267 1826 1313 1870 58.
1337 1825 1427 1860 Nam
1447 1836 1510 1871 prae
1533 1822 1677 1870 superbia
1695 1824 1778 1860 vult*

375 1871 534 1906 excellere
545 1901 554 1915 ,
575 1877 608 1909 &
629 1872 767 1907 aliorum
777 1870 1004 1908 excellentiam
1015 1872 1098 1907 ferte
1109 1874 1234 1920 nequit.
1253 1875 1290 1908 Et
1301 1886 1328 1909 c.
1342 1887 1384 1918 23..
1400 1873 1456 1905 Ne
1465 1871 1607 1904 comedas
1625 1883 1695 1906 cum
1709 1873 1766 1907 ho-

375 1921 598 1960 mineinvido,
620 1920 657 1956 (9²¹
678 1934 716 1956 ne
730 1921 884 1966 defideres
897 1921 978 1956 cibos
994 1925 1072 1966 ejus.
1095 1924 1148 1957 De
1174 1921 1369 1956 misericordi
1395 1931 1506 1954 autem
1521 1947 1531 1963 ‚
1574 1921 1767 1957 foeneramr

374 1970 516 2004 Domino
528 1997 536 2008 ,
561 1973 616 2017 qui
629 1972 949 2019 misereturpauperis
966 1998 976 2013 ,
1001 1969 1040 2005 ά
1059 1970 1307 2013 viciffitudinem
1319 1969 1430 2002 reddet
1443 1971 1483 2004 ei.

414 2018 478 2051 Sed
496 2047 506 2062 ,
536 2021 704 2065 inquiunt,
725 2017 986 2066 perturbationes
998 2046 1007 2061 ,
1035 2017 1088 2053 seu
1109 2016 1285 2065 passiones²
1303 2017 1384 2055 nihil
1400 2016 1470 2052 sunt
1487 2016 1543 2052 nifi
1561 2015 1682 2053 turbidi
1700 2022 1767 2055 ani.

374 2078 501 2101 morum
516 2096 525 2110 ‚
551 2069 769 2114 concitatique
779 2078 884 2101 motus
898 2096 908 2110 ,
934 2065 1059 2102 averfia
1072 2069 1197 2102 ratione
1207 2073 1241 2105 &
1256 2066 1457 2104 inimiciffimi
1468 2069 1587 2102 mentis
1598 2096 1608 2110 ‚
1624 2069 1766 2116 vitaeque

373 2115 551 2163 tranquillae
567 2129 574 2151 :
591 2115 644 2151 sed
663 2118 780 2151 vitium
795 2117 837 2150 est
852 2129 918 2151 non
928 2128 1040 2164 parere
1055 2118 1192 2159 rationi,
1208 2129 1246 2151 ac
1267 2117 1379 2152 frustra
1396 2116 1529 2151 modum
1544 2117 1627 2150 vitio
1645 2120 1777 2163 quatri-⁷

371 2176 441 2197 nius
458 2182 466 2208 ;
488 2178 624 2213 quaeque
635 2165 806 2200 crescentia
822 2164 998 2213 perniciosa
1010 2164 1080 2200 sunt
1092 2195 1102 2210 ‚
1120 2166 1235 2201 eadem
1247 2165 1317 2202 sunt
1332 2165 1446 2200 vitiosa
1456 2164 1626 2201 nascentia.
1637 2167 1764 2213 Qam-

372 2211 489 2248 obrem
505 2242 514 2255 ,
538 2216 689 2262 inquiunt
703 2243 712 2257 ,
737 2214 819 2249 nihil
831 2216 962 2249 interest
974 2225 1080 2249 utrum
1096 2215 1278 2250 moderatas
1293 2214 1553 2263 perturbationes
1569 2215 1762 2263 approbent,

371 2271 409 2293 an
423 2263 627 2298 moderatam
642 2264 824 2312 injustitiam
838 2293 847 2307 ‚
867 2276 921 2298 aut
938 2264 1141 2299 moderatam
1153 2266 1316 2312 ignaviam
1329 2278 1337 2299 :
1356 2266 1410 2309 qui
1425 2266 1513 2298 enim
1527 2265 1614 2298 vitiis
1629 2264 1762 2300 modum

371 2314 507 2355 appon⁵t
519 2341 526 2353 ,
551 2315 576 2346 is
595 2325 719 2358 partem
732 2311 853 2360 suscipit
866 2316 1030 2350 vitiorum.
1052 2314 1151 2359 Qod
1177 2325 1250 2347 cum
1265 2325 1323 2360 per
1341 2311 1370 2346 se
1385 2312 1529 2348 odiosum
1552 2313 1618 2356 est,
1641 2324 1708 2347 tum
1721 2311 1763 2348 εὸ

368 2357 528 2395 molestius
540 2389 549 2405 ‚
571 2363 661 2410 quod
675 2374 742 2411 quae
755 2362 826 2400 sunt
843 2365 877 2400 in
896 2361 1020 2400 lubrico
1030 2364 1230 2412 incitataque
1248 2361 1348 2398 semel
1364 2363 1397 2399 in
1418 2361 1566 2412 proclive
1588 2359 1758 2407 labuntur,

1092 321 1219 344 imotus
1235 306 1520 354 concupiscentiae,
1542 305 1592 340 seu
1614 305 1779 344 libidines.
1814 350 1821 357 .

1811 1605 1841 1718 “s-*xzs
1844 1569 1845 1572 „

1814 1819 1839 1954 *5923*-
1810 1831 1817 1846 Γ
1819 1792 1826 1815 v

1811 1977 1828 2087 =w--}-‘
1812 1974 1835 2031 †„⁴

1812 2332 1832 2393 i
