1857 2745
472 151 811 188 TRACTATUS
852 151 1123 189 TERTIUS.'
1455 160 1500 192 (ιιι

122 205 312 252 ceptionem
333 200 545 244 detrahimus,
558 200 645 248 quod
668 200 761 235 nobis
787 199 1026 248 persuadeamus
1045 213 1082 236 ea
1095 211 1166 248 quae
1180 210 1298 248 agunt,
1312 211 1350 235 ex
1369 202 1497 237 mecha-

130 256 202 288 nica
222 253 357 299 partium
376 248 575 297 dispositione
594 249 635 283 ab
647 251 682 282 iis
700 248 777 285 fieri.

163 317 188 337 2.
219 308 303 334 kuni
322 301 367 333 rei
377 309 521 333 naturam
533 326 542 337 ,
555 302 588 333 &
598 309 695 344 quem
708 300 741 331 in
752 298 814 332 hoc
829 296 978 332 universo
995 297 1102 332 locum
1112 308 1164 331 aut
1189 297 1319 344 gradum
1332 298 1425 332 mdia
1442 298 1476 334 sit
1488 329 1498 342 ,

129 348 314 397 dignoscere
331 347 476 382 volumus
488 374 498 389 ,
512 357 549 379 ea
559 358 630 379 cum
639 345 705 379 aliis
720 345 812 380 rebus
829 346 927 393 gradu
947 348 1099 393 proximis
1111 343 1165 379 seu
1180 347 1212 379 in
1232 343 1379 392 superiori
1390 349 1497 394 gradu,

129 396 181 431 seu
202 399 234 431 in
265 395 409 430 inferiori
430 393 487 428 sint
512 394 703 437 constitutae,
722 395 764 428 est
781 394 994 438 conferenda,
1011 406 1049 428 ac
1067 394 1241 429 videndum
1264 397 1296 427 in
1312 406 1378 440 quo
1395 406 1432 428 ea
1449 407 1496 429 res

129 457 202 480 curn
213 446 325 479 vicinis
343 445 518 478 conveniat
534 470 544 484 ,
555 444 589 477 in
605 455 671 489 quo
683 443 796 477 itidem
804 441 845 476 ab
861 444 896 476 iis
906 441 1061 477 dissideat.
1086 445 1200 488 ltaque
1223 440 1331 475 bestiae
1353 455 1424 476 curn
1452 447 1499 478 in-

129 492 316 529 fantibus&
332 492 450 540 plantis
468 489 605 525 conferri
629 489 772 538 possunt,
793 496 826 527 &
841 491 916 538 quid
933 503 1004 526 cum
1029 491 1166 538 utrisque
1192 488 1228 524 fit
1249 502 1418 525 commune
1430 520 1438 534 ‚
1464 495 1497 527 in

130 553 197 587 quo
214 540 255 575 ab
271 543 308 574 iis
321 540 496 587 discrepent
513 567 522 581 ,
534 539 687 586 judicari3
709 551 767 573 nec
784 539 854 573 satis
874 551 984 574 earum
1006 551 1151 574 naturam
1175 537 1388 584 assequemur,
1407 538 1426 573 fi
1445 553 1496 574 eas

132 589 357 624 tantummodo
367 590 406 622 ad
419 587 579 622 machinas
591 616 600 631 ‚
618 600 672 622 aut
689 587 853 636 horologia
866 590 1037 636 exigamus.

163 639 257 672 Hanc
279 639 392 684 urique
409 639 494 671 viam
513 634 632 683 ubique
644 636 751 671 insistit
760 637 943 684 Augustinus
959 666 969 680 ,
988 648 1093 683 neque
1106 638 1131 669 is
1147 647 1243 684 negat
1260 664 1269 679 ‚
1300 647 1353 670 aut
1365 648 1422 670 nos
1445 637 1499 685 ipsi

129 684 309 721 inficiamur
330 683 460 731 cujusvis
474 686 617 720 animalis
635 697 746 733 corpus
763 684 986 720 admirabilem
1006 685 1066 720 ess'e
1095 685 1277 719 machinam
1297 683 1356 718 suis
1375 689 1499 732 organis

129 744 242 782 aptam
255 750 264 777 3
279 734 383 768 multa
397 732 439 767 ab
460 734 498 766 iis
517 732 586 767 fieri
602 735 679 767 citra
702 735 923 781 cognitionem
935 733 1054 768 ullam:
1078 745 1114 767 ut
1135 733 1236 767 multa
1251 745 1381 780 quoque
1395 736 1499 769 anima

130 782 237 816 nostra
250 781 366 825 efficit,
378 786 464 828 cujus
477 794 541 816 non
552 782 598 815 est
612 781 742 816 conscia.
764 784 856 818 Nutu
867 782 1000 828 quidem
1010 787 1043 817 &
1057 784 1195 829 imperio
1205 781 1380 816 voluntatis
1398 786 1431 817 &
1449 783 1497 816 lo-

129 841 232 876 quor,
243 835 277 866 δέ
294 829 397 864 scribo
411 857 420 871 ‚
441 834 473 865 &
485 828 641 872 ambulo3
659 828 710 863 sed
725 842 824 877 quem
848 829 889 863 ab
901 831 1011 865 animo
1019 840 1145 864 motum
1165 841 1218 864 aut
1243 831 1399 877 impetum
1418 834 1500 865 acci-

124 880 221 925 -piant
237 877 360 926 spiritus
372 907 381 920 ‚
396 882 429 914 &
440 879 551 921 nervi,
571 879 831 927 penitus—ignoro.
855 880 967 925 Qare
984 880 1204 926 cognitionem
1227 883 1261 914 &
1282 878 1501 915 mechanicam

130 928 269 973 partium
289 925 525 975 dispositionem
547 930 739 973 conjungere
753 939 884 974 oportet
900 954 909 968 ,
930 940 998 962 non
1017 939 1115 961 unam
1145 925 1186 960 ab
1211 926 1313 960 altera
1335 927 1496 962 divellere.

129 975 430 1009 Machinamentum
445 1001 452 1011 ‚
466 976 572 1022 inquit
587 973 714 1022 August.
734 975 774 1008 de
790 977 972 1021 quantitate
994 977 1105 1010 animae
1115 1004 1124 1018 ,
1139 973 1343 1023 configuratio
1359 977 1499 1020 quaedam

128 1026 266 1069 corporis
275 1033 411 1070 coaptat.
432 1021 556 1057 νει-ἐπι
566 1034 603 1056 ea
620 1035 686 1057 non
700 1022 766 1057 sola
779 1028 812 1059 &
827 1025 908 1058 citra
925 1025 1145 1072 cognitionem
1162 1023 1241 1058 fiunt
1260 1050 1269 1064 ,
1292 1034 1346 1061 aut
1360 1026 1500 1059 animam

131 1069 230 1117 ipsam
255 1070 425 1105 excludunt
441 1082 584 1105 :namur
598 1071 683 1105 idem
701 1070 843 1119 subjicit,
865 1070 902 1105 (θ’
926 1082 1003 1105 nutu
1016 1074 1145 1114 animae',
1161 1071 1199 1106 (ῥ’
1224 1083 1394 1104 nervorum
1421 1086 1500 1119 quo-

132 1119 208 1152 dam
217 1119 464 1152 machinamento
474 1146 482 1156 ,
502 1117 687 1167 &pondere
706 1122 843 1166 corporis
855 1118 1005 1163 confiunt.

163 1169 199 1201 In
216 1166 475 1201 conforrnatione
493 1167 593 1201 foetus
605 1167 706 1203 nullus
717 1168 847 1214 quidem
863 1167 909 1201 est
923 1170 1103 1216 cognitioni
1113 1167 1261 1202 locus:sed
1271 1180 1342 1202 cum
1356 1168 1500 1203 videmus

132 1226 244 1262 corpus
263 1214 372 1262 sponte
387 1213 436 1248 sua
454 1215 577 1262 ingredi
594 1243 604 1258 ,
618 1228 685 1262 quae
694 1215 754 1249 sibi
767 1228 845 1262 opus
860 1215 947 1258 sunt,
973 1227 1112 1262 quaerere
1132 1232 1142 1259 ς,
1157 1228 1229 1261 quae
1248 1218 1344 1250 noxia
1370 1215 1499 1263 fugere;

132 1263 200 1297 aliis
210 1261 333 1297 infidias
344 1264 456 1297 struere
470 1279 478 1305 3
493 1276 566 1297 cum
581 1263 651 1297 felis
663 1263 870 1298 tenebrosum
885 1262 990 1298 locum
1001 1275 1120 1311 captat,
1134 1262 1190 1297 ubi
1201 1263 1220 1298 a
1232 1277 1319 1298 mure
1329 1276 1425 1310 quem
1443 1277 1500 1298 ve-

132 1322 226 1346 natur
238 1312 434 1355 ‚videri‘non
449 1311 569 1358 possit‘,
584 1317 616 1348 &
627 1311 735 1346 iisdem
744 1311 866 1358 prorsus
878 1313 976 1345 utitur
984 1313 1110 1359 organis
1126 1340 1134 1353 ,
1149 1324 1219 1357 quae
1232 1313 1272 1345 ad
1293 1324 1340 1345 res
1365 1324 1447 1358 pene
1464 1312 1500 1346 si-

133 1358 225 1394 miles
251 1359 455 1402 adhibemus,
470 1371 510 1393 an
532 1358 697 1406 quisquam
721 1359 810 1393 bona
825 1358 888 1394 fide
910 1357 966 1392 fibi
992 1358 1191 1406 persuadebit
1205 1387 1214 1402 ‚
1241 1359 1308 1392 haec
1329 1365 1361 1395 ἃ
1375 1359 1501 1394 infinita.

133 1419 232 1454 prope
250 1419 320 1453 quae
335 1407 442 1440 nostris
453 1407 601 1453 qnotidie
615 1407 715 1441 oculis
728 1406 953 1445 obversantur,
974 1406 1157 1452 nonsniodo
1176 1409 1253 1442 citra
1268 1407 1364 1442 ullam
1389 1420 1499 1456 perce-

132 1457 280 1502 ptionem
290 1483 300 1498 ‚
321 1454 371 1488 sed
384 1456 481 1489 etiam
493 1456 573 1489 citra
590 1468 734 1491 omnem-
745 1455 864 1490 sensum
880 1454 943 1489 sola
960 1455 1113 1490 machinae
1136 1468 1326 1503 organorum
1350 1456 1499 1491 sttuCtura

133 1502 256 1551 perfici.

132 1563 135 1566 ’
168 1554 286 1597 Neque
306 1551 381 1586 illud
398 1564 509 1586 verum
520 1552 562 1586 est
573 1579 583 1594 ‚
595 1551 680 1598 quod
691 1551 880 1586 idemtidem
893 1550 1028 1587 afferunt
1039 1580 1048 1593 ,
1058 1550 1135 1586 nihil
1152 1554 1265 1586 animae
1279 1550 1498 1596 tribuendum‚

132 1604 218 1647 cujus
233 1599 298 1647 ipsa
307 1613 372 1634 non
386 1599 420 1634 sit
433 1599 557 1634 conscia
566 1629 576 1642 ,
589 1605 621 1636 &
635 1601 721 1645 quod
734 1613 800 1635 non
811 1602 939 1635 noverit
951 1601 990 1633 ad
1001 1599 1208 1645 sepertinere.
1222 1603 1398 1646 Loquimur
1411 1605 1498 1636 enirn

135 1647 337 1684 &scribimus
350 1677 358 1690 ,
374 1661 446 1682 cum
457 1647 626 1691 volumus,
646 1653 680 1684 &
699 1660 753 1683 eos
767 1660 873 1683 motus
895 1651 1002 1683 anima
1013 1646 1130 1689 efficit·,
1161 1660 1224 1695 qua
1242 1661 1350 1683 autem
1375 1652 1498 1685 ratione

135 1697 158 1729 ii
174 1695 271 1739 fiant,
283 1699 405 1744 penitus
423 1699 549 1744 ignorat
565 1713 573 1739 3
592 1697 770 1731 dummodo
797 1697 837 1731 de
858 1695 920 1732 fine
935 1703 968 1734 δέ
993 1699 1182 1732 executione
1200 1699 1245 1731 rei
1268 1696 1419 1731 faciendae
1443 1699 1498 1732 vel

136 1747 306 1779 minimum
329 1748 467 1793 cogitet,
483 1745 587 1780 statim
616 1757 726 1780 ornnes
746 1745 899 1780 machina:
913 1757 1009 1788 rotas,
1023 1757 1100 1792 quas
1117 1758 1181 1779 non
1200 1747 1299 1793 magis
1323 1745 1497 1793 perspectas

136 1791 236 1826 habet
251 1821 259 1834 ‚
276 1805 373 1839 qnam
383 1804 490 1827 motus
502 1793 601 1841 ips05,
614 1793 655 1827 ad
667 1794 826 1842 agendum
836 1794 973 1841 impellit
983 1823 991 1836 ‚
1004 1799 1037 1830 &
1048 1794 1250 1829 determinat.
1268 1795 1356 1828 Hinc
1371 1794 1499 1841 pulchre

137 1842 221 1888 Aug.
237 1840 255 1873 l.
269 1855 295 1876 2.
306 1842 345 1874 de
354 1842 519 1885 ordine‚ex
536 1854 567 1875 eo
579 1854 633 1875 nos
645 1854 768 1887 quoque
781 1845 872 1876 certis
883 1840 1121 1887 dimensionibus
1135 1869 1144 1879 ,
1166 1842 1203 1876 ὠ
1219 1844 1340 1875 ratione
1357 1842 1497 1890 lingnam

136 1888 281 1923 dentibus
292 1889 329 1923 &⁶
338 1891 448 1937 palato
466 1890 729 1924 accommodamus
742 1917 752 1931 ‚
765 1900 800 1923 nt
819 1902 858 1923 ex
869 1902 920 1923 ore
930 1891 1024 1922 literae
1038 1901 1074 1922 ac
1091 1888 1189 1923 verba
1197 1900 1401 1938 prorumpam
1414 1905 1423 1923 :
1441 1903 1493 1924 nec

139 1947 243 1970 tamen
256 1940 426 1985 cogitamus
444 1950 510 1971 cum
528 1939 694 1983 loquimur,
712 1950 771 1983 quo
782 1948 868 1971 motu
885 1940 946 1971 oris
963 1937 998 1970 id
998 1938 1106 1981 facere
1125 1936 1302 1972 debeamus.
1323 1937 1422 1972 Paulo
1437 1950 1495 1972 aii-

141 1995 173 2018 te
190 1985 330 2021 dixerat:
349 1987 424 2019 Non
434 1997 504 2033 ergo
517 1986 675 2030 numerosa
680 1983 829 2030 faciendo
843 1986 914 2031 ,sed
930 1997 1072 2019 numeros
1084 1984 1283 2034 cognoscendo
1307 1986 1416 2019 melior
1425 1988 1497 2031 fimi

141 2030 261 2074 bestiis:>
277 2032 334 2067 ubi
348 2036 479 2068 innuere
491 2034 617 2068 videtur
633 2045 732 2080 opera
743 2034 875 2080 quidem
889 2032 1110 2076 rationabilia,
1126 2046 1199 2080 quae
1211 2032 1376 2068 numerosa
1392 2046 1496 2076 vocat,

140 2079 160 2114 ἐι
173 2078 272 2114 brutis
287 2081 354 2116 fieri
366 2111 376 2125 ,
398 2094 531 2129 quorum
550 2084 689 2116 rationes
711 2095 778 2117 non
802 2082 1014 2130 perspiciunt:
1033 2093 1099 2116 tum
1118 2081 1297 2130 subjungit,
1323 2092 1358 2115 at
1375 2081 1420 2115 m'e
1439 2095 1511 2115 non¹

141 2127 234 2160 aliud
244 2131 345 2176 pecori
361 2132 509 2177 praeponit
520 2130 577 2174 nist
590 2130 674 2176 quod
691 2131 846 2164 rationale
862 2132 983 2164 animal
992 2132 1067 2170 sum.
1088 2133 1200 2177 Iraque
1214 2143 1279 2164 non
1302 2128 1399 2163 sensus
1414 2158 1427 2168 ,,
1443 2142 1498 2164 aut

142 2178 298 2222 cognitio,
311 2177 360 2212 sed
371 2180 452 2212 ratio
464 2177 526 2212 sola
536 2191 593 2212 nos
606 2177 625 2212 ἐι
641 2177 745 2212 bestiis
758 2178 900 2214 secernit.
915 2182 952 2213 In
972 2178 1053 2212 libro
1068 2179 1106 2212 de
1117 2180 1295 2224 quantitate
1314 2180 1428 2212 anima:
1450 2190 1499 2211 ra„

143 2224 307 2258 tiocinium
316 2227 477 2271 quoddam
488 2225 666 2261 infantibus
679 2231 712 2262 &
731 2226 830 2260 brutis
840 2227 944 2274 largiri
955 2227 1079 2260 videtur
1092 2253 1099 2263 ,
1117 2226 1166 2259 sed
1181 2227 1353 2268 rationem,
1372 2238 1442 2273 quae
1452 2227 1497 2260 est

144 2269 228 2316 quasi
250 2274 404 2306 ratiocinii
419 2273 489 2308 finis
504 2302 512 2312 ,
543 2277 598 2310 uni
617 2275 742 2308 homini
758 2275 915 2309 concedit.
940 2276 1020 2308 Cum
1036 2276 1115 2308 ratio
1130 2302 1138 2315 ,
1156 2275 1278 2321 inquit,
1307 2274 1353 2317 fit
1367 2275 1496 2319 qnidam

145 2323 256 2352 mentis
266 2321 409 2368 aspeffus.
429 2325 468 2355 Et
478 2322 581 2358 infra:
596 2325 805 2356 Ratiocinatio
813 2334 916 2356 amem
926 2322 964 2366 est
974 2324 1103 2356 rationis
1120 2324 1208 2368 inqui
1205 2322 1277 2367 fitio
1296 2349 1300 2356 ,
1316 2321 1354 2357 id
1366 2322 1405 2366 est
1414 2325 1497 2370 aspe-

147 2368 211 2401 ἑῖιις
226 2368 313 2402 illius
326 2395 335 2408 ‚
347 2378 402 2415 per
415 2381 451 2402 ea
463 2382 525 2416 quae
533 2371 790 2419 aspiciendafimt
808 2399 817 2410 ,
836 2374 938 2408 motio.
957 2372 1061 2417 Qare
1075 2370 1132 2415 ista
1154 2380 1227 2418 opus
1245 2369 1284 2413 est
1300 2371 1344 2404 ad
1357 2383 1494 2415 quaeren-

304 2417 393 2455 Tom.
418 2418 444 2451 Ι.
1261 2420 1293 2451 Ii
1306 2420 1334 2451 ii
