1857 2745
516 113 557 149 M
582 111 725 148 ORA
749 112 882 150 ΕΓΒ(
939 114 948 118 “
1352 126 1419 158 ςςτγ

33 166 121 206 altus
133 164 174 200 ad
186 174 287 212 quem
303 162 456 200 voluntas
480 162 544 197 sese
561 162 758 196 determinat
770 191 779 205 ‚
803 162 1058 211 independenter
1066 162 1108 197 ab
1125 165 1217 199 omni
1229 163 1411 198 alia-detes.

30 217 221 254 minatione.
247 214 349 260 Hujus
372 215 406 248 vi
423 211 579 260 quidquid
598 212 627 245 ei
647 210 847 254 adversatur,
867 214 1003 247 omnino
1020 213 1207 261 refugimus,
1239 215 1292 247 Sic
1318 224 1411 246 amor

28 263 138 312 gloriae
148 262 317 297 infamiam
329 289 338 305 ,
352 261 510 296 libertatis
521 272 612 294 amor
629 272 763 294 omnem
777 261 861 308 fugit
873 259 1060 296 servitutem
1074 278 1083 304 ς
1103 274 1193 296 amor
1208 263 1274 296 Dei
1288 261 1414 309 cupidi-

32 323 134 349 tatem
145 310 247 360 pellit.
261 309 458 358 Ubicunque
468 310 593 345 bonurn
609 307 691 343 illud
700 337 710 352 ,
722 313 807 356 cujus
820 307 976 343 defiderio
989 310 1156 359 flagramus
1167 340 1176 354 ‚
1192 312 1331 345 occurrit
1344 339 1353 352 ‚
1370 321 1412 343 eo

31 359 368 407 impellimummedia*
375 359 463 407 hujus
477 357 696 394 consecutioni
706 359 798 392 utilia
809 360 842 393 vi
852 358 935 393 illius
953 361 1070 393 amoris
1087 387 1096 401 ‚
1113 364 1147 395 &
1159 358 1199 393 eo
1219 360 1331 406 magis,
1345 357 1413 406 quo

32 409 128 445 nobis
140 409 288 443 videntur
296 421 350 442 ma
373 410 397 441 is
408 409 536 451 idonea,
546 405 787 455 prosequimur:
802 407 842 441 ad
861 407 926 443 haec
935 410 1048 455 utique
1061 420 1152 442 amor
1166 407 1221 442 ille
1232 406 1301 442 finis
1313 419 1411 453 quem

31 457 182 506 eligimus
197 485 207 500 ‚
226 468 283 491 nos
302 421 439 492 infigeffit
453 472 461 493 ε
478 469 552 491 cum
569 458 594 489 is
613 454 633 491 ὲ
653 455 1042 492 nullositdeterminatus.
1061 458 1151 491 Nam
1164 468 1255 491 amor
1266 454 1414 490 elsentia-

31 505 72 545 lis
83 518 151 553 quo
163 517 276 541 natura
296 505 481 555 intelligens
494 511 527 543 &
538 503 599 541 effe
611 533 620 548 ‚
639 509 672 541 &
686 506 797 539 vivere
809 534 820 548 ,
837 510 872 541 &
886 504 1079 553 cognoscere
1091 517 1162 552 quae
1177 505 1341 540 delectant
1350 533 1360 548 ‚
1381 510 1414 540 ἃ

33 566 146 603 pacata
160 553 220 589 effe
239 566 385 602 exoptat,
398 555 438 589 ad
451 568 551 590 unum
569 556 675 602 potius
688 582 697 596 ‚
716 553 815 600 quam
828 554 925 588 alium
940 553 1039 590 finem
1049 553 1271 602 particularem
1286 565 1344 587 nos
1359 554 1416 587 de-

33 605 205 638 terminare
223 605 346 650 nequit.
364 606 459 639 Serus
474 615 587 638 omnes
601 602 750 637 homines
767 602 898 638 eosdem
910 601 966 637 fibi
976 602 1055 638 fines
1068 603 1302 651 praestituerent
1316 616 1323 636 :
1341 615 1414 636 cum

31 654 66 687 in
83 650 232 687 omnibus
247 652 370 688 e‘aedem
385 651 443 687 fint
455 655 570 687 innatae
586 650 812 700 propensiones
826 679 835 694 ‚
863 651 961 686 iidem
983 664 1110 686 amores
1126 650 1315 687 essentiales.
1336 652 1414 685 Haec

33 702 146 746 utique
162 701 258 746 paulo
269 703 446 736 accuratius
466 714 504 735 ex
515 704 576 736 viri
590 698 765 734 doetiffimi
788 698 1007 736 differtatione
1029 701 1201 748 decerpere
1225 699 1386 734 voluimus
1406 727 1415 742 ‚

30 747 120 798 quod
136 748 210 785 hinc
218 751 386 785 actionum
403 750 618 787 humanarum
630 750 813 784 oeconomia
823 762 892 786 non
905 749 1264 787 mediocriterillustrari
1281 746 1382 798 possit-

485 849 866 888 A'RTI-CULUS
912 853 968 887 11.

255 948 311 981 De
327 945 447 982 ambus
467 948 648 982 votumntis
665 960 728 996 quae
749 950 832 984 circa
855 949 962 983 media
980 958 1184 998 occupantur.

31 1041 119 1125 Α
131 1044 227 1090 Tque
239 1043 307 1078 haec
324 1043 365 1076 de
379 1042 504 1077 actibus
523 1043 703 1078 voluntatis
714 1046 772 1090 qui
786 1046 867 1078 circa
879 1044 977 1079 finem
989 1056 1195 1092 occupantur.
1209 1045 1290 1079 Tres
1303 1043 1418 1078 itidem

132 1091 382 1135 iuut,nimirum
392 1090 573 1135 consensus,
593 1091 713 1126 electio
731 1121 740 1135 ‚
760 1098 794 1129 &
811 1091 878 1126 usus
892 1122 901 1136 ,
924 1095 980 1141 qui
1009 1095 1091 1127 circa
1105 1093 1237 1135 media,
1261 1090 1313 1125 seu
1330 1091 1418 1126 bona

31 1140 125 1175 milia
136 1140 309 1176 versantur.
328 1141 452 1176 Primus
475 1140 520 1174 est
537 1140 714 1175 voluntatis
732 1140 898 1176 consensus
912 1170 922 1185 ,
942 1154 1040 1188 quem
1059 1170 1068 1183 ‚
1090 1153 1126 1176 ut
1142 1143 1236 1175 initio
1253 1141 1389 1174 diximus
1408 1168 1418 1183 ,

32 1189 210 1224 voluntatis
229 1191 362 1223 nomine
379 1200 505 1222 veteres
523 1189 684 1225 interdum
711 1188 774 1224 defi
784 1203 922 1227 rnatuut.
951 1190 998 1226 Est
1018 1193 1107 1225 enim
1127 1189 1258 1238 simplex
1270 1195 1304 1226 δε
1316 1191 1418 1224 mini.

32 1249 87 1272 me
105 1236 217 1273 efficax
229 1236 308 1273 boni
325 1236 411 1272 utilis
429 1236 563 1273 affectus
575 1267 585 1281 ‚
604 1251 657 1273 aut
677 1204 918 1287 complacentia
935 1254 944 1281 ς
968 1238 1020 1273 vel
1039 1240 1086 1273 est
1104 1240 1193 1274 aestus
1210 1237 1386 1273 voluntatis
1405 1267 1416 1281 ,

32 1298 99 1332 quo
108 1287 215 1321 media
228 1285 269 1321 ab
279 1285 444 1322 intellectu
456 1286 618 1336 proposita
630 1287 835 1335 comprobat.
853 1288 968 1324 Nullus
985 1300 1083 1336 porro
1094 1289 1137 1322 est
1152 1287 1326 1323 voluntatis
1341 1299 1420 1322 con-

32 1333 135 1370 sensus
150 1363 160 1377 ,
184 1347 281 1382 quem
291 1334 510 1370 finisintentio
521 1350 585 1370 non
598 1337 767 1382 praecedat.
780 1338 882 1384 Qiod
899 1339 986 1371 enim
1001 1336 1080 1370 utile
1099 1338 1143 1371 est
1155 1366 1163 1379 ,
1183 1348 1318 1371 omnem
1337 1335 1417 1370 boni

32 1385 193 1418 rationem
213 1384 233 1419 a
247 1382 310 1418 fine
320 1395 479 1418 mutuatur
494 1397 501 1418 :
520 1385 617 1431 idque
628 1385 774 1419 medium
793 1387 907 1420 dicitur
919 1413 929 1427 ,
946 1384 1033 1432 quod
1052 1387 1135 1419 inter
1143 1387 1372 1419 intentionem
1384 1391 1417 1422 &

34 1432 223 1467 fruitionem
237 1459 247 1474 ,
265 1431 407 1466 :seu-finis
429 1431 521 1479 ipsius
536 1431 758 1480 posseffionem
773 1435 882 1468 medio
896 1433 987 1467 velut
999 1433 1073 1466 loco
1085 1432 1220 1480 positum
1244 1431 1289 1466 fit.
1326 1433 1419 1467 'Cum

35 1482 162 1514 unicum
176 1481 219 1514 est
235 1509 244 1522 ,
266 1494 336 1515 non
349 1480 429 1515 utile
446 1482 564 1522 modo,
592 1480 643 1515 sed
661 1483 761 1515 etiam
771 1480 979 1517 necessarium
998 1480 1148 1517 habetur.
1164 1482 1226 1515 Sed
1240 1479 1314 1515 cum
1333 1481 1418 1516 mul-

36 1539 68 1562 ta
88 1529 129 1562 ad
149 1528 246 1563 finem
261 1529 352 1563 utilia
362 1537 602 1576 proponuntur,
629 1527 748 1577 singula
765 1530 967 1566 voluntatem
990 1529 1131 1564 afficiunt
1150 1529 1293 1576 quodam
1308 1530 1418 1565 modo:

31 1580 186 1624 quamvis
197 1589 234 1611 ea
249 1590 346 1612 unum
357 1577 426 1611 aliis
451 1591 515 1612 non
539 1590 727 1625 anteponat,
748 1582 862 1626 ltaque
880 1591 938 1627 per
956 1577 1141 1612 consensum
1157 1577 1311 1613 voluntas
1329 1581 1362 1613 in
1375 1581 1420 1613 rei

35 1624 184 1660 bonitate
198 1655 208 1668 ,
227 1638 261 1661 ut
275 1626 317 1660 ab
330 1625 497 1661 intellectu
508 1629 699 1675 proponitur
711 1656 719 1669 ‚
729 1627 901 1674 acquiescit
917 1625 1059 1671 3tanietli
1078 1629 1109 1661 in
1123 1626 1213 1660 illam
1224 1625 1344 1661 efficaci
1359 1639 1418 1675 ap-

33 1676 141 1722 petitu
152 1675 296 1709 nondum
310 1675 409 1709 fertur
424 1704 432 1718 ,
453 1687 558 1722 eaque
574 1678 655 1710 circa
673 1678 720 1709 rei
733 1676 898 1724 propofirae
908 1678 1083 1726 imaginem
1093 1676 1198 1723 potius
1213 1703 1221 1717 ‚
1234 1680 1269 1711 δέ
1288 1674 1418 1710 bonita-

38 1733 104 1757 tem
119 1735 154 1757 ut
170 1722 352 1770 praesentem
371 1723 510 1757 versatur
522 1753 532 1767 ‚
552 1724 652 1770 quum
664 1736 757 1759 motu
775 1723 1134 1772 efficaciinremipsam
1153 1724 1420 1771 propendeat:ac

38 1769 117 1819 saepe
133 1770 257 1805 bonum
269 1771 346 1805 illud
358 1770 410 1804 fiib
422 1784 482 1805 una
497 1775 622 1806 ratione
637 1772 742 1820 placet
751 1774 914 1808 voluntati
931 1802 940 1816 ,
958 1772 1011 1807 sub
1025 1773 1086 1807 alia
1101 1772 1254 1820 displicet.

34 1852 38 1853 γ
69 1820 132 1854 Sed
148 1819 204 1853 ubi
218 1831 254 1854 ex
267 1819 375 1853 multis
389 1832 459 1865 quae
482 1820 522 1853 ad
534 1821 672 1855 eundem
691 1819 791 1856 finem
801 1821 982 1869 conspirant
993 1822 1216 1863 mediis‚unum
1233 1819 1326 1854 alteri
1338 1833 1421 1867 prae-

38 1870 200 1916 ponitur,
228 1879 295 1902 tum
314 1867 433 1903 electio
450 1868 510 1902 dici
527 1868 608 1903 solet
619 1898 628 1911 ,
645 1882 710 1904 non
725 1881 760 1904 re
774 1898 784 1913 ,
808 1869 860 1904 sed
879 1872 1006 1904 ratione
1021 1870 1044 1904 {z
1059 1867 1210 1904 consensu
1220 1868 1302 1915 'saepe
1318 1869 1423 1903 diver-

37 1916 69 1953 sa
88 1931 96 1951 ε
117 1929 191 1952 cum
209 1930 309 1952 unum
328 1917 373 1951 est
389 1916 428 1950 ad
449 1915 519 1951 finis
537 1918 748 1964 adeptionem
765 1918 844 1953 utile
866 1947 876 1961 ,
902 1930 976 1953 turn
998 1917 1102 1953 nullus
1121 1917 1168 1951 est
1193 1916 1422 1952 deliberationi

39 1965 136 2000 locus.
148 1965 272 2002 Eleffio
287 1965 478 2013 plerumque
493 1965 601 2000 latiori
618 1965 795 2015 significatu
808 1967 937 2002 sumitur
951 1978 1010 2014 pro
1026 1968 1231 2014 appetitione
1244 1967 1335 2000 omni
1350 1978 1422 2013 quae

39 2013 310 2050 consultationem
320 2014 542 2060 consequitur,
563 2028 698 2062 quaeque
707 2017 790 2050 circa
807 2015 991 2050 eaversatur
1004 2044 1013 2058 ‚
1031 2028 1102 2062 quae
1111 2014 1183 2049 sunt
1198 2015 1347 2050 innostra
1363 2028 1422 2062 po-

41 2063 173 2105 testate,
193 2074 326 2110 tumque
338 2063 386 2096 est
398 2065 484 2097 aetus
501 2062 659 2098 libertatis
676 2078 683 2098 :
706 2070 790 2114 cujus
802 2064 971 2113 objectum
984 2064 1027 2098 est
1042 2065 1073 2097 id
1094 2076 1194 2098 omne
1213 2064 1299 2110 quod
1312 2066 1346 2098 in
1366 2064 1424 2098 de-

37 2109 273 2146 liberationem
287 2114 387 2147 venit.
401 2114 444 2146 At
454 2111 474 2146 fi
484 2124 519 2146 ea
538 2112 694 2147 strictiore
711 2118 744 2149 &
759 2116 858 2162 magis
869 2115 1000 2162 proprio
1016 2111 1190 2160 significatu
1209 2113 1425 2159 accipitui·,est

41 2161 128 2193 acrio
148 2160 321 2195 voluntatis
347 2173 411 2206 qua
444 2173 483 2195 ex
495 2160 602 2195 multis
627 2162 740 2195 mediis
769 2161 810 2196 ab
836 2162 1003 2197 intellectu
1023 2160 1189 2209 propositis
1210 2173 1310 2194 unum
1341 2161 1422 2195 alte-

43 2209 70 2241 ri
86 2209 282 2252 antefertur,
301 2210 435 2257 estque,
454 2221 490 2244 ut
504 2211 644 2245 diximus
664 2239 673 2253 ‚
701 2210 876 2260 syllogismi
898 2212 1059 2260 operativi
1075 2239 1084 2253 ,
1113 2208 1165 2244 seu
1186 2209 1319 2257 practici
1337 2209 1424 2245 velut

45 2255 214 2291 conclusio.

80 2306 280 2350 Quanquam
292 2317 333 2341 ex
354 2306 426 2341 finis
439 2307 529 2355 ipsius
542 2320 673 2350 amore,
687 2308 865 2344 voluntatis
877 2309 994 2343 electio
1013 2336 1022 2350 ‚
1047 2320 1101 2342 aut
1123 2310 1216 2343 unius
1236 2320 1297 2356 prae
1323 2307 1425 2342 altero

40 2356 223 2402 acceptatio
241 2355 359 2393 oriatur
374 2370 381 2391 :
399 2367 510 2392 tamen
534 2369 624 2393 amor
638 2356 693 2392 ille
709 2356 778 2395 finis
791 2360 901 2395 nonis
916 2357 960 2391 est
980 2359 1034 2404 qui
1051 2356 1254 2392 voluntatem
1270 2356 1427 2393 infallibi-

1110 2408 1136 2441 A
1153 2418 1170 2440 a
1184 2419 1201 2440 a
1225 2408 1256 2453 iij
