1857 2745
582 111 623 147 M
638 111 673 148 Ο
687 108 719 147 R
736 111 765 148 A
782 109 810 147 L
826 111 844 147 1
859 111 892 150 s.
1380 120 1435 150 239

36 162 131 198 -dium
144 160 185 196 ad
199 159 298 198 finem
315 160 424 204 ducit,
444 158 479 194 id
499 157 621 196 bonum
634 160 700 197 est:
718 159 772 196 sed
793 159 873 195 illud
884 172 959 200 ,non
974 159 1020 195 est
1040 158 1137 200 finis,
1155 167 1229 193 cum
1252 167 1386 207 propter
1402 155 1433 191 se

41 222 108 249 non
118 221 157 246 ex
182 222 310 248 etatut:
335 221 369 245 er
392 221 487 246 onon
505 221 604 246 omne
624 208 749 246 bonum
766 210 809 245 est
827 208 912 248 finis.
1359 206 1362 210 ⁴

79 221 233 306 confirm.
243 258 353 296 Multa
367 223 440 293 fiunt
452 260 526 295 adtu
539 258 625 295 bona
634 287 644 304 ‚
664 272 735 308 quae
745 261 824 295 adiu
839 272 912 295 -non
925 259 1128 307 expetimus:
1147 259 1218 293 imo
1229 259 1321 294 Deus
1343 257 1408 307 ipse
1422 287 1431 302 ,

39 308 94 356 qui
107 307 154 343 est
165 307 324 345 summum
337 307 482 353 bonurn,
508 308 681 356 aliquando
703 320 739 344 ut
766 307 838 344 finis
854 321 922 345 non
937 309 1098 356 expetitur
1117 321 1126 344 ε
1147 319 1219 343 curn
1232 318 1370 356 peccans
1387 305 1430 342 ab

39 368 80 392 eo
94 357 261 402 deflectat,
281 360 360 395 &in
375 369 451 394 eum
468 370 535 395 non
552 359 664 394 tendat
681 370 782 409 :ergo
793 358 885 408 quod
896 358 970 395 aiku
985 356 1030 394 est
1045 355 1168 394 bonurn
1186 384 1199 400 ,
1218 368 1287 392 non
1304 355 1431 406 semper

36 407 110 442 austu
132 406 178 442 est
195 407 281 444 finis.
1198 438 1201 443 v

74 455 272 504 Qanquam
280 469 349 493 non
367 455 549 493 inficiamur
561 484 572 500 ,
597 468 696 494 omne
714 457 802 506 quod
817 455 943 497 bonum
960 455 1005 491 est
1021 483 1032 498 ‚
1050 455 1258 504 poste-expeti
1272 465 1306 490 ut
1321 453 1432 492 finem:

35 502 90 539 sed
101 515 210 540 tamen
232 519 298 542 non
316 504 441 554 semper
454 508 529 543 aetu
540 507 574 541 id
589 509 782 557 appetimus.
806 508 926 554 Sicque
944 505 1132 541 Aristoteles
1146 503 1285 552 intelligi
1304 502 1404 540 debet
1415 534 1429 547 ,‚

37 564 110 587 cum
118 552 245 591 bonum
263 560 298 592 δε
315 554 414 592 finem
424 568 522 591 unum
536 561 571 593 &
585 558 672 591 idem
688 556 750 592 effe
765 555 873 592 tradit.
897 556 987 592 Nam
1005 552 1132 590 bonum
1143 582 1154 598 ,
1173 564 1210 588 ut
1221 555 1334 597 aiunt,
1359 566 1429 588 ma-

37 602 193 648 terialiter
206 603 368 654 sumptum
386 610 420 642 δε
436 603 509 640 finis
520 606 606 641 idem
620 605 692 641 sunt
706 623 715 650 3
728 605 884 653 quodque
906 604 949 638 est
964 602 1089 639 bonum
1104 631 1114 647 ,
1137 603 1170 638 id
1186 601 1291 651 potest
1306 600 1430 637 habere

34 652 196 688 rationem
209 652 298 691 finis:
311 653 365 689 sed
376 653 542 703 utriusque
553 654 679 692 boni&
694 654 765 691 finis
774 667 842 690 non
852 653 968 691 eadem
984 653 1028 690 est
1039 654 1126 688 ratio
1136 680 1148 698 ,
1161 663 1269 700 neque
1285 651 1318 686 id
1329 664 1429 688 omne

35 700 125 748 quod
135 703 209 738 actu
221 703 264 738 est
277 702 399 738 bonum
410 733 419 747 ‚
435 704 522 738 idem
545 715 581 739 ut
599 704 670 739 finis
684 705 856 752 expetitur.

70 750 153 799 Opp.
164 752 286 787 Bonum
297 752 377 786 utile
388 764 519 800 propter
531 751 561 788 se
573 754 735 802 appetitur
752 781 763 796 ‚
773 763 899 801 nempe
916 761 1050 801 propter
1067 750 1152 787 suam
1164 749 1351 785 bonitatem
1365 765 1374 793 3
1389 746 1428 783 fic

33 801 169 846 pecunia
183 828 193 843 ,
211 803 287 848 quia
300 801 514 850 indigentiam
531 801 640 845 tollit-,
658 802 867 851 pharmacum
878 830 889 844 ,
908 803 983 849 quia
1000 805 1069 837 vim
1087 799 1188 835 habet
1197 798 1328 833 sanandi
1341 827 1351 841 ‚
1368 810 1427 832 ex-

32 849 100 896 peti
116 847 214 885 solet:
230 862 308 899 ergo
327 848 452 886 bonum
472 850 552 886 utile
566 850 666 886 habet
683 854 844 886 rationem
858 849 930 888 finis
944 878 953 893 ,
974 861 1031 884 aut
1048 852 1095 884 rei
1110 847 1211 899 perse
1228 846 1424 895 expetibilis.

64 897 104 932 R.
121 897 205 942 Dist.
217 909 286 936 ant.
298 901 424 934 Bonum
433 900 512 935 utile
548 911 657 947 topter
666 899 852 934 bonitatem
872 899 957 934 suam
971 899 1141 933 relativam
1152 898 1317 945 appetitur
1326 924 1336 938 ,
1347 898 1425 942 quia

33 945 120 980 ducit
127 946 167 980 ad
181 945 280 981 finem
290 976 300 991 ‚
319 947 360 986 C.
374 960 505 996 propter
522 912 709 983 bonitatem
722 945 923 990 absolutam,
941 949 986 984 N.
1001 949 1053 981 Sic
1067 948 1198 995 pecunia
1209 945 1313 994 potest
1322 944 1426 980 habe-

32 1006 67 1029 re
76 996 235 1029 rationem
252 995 343 1038 finis,
367 999 446 1030 utin
462 1008 579 1032 avaro:
602 1008 736 1043 tumque
754 1009 822 1031 non
839 996 972 1043 amplius
989 1007 1025 1030 ut
1043 994 1167 1030 bonum
1184 993 1263 1029 utile
1282 1022 1292 1036 ,
1317 993 1370 1027 sed
1389 1005 1425 1028 ut

29 1043 202 1094 jucundum
211 1042 372 1092 spectatur
388 1058 396 1080 :
413 1044 502 1092 quod
515 1043 636 1078 scilicet
652 1044 861 1092 cupiditatem
877 1043 1012 1090 repleat.
1023 1043 1086 1077 Sed
1099 1043 1231 1090 quando
1244 1040 1309 1075 sola
1327 1053 1426 1088 pecu-

31 1093 92 1127 niae
107 1089 266 1140 spectatur
285 1092 406 1128 utilitas
422 1121 433 1136 ,
461 1105 530 1130 tum
552 1105 613 1129 nec
633 1091 705 1132 finis
721 1093 785 1136 est,
805 1103 866 1128 nec
875 1090 1062 1127 bonitatem
1093 1088 1194 1126 habet
1218 1088 1398 1124 absolutam
1417 1104 1425 1123 τ

32 1141 106 1188 quia
121 1153 178 1189 pet
195 1141 226 1176 se
243 1155 311 1177 non
330 1144 502 1190 expetitur.

68 1191 192 1224 Contra
203 1192 338 1237 inquies.
357 1194 481 1226 Bonum
496 1191 578 1226 utile
593 1203 727 1227 omnem
743 1190 832 1227 suam
852 1189 1038 1226 bonitatem
1055 1189 1076 1226 ὲ
1096 1188 1161 1227 fine
1179 1191 1299 1238 repetit
1317 1203 1325 1224 ε
1347 1201 1425 1238 ergo

33 1237 155 1274 nullam
168 1238 268 1275 habet
281 1238 338 1275 fibi
351 1242 513 1290 propriam
522 1240 718 1278 bonitatem.

73 1287 112 1323 R.
122 1289 209 1336 Neg.
221 1300 323 1328 antec.
342 1292 430 1327 Nam
443 1301 499 1325 aut
515 1290 689 1339 pharmaco
699 1320 710 1335 ,
734 1300 789 1325 aut
806 1290 950 1338 pecuniae
966 1288 1015 1325 sua
1029 1290 1073 1325 est
1086 1288 1217 1325 bonitas
1234 1316 1244 1331 ,
1271 1287 1325 1322 sed
1340 1286 1423 1322 rela-

35 1339 101 1372 tiva
110 1336 269 1421 adfinem.
294 1340 395 1388 Qod
407 1338 428 1375 fi
449 1341 538 1377 enirn
552 1339 637 1375 nulla
657 1339 833 1389 pharmaco
847 1341 895 1375 vis
912 1337 984 1375 infit
1002 1341 1132 1389 propria
1148 1367 1161 1383 ‚
1186 1336 1303 1374 frustra
1322 1349 1421 1373 unum

33 1397 94 1433 prae
120 1398 138 1420 a
151 1399 184 1421 io
212 1400 230 1422 e
245 1400 348 1438 1g1tut-

617 1439 707 1472 I-‘im’s
726 1434 852 1483 dbvs'sio.

30 1534 202 1622 NUnc
210 1532 390 1582 quotuplex
399 1533 433 1568 fit
450 1534 522 1569 finis
535 1563 543 1576 ‚
561 1533 705 1568 brevitet
720 1533 953 1582 explicandum.
968 1532 1078 1578 Atque
1091 1541 1126 1566 ut
1134 1542 1186 1564 eas
1200 1542 1270 1578 quae
1280 1530 1320 1564 ad
1330 1530 1422 1565 insti·

129 1594 232 1619 tutum
246 1583 387 1617 nostrum
407 1597 472 1619 non
492 1585 672 1631 pertinent,
689 1581 860 1618 divisiones
878 1582 1068 1617 omittamus
1082 1608 1092 1623 ‚
1107 1582 1208 1628 prima
1227 1584 1260 1617 &
1280 1582 1420 1614 maxime

27 1633 142 1669 usitata
151 1632 212 1675 est,
230 1632 328 1678 quam
337 1631 415 1666 alibi
429 1632 591 1667 attulimus
601 1660 610 1675 ‚
624 1633 657 1666 in
667 1630 768 1667 finem
778 1635 868 1676 cujus
880 1632 999 1680 gratia,
1014 1627 1052 1663 ἄν
1060 1627 1159 1673 finem
1168 1630 1237 1663 cui:
1248 1627 1303 1663 ille
1319 1631 1420 1663 etiam

32 1681 104 1718 finis
118 1684 175 1730 qui
187 1680 269 1715 solet
288 1684 425 1717 vocitari
439 1695 446 1717 ε
470 1682 513 1716 est
523 1683 610 1716 enim
625 1680 658 1714 id
675 1680 762 1728 quod
773 1679 869 1728 perse
885 1679 1052 1727 expetitur
1069 1690 1077 1712 τ
1094 1688 1130 1711 ut
1147 1675 1263 1712 sanitas
1283 1677 1331 1712 est
1349 1676 1422 1712 finis

31 1735 89 1778 qui
101 1761 111 1775 ,
129 1730 304 1766 medicinae.
321 1733 404 1766 Finis
425 1733 474 1765 cm·
488 1730 534 1765 est
547 1729 679 1778 persona
696 1728 761 1777 ipsa
774 1731 808 1764 in
829 1733 914 1776 cujus
933 1726 1141 1763 commodum
1168 1725 1256 1761 cedit
1279 1726 1311 1760 id
1332 1726 1422 1773 quod

31 1782 202 1828 quaeritut3
224 1778 326 1826 ipsum
349 1778 428 1817 veto
447 1779 656 1815 commodum
668 1807 678 1823 ,
696 1778 785 1829 quod
802 1778 898 1816 nobis
917 1776 972 1813 vel
995 1775 1066 1810 aliis
1080 1774 1228 1810 volumus
1242 1804 1252 1820 ‚
1278 1775 1326 1809 est
1349 1774 1421 1810 finis

29 1832 121 1871 cnjus
139 1830 262 1878 gratia.

67 1879 150 1912 Finis
162 1880 281 1912 iterum
295 1875 337 1910 est
354 1875 473 1925 duplex
489 1905 498 1920 ,
516 1875 699 1926 objt’fflvus
712 1886 832 1924 nempe
855 1879 890 1911 &
913 1873 1070 1910 formalis,
1085 1871 1144 1907 Ille
1162 1871 1245 1908 nihil
1262 1872 1310 1907 est
1335 1871 1423 1905 aliud

33 1925 88 1962 nisi
104 1938 153 1962 tes
171 1926 235 1975 ipsa
244 1938 342 1973 quam
359 1925 510 1973 consequi
523 1926 692 1969 volumus,
711 1936 747 1960 ur
755 1924 895 1973 pecunia
909 1924 953 1958 est
973 1923 1045 1960 finis
1055 1920 1237 1974 obJ'estivus
1254 1922 1343 1956 avari
1361 1936 1370 1963 3
1385 1919 1424 1955 il·

32 1974 92 2010 lius
102 1979 149 2011 rei
165 1975 279 2011 fruitio
301 1975 344 2011 est
361 1973 430 2011 finis
446 1975 590 2011 formalis
601 2005 612 2021 ,
630 1987 667 2011 ut
676 1972 822 2024 pofi‘effio
834 1975 979 2022 pecuniae
998 1988 1006 2010 :
1024 1972 1109 2008 hunc
1129 1970 1230 2009 finem
1247 1984 1306 2019 quo
1323 1968 1422 2019 vulgo

33 2024 219 2074 appellant:
244 2025 290 2059 est
307 2025 428 2072 quippe
441 2026 530 2060 aetio
548 2024 611 2072 ipsa
627 2053 637 2068 ,
651 2037 718 2072 qua
736 2022 800 2058 fine
813 2025 960 2071 expetito
977 2022 1124 2058 fruimur.

70 2087 97 2120 3.
113 2076 195 2110 Finis
210 2073 288 2108 alius
305 2073 349 2107 est
359 2076 465 2122 operis
473 2073 524 2108 seu
533 2073 681 2122 Phyficus
693 2102 702 2117 ‚
725 2072 805 2108 alius
815 2074 980 2121 operantis
996 2101 1005 2115 ‚
1028 2070 1082 2106 seu
1099 2068 1234 2105 Moralis
1246 2081 1253 2103 :
1267 2079 1322 2103 aut
1335 2066 1423 2115 quod

35 2123 152 2158 eodem
162 2123 296 2166 recidit,
313 2122 384 2158 finis
395 2122 448 2158 vel
462 2124 505 2158 est
516 2125 591 2158 artis
604 2153 614 2167 ‚
635 2122 690 2157 vel
698 2121 827 2157 artificis
837 2139 848 2165 3
867 2121 922 2156 ille
934 2122 977 2156 est
995 2123 1029 2156 in
1046 2131 1146 2168 quem
1163 2119 1251 2152 aetio
1272 2114 1356 2164 ipsa,
1371 2127 1424 2151 aut

35 2182 115 2217 opus
127 2200 138 2216 ,
151 2183 206 2206 aut
223 2171 351 2208 habitus
369 2183 488 2208 naturae
498 2172 557 2207 suae
575 2175 608 2208 vi
621 2173 756 2207 nititur:
778 2170 819 2207 sic
840 2169 1008 2206 aedificium
1026 2171 1101 2204 artis
1129 2165 1337 2205 aedificatticis
1351 2194 1361 2209 ‚
1377 2163 1424 2199 sa-

37 2219 120 2253 nitas
136 2220 302 2256 medicinae
320 2222 363 2255 est
375 2220 446 2256 finis
460 2224 604 2271 proprius
614 2227 648 2259 δε
659 2217 854 2255 intrinsecus.
877 2220 941 2255 Sed
955 2218 1026 2254 finis
1040 2230 1139 2265 quem
1151 2226 1191 2249 ex
1213 2213 1348 2250 arbitrio
1368 2213 1423 2249 suo

38 2266 141 2302 homo
153 2268 206 2302 vel
225 2270 339 2305 artifex
358 2269 416 2304 fibi
439 2273 609 2321 proponit,
632 2281 668 2305 ut
688 2268 809 2304 lucrum
822 2296 833 2310 ,
849 2280 905 2303 aut
931 2268 1103 2304 hominum
1124 2263 1320 2299 existimatio
1337 2293 1346 2307 ‚
1369 2275 1424 2298 aut

38 2314 127 2399 aliud
149 2317 299 2401 qnifildam
322 2317 440 2364 (imile,
468 2321 510 2357 est
530 2319 600 2357 finis
625 2319 764 2356 hominis
784 2316 837 2354 vel
865 2315 994 2353 artificis
1009 2345 1018 2362 ,
1043 2317 1100 2365 qui
1114 2325 1263 2351 externus
1288 2323 1420 2363 quoque

63 2376 101 2399 ici
118 2376 195 2413 pote
