1857 2745
608 119 702 156 Mo
720 118 753 154 R
767 118 865 156 Am
881 116 914 156 s,
1376 134 1439 171 403

29 173 31 176 ’
53 171 119 208 test
129 181 164 207 ut
173 167 229 206 fibi
246 169 356 206 videte
371 167 424 205 vel
433 168 543 204 audire
553 168 700 205 videatur
712 197 722 212 ,
752 181 822 217 quae
842 180 901 205 nec
918 165 1008 203 videt
1022 195 1034 211 ,
1057 178 1118 203 nec
1139 168 1229 205 audit
1245 182 1253 206 :
1285 168 1338 206 sed
1353 183 1437 207 nun-

56 232 155 269 quam
166 219 335 268 voluptate
348 229 403 253 aut
414 218 540 253 tristitia
553 246 565 262 ,
585 229 640 253 aut
654 219 701 253 ira
715 215 746 254 se
764 217 917 255 affectum
935 214 1031 253 sentit
1047 219 1170 253 animus
1184 246 1194 263 ,
1228 221 1306 267 quin
1324 218 1436 257 iisdem

57 267 227 305 affectibus
242 280 497 303 commoveatur.

100 331 120 361 7
129 345 138 354 .
154 319 327 366 Spirituum
339 322 373 353 &
389 315 545 364 sanguinis
555 317 692 364 agitatio
707 329 780 352 cum
791 311 990 364 paffionibus
1002 314 1171 362 conjunsta
1181 315 1239 350 hos
1253 328 1358 352 motus
1375 329 1443 352 tur-

56 364 208 401 bulentos
224 378 292 401 tum
309 364 351 399 ab
361 363 429 414 ipsis
443 364 619 401 voluntatis
632 364 817 401 actionibus
828 393 838 408 ‚
859 375 927 399 tum
942 362 963 398 ἐι
979 361 1124 398 sensuum
1140 368 1351 414 perceptione
1371 365 1436 402 dis.

55 417 216 450 criminat.
232 416 430 462 Qanquam
449 427 539 451 mens
555 413 634 449 nihil
652 416 739 463 perci
766 416 791 448 it
802 442 812 457 ,
831 425 938 460 neque
958 411 1059 446 ullum
1074 411 1142 447 fere
1157 412 1307 449 voluntas
1325 416 1436 451 adium

48 463 146 498 elicit
157 491 167 506 ,
180 466 262 498 citra
275 463 418 511 aliquam
435 463 600 512 spirituum
618 466 650 498 in
666 428 802 498 cerebro
815 463 1036 511 agitationem.
1061 463 1104 496 Ea
1120 464 1239 510 quippe
1258 463 1305 497 est
1319 463 1371 498 lex
1391 463 1435 498 ab

54 511 202 548 Authore
214 524 332 547 naturae
345 524 413 547 tum
422 511 540 548 sancita
555 542 564 556 ,
589 525 663 547 cum
684 513 830 547 animum
849 509 916 546 una
935 522 1009 545 cum
1037 521 1173 558 corpore
1187 515 1354 560 conjunxit
1367 541 1377 557 ‚
1399 525 1435 548 ut

53 562 156 596 animi
165 573 273 596 motus
286 563 386 596 etiam
403 565 460 609 qui
469 563 509 597 ad
518 574 630 609 corpus
645 574 712 597 non
726 561 923 603 referuntur,
948 558 1095 606 quaedam
1117 557 1280 607 spirituum
1291 575 1439 598 commo-

35 611 102 649 „tio
112 612 302 646 comitetur:
319 610 403 645 adeo
416 623 453 646 ut
465 611 553 646 nulla
565 610 599 646 sit
614 610 781 646 inclinatio
802 622 880 658 pura
901 607 1076 643 voluntatis
1098 619 1171 655 quae
1186 608 1282 643 alicui
1301 610 1437 659 paffioni

7 675 9 679 ·
54 671 123 694 non
138 657 174 693 fit
183 658 323 694 admista.
353 661 404 694 Sic
419 672 564 695 amorem
573 660 701 710 justitiae
714 688 724 703 ,
754 670 808 694 aut
822 659 950 694 virtutis
967 667 1055 691 certa
1074 655 1240 705 spirituum
1252 663 1435 694 commotio

53 705 234 744 sensibilem
249 706 368 744 efficit:
388 720 423 743 ut
443 721 552 745 rerum
568 707 837 747 intellectualium
855 707 1100 756 perceptionem
1131 706 1276 754 impreisa
1298 708 1435 744 cerebro

6 779 8 787 ν
53 755 188 804 vestigia
200 759 395 792 comitantur
407 786 416 801 ‚
434 764 466 795 &
481 757 645 793 roborant.
663 758 726 792 Sed
739 757 793 792 illa
808 786 818 800 ,
839 768 874 791 ut
889 756 1010 791 dictum
1025 755 1071 789 est
1082 784 1091 798 ,
1120 753 1285 803 spirituum
1296 759 1434 805 agitatio

6 806 9 820 i

6 838 7 841 ,
53 816 127 853 quae
139 807 283 841 actiones
294 804 465 841 voluntatis
475 806 681 854 consequitur
693 835 703 850 ,
722 806 848 855 placida
860 805 903 840 est
916 810 950 842 δε
961 802 1153 851 tranquilla:
1175 804 1289 840 verum
1304 805 1362 841 ubi
1376 819 1434 855 ap-

52 856 175 902 petitus
191 853 330 890 sentiens
344 854 570 891 vehementius
580 858 762 891 concutitur
775 884 785 899 ‚
813 854 919 889 statim
934 859 967 891 &
981 853 1135 901 sanguinis
1156 854 1246 888 aestus
1259 857 1360 889 oritur
1373 884 1381 898 ‚
1401 861 1436 895 &

0 906 5 939 ζ’
48 902 514 949 spiritusadeosumultuantut
529 932 539 947 ,
552 916 589 939 ut
601 907 655 939 vix
666 906 792 939 animus
802 902 897 952 poffit
909 915 964 938 eos
984 914 1190 949 componere.
1212 905 1300 939 Nam
1320 906 1435 949 agitati

32 983 34 986 ,
54 950 177 998 spiritus
187 952 367 989 nonstatim
380 951 540 990 subsidunt
553 981 563 996 ‚
583 964 692 1000 neque
712 953 799 987 aestus
811 981 822 996 ,
845 963 902 987 aut
911 952 1093 986 commotio
1105 949 1264 1002 sanguinis
1279 942 1375 989 facile
1387 951 1436 994 seq

55 999 158 1036 datur.

527 1050 620 1097 QU
640 1052 677 1083 AE
700 1050 721 1083 S
742 1051 773 1084 T
800 1050 876 1084 10
932 1049 981 1082 11.

557 1148 612 1180 De
629 1146 727 1193 caufis
746 1144 921 1197 affiHuum.

56 1241 196 1334 UT
211 1243 385 1282 affisttium
406 1255 552 1279 naturam
571 1244 716 1283 &causas
735 1244 825 1281 velut
841 1243 941 1279 oculis
957 1243 1158 1293 subjiciamus
1169 1274 1178 1289 ,
1195 1249 1228 1281 in
1244 1245 1309 1281 duo
1318 1257 1439 1295 genera

167 1306 222 1328 eos
235 1296 417 1343 partiamur.
442 1296 584 1329 Primum
602 1307 657 1330 eos
674 1293 903 1343 compleffitur
915 1323 924 1337 ,
945 1297 1003 1342 qui
1020 1293 1436 1344 obscuramimaginationis

79 1344 320 1391 etceptionem‚
331 1339 396 1382 ,aut'
406 1342 526 1377 sensum
538 1343 705 1380 confusum
718 1342 970 1391 consequuntur:
987 1356 1062 1378 cum
1079 1342 1199 1379 scilicet
1219 1348 1342 1381 animus
1361 1356 1437 1379 cau-

29 1354 120 1434 ygim
135 1403 173 1425 ex
187 1404 249 1438 qua
267 1395 432 1435 oriuntur,
450 1391 598 1426 distinete
614 1406 680 1428 non
690 1394 828 1441 percipit
843 1408 851 1435 3
876 1404 1008 1440 tumque
1030 1392 1152 1440 spiritus
1177 1397 1232 1440 qui
1258 1396 1343 1442 prius
1364 1404 1436 1428 toto

44 1451 191 1488 -corpore
202 1439 404 1487 aequabiliter
417 1451 509 1474 erant
530 1439 587 1475 fusi
598 1470 608 1484 ,
628 1454 666 1476 ex
676 1441 801 1488 objeffi
815 1439 934 1475 insoliti
951 1440 1123 1488 conspeetu
1141 1441 1385 1489 perturbantur,
1402 1448 1437 1479 &

0 1511 4 1525 1
54 1490 87 1522 in
99 1500 151 1525 eas
165 1491 319 1537 praecipue
329 1490 470 1536 corporis
488 1500 592 1536 partes
604 1490 782 1536 diriguntur
791 1517 801 1533 ,
824 1501 894 1536 quae
905 1501 961 1523 aut
974 1488 1055 1524 boni
1065 1488 1250 1524 insecutioni
1267 1518 1276 1533 ‚
1301 1501 1355 1524 aut
1364 1503 1435 1525 ma-

0 1738 5 1779 ,¹

55 1535 77 1571 li
92 1536 173 1585 fugae
186 1536 329 1572 serviunt
343 1553 352 1580 3
366 1549 435 1572 tum
455 1539 552 1572 etiam
566 1541 597 1573 in
618 1551 673 1573 cot
685 1543 719 1576 ὅ(
735 1537 798 1574 alia
813 1536 932 1574 viscera
944 1550 1014 1586 qua:
1028 1550 1132 1574 novos
1148 1536 1272 1587 spiritus
1289 1538 1437 1588 suppedi-

54 1595 126 1620 tant
138 1615 148 1629 ‚
170 1587 392 1622 amandantur.

103 1649 131 1672 2.
152 1636 270 1670 Anima
296 1634 360 1683 ipsa
380 1634 547 1684 spirituum
568 1634 656 1670 velut
677 1635 889 1672 inundatione
905 1648 1154 1673 commovetur:
1180 1649 1254 1671 nam
1276 1648 1348 1683 quae
1366 1648 1437 1670 cot-

47 1694 114 1730 *pus
137 1682 279 1719 afficiunt
293 1712 303 1727 ‚
337 1685 378 1719 ad
402 1684 432 1719 se
453 1687 612 1734 pertinere
635 1697 750 1733 putat,
772 1691 806 1723 &
833 1683 994 1734 utriusque
1017 1697 1121 1722 motus
1142 1685 1209 1722 sunt
1230 1687 1364 1720 omnino
1382 1697 1434 1719 re-

55 1734 187 1780 ciproci.

91 1795 114 1825 3.
125 1783 168 1815 Ex
189 1782 285 1815 variis
301 1780 555 1827 impressionibus
565 1794 644 1828 quas
669 1781 791 1829 spiritus
810 1784 844 1818 in
856 1783 991 1818 cerebro
1006 1784 1154 1826 inurunt,
1177 1785 1280 1817 varios
1296 1810 1305 1824 ,
1331 1793 1367 1816 ut
1390 1783 1437 1815 ita

51 1829 159 1864 dicam
172 1857 180 1871 ‚
202 1828 303 1864 sensus
317 1859 326 1872 ,
343 1829 393 1864 seu
409 1829 540 1865 afficias
556 1859 567 1872 ,
588 1841 641 1864 aut
655 1834 790 1873 amotis,
809 1843 864 1866 aut
884 1834 970 1874 odii,
997 1844 1052 1867 aut
1072 1831 1197 1866 alterius
1218 1829 1366 1879 paffionis
1388 1831 1435 1864 in-

54 1877 124 1911 duit
136 1880 271 1913 animus·
295 1879 342 1912 Ac
358 1879 491 1913 demum
503 1881 615 1914 intima
628 1879 766 1925 quadam
779 1879 948 1927 voluptate
961 1880 1165 1929 perfunditur
1178 1907 1188 1921 ,
1206 1892 1278 1913 curn
1291 1879 1320 1912 se
1338 1881 1369 1913 in
1390 1890 1431 1913 eo

55 1925 138 1960 statu
149 1926 208 1962 eise
225 1928 361 1973 percipit
373 1956 383 1969 ,
399 1940 499 1975 quem
512 1926 609 1977 paffio
624 1926 687 1976 ipsa
700 1956 710 1971 ,
727 1938 782 1963 aut
800 1926 921 1977 objecti
945 1929 1033 1977 quod
1044 1940 1115 1963 eam
1131 1929 1308 1963 concitavit
1319 1938 1435 1962 natura.

56 1979 90 2011 &
108 1976 253 2010 conditio
272 1975 422 2021 postulat.

96 2022 241 2059 Alterum
252 2025 306 2060 affl
317 2025 426 2060 &unm
436 2036 538 2070 genus
558 2038 613 2059 eos
626 2025 852 2075 complectitur
862 2028 921 2074 qui
936 2025 1119 2062 intellectus
1138 2024 1229 2075 ipsius
1249 2028 1434 2074 perceptio.

53 2084 149 2115 nem,
171 2084 226 2108 aut
237 2075 393 2122 judicium
403 2071 648 2119 consequuntur.
668 2078 703 2110 ln
722 2077 757 2109 iis
778 2077 889 2122 itaque
910 2075 973 2110 haec
987 2074 1172 2110 considerari
1190 2074 1335 2123 possunt,
1360 2087 1431 2121 quae

54 2119 74 2157 'a
90 2123 160 2155 viro
170 2124 313 2158 acerrimi
329 2124 384 2169 ing
405 2124 451 2156 nii
472 2121 540 2157 sunt
561 2122 738 2159 observata.
763 2137 785 2160 1.
802 2124 940 2174 Objeffl
954 2123 1045 2172 ipsius
1065 2125 1210 2160 distincta
1231 2124 1284 2160 vel
1301 2122 1433 2160 confusa

56 2173 238 2217 perceptio,
260 2183 313 2206 aut
330 2173 443 2218 opinio
454 2172 553 2217 quani
568 2172 607 2205 de
617 2171 749 2222 objecto
759 2185 792 2208 ut
805 2174 844 2207 ad
862 2186 920 2208 nos
933 2173 1035 2208 relato
1050 2176 1261 2221 concipimus.

93 2231 118 2252 2.-
138 2220 170 2252 Si
189 2221 219 2253 id
235 2219 355 2255 bonum
372 2249 381 2262 ,
399 2221 673 2255 antcomrnodum
694 2221 787 2256 nobis
803 2222 979 2270 judicamus
993 2251 1002 2265 ‚
1030 2222 1169 2269 sequitur
1192 2220 1342 2267 quaedam
1371 2235 1430 2256 vo-

56 2265 185 2302 luntatis
201 2270 232 2301 in
246 2268 322 2303 illud
335 2268 504 2314 objeEkum
522 2268 695 2316 propensio,
710 2274 806 2317 'Nam
821 2283 895 2305 ante
907 2276 971 2319 ejus
993 2273 1040 2304 rei
1054 2270 1258 2318 consprstum
1283 2269 1431 2306 voluntas

54 2326 110 2350 ant
121 2313 197 2348 boni
214 2315 303 2357 ipsius
321 2319 498 2351 communis
513 2324 544 2353 δέ
557 2318 715 2353 indefiniti
731 2348 740 2361 ,
755 2322 946 2355 autaiterius
961 2332 1071 2353 amore
1084 2332 1146 2353 era!
1165 2330 1267 2367 occup
1278 2330 1321 2352 ‘ta
1345 2333 1352 2352 ε
1371 2319 1429 2353 hu..

0 2372 1 2415 }
37 2358 100 2412 ijs
127 2362 253 2412 objecn
276 2367 422 2401 novitate
447 2365 585 2414 perculsa
598 2397 606 2411 ‚
627 2366 783 2405 sibonum
801 2370 866 2412 est,
889 2380 1000 2403 amore
1014 2369 1154 2416 quodam
1167 2396 1177 2411 ‚
1198 2373 1230 2404 ἃ
1243 2367 1431 2403 velutsensu
