1857 2745
390 148 441 180 94
742 133 814 166 DE
842 130 1361 168 UNIVER‘SALIBUS

387 184 457 232 phis
472 184 628 230 accipitur
641 191 699 228 pro
711 192 752 214 eo
768 183 820 215 cui
831 179 1041 228 subjiciuntur
1052 181 1192 229 species,
1211 180 1264 217 seu
1286 194 1345 230 pro
1360 192 1570 229 naturasquae
1588 181 1697 219 multis
1716 183 1789 234 spe.'

385 235 435 266 cie
450 228 672 267 diffitentibus
692 232 872 265 communis
890 229 949 266 est.

419 281 590 316 Dividitur
607 291 707 328 genus
720 282 751 315 in
769 282 966 328 Supremum
978 308 987 322 ‚
1016 280 1107 326 quod
1128 279 1216 315 aliud
1241 280 1328 329 supra
1343 280 1374 316 se
1386 294 1452 316 non
1468 281 1611 331 agnoscit
1628 299 1647 325 3]
1662 295 1697 319 ut
1711 282 1787 318 sub-

384 330 519 373 stantia,
541 331 708 377 quantitas
719 359 728 373 ‚
750 335 782 367 &
794 329 856 363 alia
866 329 1116 377 praedicamenta
1133 344 1140 366 ε
1162 329 1316 366 Infimum
1328 360 1337 374 ,
1368 331 1596 378 quodnullurn
1609 330 1662 366 sub
1678 332 1708 367 ie
1727 344 1787 381 ge-

383 391 442 415 nus
454 379 684 427 compleffitur
700 379 887 415 :utanimal
904 377 1049 427 resp-cetu
1063 378 1203 413 hominis
1215 385 1247 416 &
1259 380 1347 415 bruti
1368 396 1376 422 3
1395 386 1428 416 ἃ
1445 381 1786 430 intermedium,quod

383 426 538 476 superiori
553 429 687 476 quidem
698 428 801 464 subest
817 458 825 472 ‚
848 427 901 462 sed
914 433 948 464 &
961 428 1022 462 alia
1035 428 1073 462 ei‘
1084 426 1290 476 subjiciuntur
1310 442 1427 478 genera
1442 445 1449 466 :
1475 442 1509 464 ut
1529 433 1639 464 vivens
1655 433 1786 480 corpori

383 489 542 524 tanquam
561 477 715 526 superiori
735 477 899 526 subjicitur
920 491 928 512 ι
946 476 997 512 sed
1009 478 1129 512 animal
1139 477 1194 512 sub
1207 478 1237 513 se
1254 482 1413 515 continet.
1439 482 1550 526 Atque
1567 479 1632 513 haec
1651 479 1720 515 fere
1743 481 1788 515 de

382 539 503 576 genere
519 528 620 562 tradit
636 528 844 576 PorphyriuS.
863 529 935 563 Nos
952 539 1032 562 vero
1050 525 1164 562 usitato
1179 531 1211 563 in
1228 528 1352 564 Scholis
1378 532 1459 576 mori
1489 528 1664 563 servientes
1687 529 1786 578 paulo

382 575 571 624 diligentius
590 590 661 624 quae
681 579 721 611 ad
744 577 1031 620 illius-notionem,
1052 583 1086 614 &
1099 576 1328 614 definitionem
1342 580 1507 626 pertinent
1522 607 1530 621 ‚
1553 579 1784 626 expenderim&

426 627 540 661 Genus
555 625 684 661 definiri
709 626 791 661 [olet
815 626 996 662 universale
1016 656 1025 669 ,
1055 627 1144 674 quod
1172 629 1333 675 praedicari
1352 627 1457 675 potest
1483 627 1521 660 de
1540 627 1649 661 multis
1679 627 1783 676 specie

378 674 608 712 differentibus
621 679 653 711 in
665 675 972 724 quid¹incomplete.
989 678 1121 712 Dicitur
1136 677 1314 712 universale
1331 706 1340 720 ‚
1364 676 1415 711 seu
1437 688 1534 710 unum
1558 687 1670 723 aptum
1687 676 1784 712 ineffe

380 723 490 760 multis
511 740 518 761 :
546 729 580 761 in
599 739 666 772 quo
679 726 810 773 quidem
828 738 900 760 cum
918 723 1021 772 specie
1035 755 1045 769 ,
1066 725 1251 761 differentia
1263 755 1272 769 ,
1297 731 1332 762 δε-
1347 726 1416 760 aliis
1429 727 1593 760 convenit.
1618 725 1760 773 Reliqua
1773 754 1784 769 ,

381 787 453 822 quae
469 778 502 810 in
519 774 710 810 definitione
730 775 945 822 adjiciuntur,
963 774 1131 821 quomodo
1151 773 1193 808 ab
1204 774 1272 809 aliis
1292 773 1420 808 differat
1433 772 1784 822 universalibus,expli-

379 834 467 860 cant.
495 824 578 873 Q
590 837 626 860 ut
638 825 752 861 melius
761 823 1010 873 intelligantur,
1030 822 1191 859 nonnullis
1210 821 1363 872 quaefieri
1377 823 1504 868 solent,
1534 823 1782 871 quaestiunculis,

379 872 567 908 faciendum
592 874 635 909 est
662 874 745 909 satis.

417 923 578 969 Qaerunt
592 930 621 958 10
632 924 710 970 quid
733 926 863 972 proprie
882 922 1034 959 hocloco
1053 919 1249 964 definiatur,
1269 933 1310 957 an
1328 933 1442 958 natura
1456 925 1604 970 gemetica
1616 951 1625 966 ‚
1646 934 1781 972 quaeque

377 972 423 1006 est
437 972 529 1006 instar
545 975 705 1016 materiae,
732 973 909 1020 cujusmodi
922 974 964 1007 est
974 971 1169 1014 animal3an
1190 971 1295 1006 forma
1305 970 1388 1019 ipsa,
1411 984 1480 1019 quae
1498 974 1680 1020 genereitas
1700 974 1782 1007 dici-

377 1031 430 1053 tur
443 1050 452 1063 ,
471 1033 639 1068 quamque
650 1033 729 1069 opus
740 1022 802 1055 effe
815 1051 825 1064 ,
845 1027 879 1058 &
897 1021 1016 1056 foetum
1029 1022 1147 1054 mentis
1162 1020 1274 1054 nostra·
1287 1019 1429 1067 superius
1444 1018 1601 1055 ostensum
1617 1020 1673 1056 est.
1689 1023 1779 1057 Cum

378 1071 468 1103 enim
485 1072 632 1116 generis,
654 1081 696 1104 tit·
709 1072 839 1104 termini
854 1069 1006 1117 cujusque
1030 1070 1177 1102 concreti
1198 1068 1266 1102 duae
1291 1067 1351 1103 [int
1368 1081 1501 1116 partes,
1526 1072 1661 1103 materia
1679 1072 1776 1105 nimi-

378 1130 446 1151 rum
457 1123 490 1154 &
507 1118 612 1152 forma
624 1147 633 1161 ,
652 1120 772 1153 merito
788 1120 884 1166 quaeri
894 1118 1017 1166 potest,
1031 1128 1103 1152 utra
1121 1129 1192 1165 pars
1208 1145 1218 1160 ,
1249 1129 1290 1153 an
1319 1128 1427 1152 totum
1438 1136 1440 1139 .
1451 1120 1557 1166 potius
1582 1130 1620 1152 ex
1640 1131 1778 1168 utraque

380 1166 560 1202 conflatum
580 1167 771 1203 definiatur„

402 1217 488 1262 Resp.
509 1219 586 1251 Hoc
608 1220 700 1252 omni
722 1219 862 1253 termino
877 1228 1032 1253 concreto
1046 1222 1080 1255 &
1093 1215 1364 1252 accidentali-effe
1390 1229 1566 1253 commune
1580 1247 1590 1262 ‚
1616 1229 1651 1253 ut
1672 1217 1780 1266 subje-'

377 1267 465 1300 {tum
478 1264 565 1301 simul
577 1267 784 1310 &formam
811 1279 881 1303 rem
900 1267 1021 1303 scilicet
1034 1296 1043 1310 ‚
1069 1272 1103 1303 ἃ
1129 1266 1265 1301 moduni
1278 1278 1346 1313 quo
1365 1265 1501 1301 afficitur
1521 1297 1530 1311 ‚
1551 1270 1576 1301 is
1596 1266 1775 1316 significem:

373 1313 428 1349 sed
448 1327 517 1350 nem
539 1315 637 1364 ipsam
650 1315 783 1351 confuse
795 1345 805 1359 ‚
822 1317 964 1352 formam
978 1345 988 1360 ‚
1009 1315 1064 1350 seu
1082 1315 1214 1350 modum
1229 1315 1376 1350 distin&e
1389 1319 1554 1364 exprimit.
1589 1319 1640 1351 Sic
1663 1319 1777 1352 tenni·-

379 1376 435 1398 nus
451 1363 505 1399 ille
519 1377 687 1401 concretus
698 1395 707 1409 ‚
724 1363 835 1413 Justus
846 1395 855 1404 ,
882 1366 945 1401 duo
960 1364 1115 1415 fignificat
1131 1378 1149 1400 :-
1159 1377 1257 1402 unum
1272 1362 1402 1400 confuse
1414 1394 1423 1408 ,
1434 1366 1522 1412 quod
1539 1364 1658 1400 scilicet
1672 1366 1775 1402 habet

366 1413 521 1461 justitiam
535 1444 544 1457 ,
557 1416 776 1463 quodcunque
788 1415 868 1450 illud
882 1414 938 1458 siv,
959 1421 992 1452 δε
1003 1415 1153 1460 justitiam
1173 1412 1272 1462 ipsam
1287 1443 1296 1458 ,
1314 1427 1386 1461 quae
1406 1415 1450 1449 est
1463 1414 1555 1450 velut
1570 1415 1696 1461 forma,
1721 1428 1775 1451 aut

373 1462 492 1497 modus
507 1467 574 1508 rei,
599 1476 738 1511 quaeque
751 1467 893 1499 termino
905 1464 1065 1499 abstradm
1083 1464 1286 1511 exprimitur.
1321 1464 1408 1498 Cum
1438 1475 1547 1499 autem
1563 1463 1716 1499 definitio
1741 1466 1776 1500 id

369 1511 531 1559 explicet,
557 1514 646 1560 quod
666 1516 816 1548 terminus
830 1512 962 1548 confuse
977 1512 1119 1548 involvit
1133 1541 1142 1554 ‚
1166 1510 1187 1546 fi
1202 1513 1274 1558 quis
1288 1511 1478 1548 definitione
1505 1513 1588 1548 velit
1613 1513 1775 1562 explicare

368 1561 447 1606 quid
458 1559 494 1595 fit
515 1562 609 1607 justus
622 1591 632 1605 ,
653 1565 723 1610 qui⁴
740 1561 863 1597 scilicet*
887 1561 994 1596 reddit
1024 1563 1199 1608 unicuique
1212 1562 1302 1607 quod
1322 1560 1412 1596 suurn
1430 1563 1494 1598 est:
1515 1563 1617 1597 homo
1641 1563 1775 1609 quidem

366 1610 462 1657 justus
473 1610 667 1655 definietur,
697 1613 851 1658 utqnod5
869 1612 986 1660 justitia
1008 1623 1090 1646 vero
1110 1609 1192 1658 ipsa,
1213 1621 1249 1644 ut
1276 1623 1347 1656 quo.
1383 1613 1464 1647 Non
1483 1610 1625 1647 diffimili
1646 1614 1773 1648 ratione

368 1661 402 1692 in
414 1658 607 1696 definitione
620 1664 746 1710 generis
758 1689 768 1704 ‚
798 1674 896 1709 quam
914 1659 1080 1695 attulimus
1098 1688 1108 1703 ,
1130 1660 1161 1694 id
1177 1658 1268 1705 quod
1288 1662 1445 1707 praecipue
1461 1688 1472 1703 ‚
1495 1665 1530 1696 &
1553 1662 1657 1708 magis
1685 1662 1770 1695 dire.

370 1709 421 1741 &e
432 1711 630 1754 attenditur,
652 1711 694 1745 cst
704 1713 885 1756 genereitas
899 1740 910 1754 ,
929 1723 995 1745 non
1007 1720 1122 1744 natura
1147 1706 1232 1755 ipsa,
1251 1719 1319 1754 quae
1339 1719 1395 1755 per
1410 1707 1439 1741 se
1456 1721 1524 1744 non
1540 1710 1618 1744 inest
1635 1709 1746 1744 multis
1758 1741 1769 1756 ,

367 1769 428 1792 nec
441 1760 628 1805 praedicatur
643 1760 684 1794 de
700 1750 834 1797 multis:
850 1771 887 1795 ut
900 1773 975 1795 curn
987 1757 1138 1793 definitur
1149 1755 1364 1804 Philosophus
1386 1757 1489 1792 homo
1500 1760 1647 1792 veritatis
1672 1760 1761 1794 inda-
1783 1791 1786 1795 ,

367 1817 479 1853 gater,
505 1808 606 1844 homo
625 1810 757 1856 quidem
782 1808 916 1845 confuse
931 1822 968 1844 ea
985 1806 1178 1844 definitione
1191 1803 1371 1855 designatur
1382 1804 1457 1842 :ised
1468 1806 1678 1857 Philosophia
1697 1808 1765 1857 ipsa

365 1859 525 1904 praecipua
539 1859 679 1905 quadarn
691 1861 818 1893 ratione
838 1858 1028 1908 explicatur,

406 1905 565 1951 Qiaerunt
580 1917 610 1943 2⁰
630 1908 707 1954 quid
736 1907 772 1942 sit
786 1907 888 1955 specie
906 1907 1045 1942 differre.

400 1955 488 2001 Rcsp.
500 1959 542 1991 Ea
559 1955 689 1991 differre
708 1956 813 2003 specie
825 1985 833 1998 ,
853 1968 923 2003 quae
942 1955 997 1990 sub
1012 1955 1130 1991 eodem
1148 1967 1266 2004 genere
1290 1954 1390 2005 posita
1408 1955 1545 1992 diverffis
1563 1955 1766 1992 habent-de.·

366 2002 545 2040 finitiones.
566 2008 645 2042 Non
661 2007 749 2039 enim
766 2004 860 2040 Plato
872 2034 880 2048 ‚
903 2011 936 2041 &
949 2007 1095 2039 Socrates
1122 2004 1226 2053 specie
1250 2009 1333 2040 inter
1347 2005 1377 2040 se
1392 2004 1573 2054 discrepant
1585 2035 1594 2050 ‚
1621 2019 1694 2040 cum
1709 2018 1764 2041 ea.

362 2053 440 2087 dem
457 2053 494 2088 fit
510 2053 674 2102 utriusque
689 2053 859 2090 definitio:
882 2053 935 2089 sed
952 2054 1054 2089 homo
1072 2060 1105 2091 δέ
1121 2067 1220 2101 equus
1237 2054 1340 2103 specie
1363 2054 1518 2091 differunt
1531 2085 1539 2100 ‚
1562 2068 1628 2090 non
1651 2067 1762 2091 autem

362 2102 463 2136 homo
475 2110 508 2140 ὃ(
519 2103 664 2148 scientia,
677 2117 745 2151 quae
761 2104 881 2138 eodem
897 2116 1016 2153 genere
1032 2118 1099 2139 non
1115 2106 1334 2141 continentur.
1353 2105 1415 2139 Sed
1426 2117 1498 2140 cum
1508 2104 1591 2141 nihil
1606 2104 1762 2151 frequen-

363 2152 425 2183 tius
447 2164 590 2188 occurrat
604 2183 612 2197 ,
633 2153 733 2200 quam
751 2154 916 2189 distinetio
927 2153 1072 2201 specifica
1084 2183 1092 2197 ‚
1110 2167 1175 2190 non
1195 2156 1257 2188 erit
1271 2153 1414 2189 alienum
1433 2154 1496 2188 hoc
1511 2154 1585 2190 loco
1599 2153 1695 2201 paulo
1710 2153 1760 2197 du

362 2197 513 2245 ligentius
527 2205 689 2250 inquirere
705 2203 789 2238 unde
803 2203 858 2238 illa
873 2203 1036 2239 distinctio
1048 2202 1084 2238 sit
1103 2204 1291 2252 repetenda.
1315 2205 1366 2239 Sit
1384 2205 1495 2251 itaque

894 2280 1004 2313 ‘Unica
1021 2278 1197 2324 Conclufio.

397 2350 455 2385 Illa
469 2350 699 2399 distinguuntur
713 2353 969 2403 specie‘quortun
983 2351 1111 2404 infignis
1126 2353 1169 2390 est
1179 2352 1364 2392 differentia
1380 2364 1455 2390 cum
1471 2352 1511 2389 ad
1523 2351 1670 2393 scientias
1694 2354 1756 2401 liu-j

360 2411 468 2437 manas
479 2413 714 2449 comparantur.
748 2449 755 2456 ι
