1857 2745
563 124 602 159 M
622 125 656 160 O
675 124 707 158 R
729 123 757 158 Α
776 124 804 159 L
821 123 836 157 1
855 123 885 158 S.
1381 137 1430 166 251

40 175 240 214 beatitudine
250 174 440 222 concipitur.
453 186 478 209 2.
529 174 580 207 uia
597 172 676 208 visio
691 174 844 208 intuitiva
857 170 902 206 est
918 171 1006 206 aetio
1023 171 1162 208 hominis
1179 174 1433 222 praestantissima.

44 228 131 262 Hinc
144 223 308 272 Philippus
325 222 434 271 Apost.
447 234 518 257 eam
526 224 661 257 omnino
676 220 818 257 sufficere
833 218 1014 269 persuasum
1025 219 1150 266 habuit,
1162 234 1233 257 cnm
1245 224 1326 259 dixit
1336 225 1435 260 Chri-

43 274 92 310 sto
109 275 256 309 Domino
267 301 275 315 ‚
301 271 421 316 ostende
440 269 527 305 nobis
539 276 670 306 Patrem
681 298 688 309 ,
709 269 868 318 &fhfficit
877 267 977 305 nobis.
991 271 1043 303 Sic
1057 269 1174 306 Psaltes
1184 273 1308 321 Regius
1319 301 1329 316 ,
1339 273 1436 318 osten-

41 322 81 357 de
98 349 106 360 ‚
129 324 236 368 inquit
249 321 383 366 ‚faciem
403 330 511 362 tuam,
536 319 671 366 &fhlvi
688 323 814 356 erimus.
840 321 912 353 Irno
929 317 1070 353 Christus
1084 321 1263 364 Dominus,
1281 334 1353 356 cuni
1373 324 1435 368 ait,

42 369 102 405 inec
113 370 153 416 est
165 374 238 404 vita
251 381 364 403 aterna
387 379 423 402 ut
445 370 627 415 cogancant
647 380 676 402 te
686 370 788 415 filum
816 380 929 402 verum
956 367 1065 401 Deum
1080 383 1088 403 ,-
1116 371 1219 404 vitam
1235 382 1386 405 aeternam
1404 373 1437 405 in

42 417 108 454 sola
126 421 190 455 Dei
213 417 331 452 vifione
346 418 537 452 constituere
554 419 689 452 videtur.

78 470 166 512 Refp.
187 467 356 511 Dist.nm1'.
379 465 512 501 Effentia
531 466 739 501 beatitudinis
753 468 785 501 in
799 466 864 502 sola
883 465 1002 502 vifione
1019 465 1160 502 confistit
1175 495 1185 510 ‚
1207 467 1407 514 inadaequata
1426 497 1436 512 ‚

43 516 88 552 C.
104 514 234 551 essentia
248 514 457 550 beatitudinis
470 517 634 563 adaequata
651 522 683 553 ὃ(
696 528 820 564 integra
835 546 844 560 ‚
870 517 913 552 N.
941 514 981 550 fic
994 517 1120 564 integra
1141 516 1284 550 hominis
1311 515 1440 552 effentia

42 578 111 602 non
126 566 159 599 in
174 564 239 599 sola
253 565 360 598 anima
372 592 382 606 ,
402 577 472 611 quae
484 566 530 599 est
542 561 676 614 corpore
693 565 907 613 praestantior,
924 577 1032 612 neque
1050 567 1083 598 in
1101 563 1169 599 soio
1189 577 1334 612 corpote,
1351 566 1440 613 quod

44 616 131 663 prius
141 613 188 647 est
204 612 301 661 qnam
311 613 416 647 anima
428 642 438 657 ,
448 614 501 648 sed
511 617 543 650 in
554 613 724 662 utriusosne
736 616 832 662 partis
848 616 1077 661 conjunctione
1091 611 1191 662 posita
1204 614 1254 650 est.
1274 615 1440 651 Interdum

45 662 141 699 solius
157 660 286 696 vifionis
311 663 438 697 mentio
461 662 498 698 fit
514 666 546 698 in
564 666 732 711 Scripturis
745 692 754 706 ,
773 666 849 711 quia
865 662 942 699 visio
954 663 1038 698 clara
1052 670 1084 700 ὃ(
1095 663 1248 698 intuitiva
1260 666 1374 698 lumini
1386 664 1438 699 bo.

44 714 80 748 ni
97 722 171 745 cum
182 710 264 745 illius
281 723 392 745 amore
410 710 585 747 necessario
605 714 817 760 conjungitur-

79 760 166 796 Utta
183 770 292 793 autem
308 761 392 794 affio
402 787 412 802 ,
430 771 484 794 aut
498 759 632 795 facultas
643 759 679 794 fit
689 760 789 794 altera
801 760 1024 809 praestantior,
1035 760 1113 797 visio
1127 791 1136 805 ,
1152 774 1192 797 an
1206 760 1443 805 amor-‚voiun-

45 819 93 844 tas
107 837 117 852 ‚
133 821 173 844 an
184 807 368 843 intelleokus
381 835 390 851 ,
404 821 522 858 magna
539 811 751 845 contentione
769 810 950 846 Thomistas
974 812 1057 845 inter
1080 817 1112 848 δε
1139 812 1286 846 Scotistas
1311 822 1444 847 contro-

44 859 193 893 vertitur.
203 859 324 904 Neque
339 858 370 891 id
386 860 554 906 permagni
563 860 606 893 est
618 859 656 893 ad
671 859 761 901 huius
772 859 957 906 quaestionis
967 857 1159 895 solutiomm
1171 862 1330 896 momenti
1345 875 1352 896 :
1369 873 1443 894 cum

45 917 182 952 utraque
193 905 327 940 facultas
341 904 376 939 sit
394 905 508 939 summi
518 906 598 942 boni
610 907 786 954 possidendi
799 920 900 955 capax
913 936 922 949 ,
941 920 1030 942 mens
1045 908 1167 943 scilicet
1177 914 1210 945 ὃ(
1222 909 1384 944 voluntas.
1404 911 1443 944 Et

49 955 184 1002 quidem
195 956 229 989 in
247 953 305 988 hac
321 956 388 988 vita
402 954 540 988 charitas
558 967 628 1001 quae
648 955 687 988 ad
704 954 907 990 voluntatem
923 959 1063 1004 pertinet
1075 987 1083 1000 ,
1104 959 1299 1005 praestantior
1313 958 1358 991 cst
1382 956 1446 992 fide

49 1008 84 1040 &
93 1004 181 1037 omni
193 1003 380 1050 cognitione
389 1031 398 1045 ,
414 1015 513 1049 quarn
523 1002 564 1036 de
576 1006 651 1038 Deo
663 1003 784 1038 habere
803 1003 961 1052 poffumus
974 1021 982 1046 3
1006 1017 1043 1039 ac
1054 1009 1142 1041 Deus
1158 1005 1337 1054 perfectius
1348 1007 1369 1041 ὲ,
1384 1019 1446 1039 no-

47 1049 99 1086 bis
107 1053 208 1085 amati
218 1050 325 1099 potest
336 1078 347 1094 ,
364 1050 465 1096 quarn
476 1051 635 1098 cognosci.
652 1053 738 1085 Rem
749 1053 1055 1099 eniminteiligimus
1072 1082 1081 1096 ‚
1108 1065 1143 1087 nt
1159 1055 1202 1088 est
1218 1056 1249 1088 in
1266 1065 1374 1089 mente
1386 1067 1448 1088 no..

49 1099 112 1135 stra
122 1128 131 1142 ‚
145 1111 270 1134 amatur
285 1109 321 1133 ut
337 1099 381 1133 est
396 1101 428 1134 in
443 1097 557 1146 seipsa.
575 1101 618 1134 At
630 1103 717 1135 Deus
728 1099 770 1132 est
784 1100 994 1145 praestantiore
1005 1102 1105 1135 modo
1119 1103 1152 1136 in
1162 1101 1287 1150 seipso,
1303 1102 1399 1150 quam
1414 1114 1447 1136 in

49 1147 220 1184 intelleem
234 1148 347 1183 nostro.
362 1148 463 1184 Unde
483 1150 608 1196 optime
622 1149 720 1183 docet
737 1146 860 1184 sanetus
871 1149 1016 1184 Thomas
1028 1178 1038 1192 ,
1065 1148 1154 1198 quod
1176 1153 1323 1198 cognitio
1337 1163 1446 1185 rerum

50 1209 122 1245 quae
135 1196 301 1232 suntinfra
312 1209 369 1232 nos
383 1196 490 1245 pofitae
503 1225 513 1240 ,
525 1197 641 1232 melior
656 1197 702 1231 est
721 1208 832 1232 amore
845 1214 853 1242 3
867 1209 978 1232 contra
999 1209 1097 1245 atque
1112 1202 1224 1234 evenit
1243 1202 1275 1235 in
1295 1202 1330 1233 iis
1349 1199 1446 1234 rebus

78 1260 124 1282 uae
140 1244 234 1281 nobis
247 1245 314 1281 sunt
326 1247 558 1294 praestantiores
573 1261 580 1282 ε
596 1259 670 1281 nam
687 1258 797 1280 amore
813 1258 919 1281 rernm
937 1246 1129 1283 inferiorum
1151 1248 1303 1295 pol!tiitur
1322 1251 1444 1292 anima,

53 1259 106 1333 {fd
120 1307 225 1330 rerum
238 1296 417 1330 divinatum
434 1307 525 1329 amor
538 1307 610 1331 eam
624 1294 750 1344 perficit
765 1309 772 1330 :
791 1294 879 1342 qnod
890 1324 899 1339 ,
913 1307 949 1330 ut
958 1296 1055 1331 docet
1068 1297 1253 1332 Aristoteles
1264 1327 1272 1341 ‚
1286 1310 1397 1332 verum
1415 1303 1449 1334 δε

54 1343 170 1382 falsum
183 1343 242 1379 sint
257 1346 289 1379 in
298 1343 478 1381 intelleCm.
489 1344 591 1380 Unde
602 1357 649 1379 res
663 1343 755 1379 nobis
769 1343 917 1394 subjectat
935 1344 1005 1380 sunt
1018 1345 1170 1381 nobiliori
1182 1347 1281 1381 modo
1295 1350 1327 1382 in
1336 1358 1449 1381 mente

56 1394 162 1431 nostra
176 1392 246 1428 :sed
259 1393 385 1429 bonum
397 1399 431 1430 δε
441 1393 561 1428 malum
575 1392 645 1429 sunt
660 1395 692 1429 in
705 1392 811 1431 rebus.
845 1396 932 1429 Hinc
943 1397 973 1429 S.
986 1394 1132 1430 Thomas
1154 1396 1331 1431 identidem
1352 1397 1450 1430 docet

56 1441 261 1479 intellectum
287 1454 334 1475 res
361 1442 401 1475 ad
415 1441 445 1475 se
458 1442 604 1483 trahere,
630 1442 834 1477 voluntatem
853 1441 932 1477 veto
949 1441 968 1477 ὲ
983 1443 1079 1478 rebus
1098 1443 1167 1491 ipfis
1185 1444 1268 1478 trahi
1289 1445 1450 1490 quodam-

59 1490 160 1528 modo
173 1490 311 1526 &allici
324 1488 467 1525 Tametsi
476 1489 625 1524 nonnulli
637 1489 721 1523 male
739 1490 813 1524 hinc
829 1489 987 1537 colligunt
1002 1491 1204 1526 voluntatem
1226 1492 1367 1526 nostram
1385 1504 1452 1526 ma-

59 1542 106 1589 gis
117 1538 138 1574 ὲ
154 1541 227 1573 Deo
239 1536 388 1586 possideri
398 1549 455 1586 per
471 1550 616 1572 amorem
631 1566 640 1581 ‚
667 1538 765 1584 quam
777 1551 851 1573 eum
869 1536 1029 1585 poffideat
1044 1553 1051 1574 :
1076 1538 1130 1573 iila
1158 1541 1245 1574 enirn
1266 1542 1381 1575 tractio
1403 1541 1450 1574 est

62 1587 284 1636 metaphorica
293 1616 302 1630 ‚
321 1598 430 1632 neque
443 1599 480 1620 ea
495 1588 540 1620 ita
551 1586 597 1620 est
609 1587 790 1635 accipienda
801 1586 888 1634 quasi
901 1585 982 1621 solus
993 1587 1174 1623 intellectus
1185 1600 1260 1636 agat
1274 1591 1354 1623 circa
1366 1588 1450 1623 snum

62 1635 230 1684 objefihirn
242 1650 251 1672 τ
265 1648 341 1671 nam
355 1637 443 1671 astio
451 1647 541 1681 aeque
553 1634 664 1670 saltem
677 1638 816 1683 pertinet
835 1636 875 1669 ad
891 1634 1091 1670 voluntatem
1108 1665 1118 1679 ‚
1149 1649 1248 1684 atque
1264 1638 1304 1671 ad
1323 1637 1452 1672 intelle-

63 1688 151 1721 &um
169 1700 177 1722 ε
198 1684 250 1720 sed
265 1696 399 1730 utraque
409 1687 518 1720 Deum
529 1685 657 1733 attingit
669 1689 701 1720 &
711 1683 860 1733 poffidet‚
874 1696 966 1720 mens
978 1696 1013 1719 ut
1023 1684 1178 1720 summum
1188 1698 1302 1721 verum
1311 1715 1320 1730 ‚
1335 1686 1453 1721 volun-

65 1745 113 1770 tas
125 1745 162 1769 ut
177 1734 334 1769 summum
347 1732 483 1768 bonum.

98 1784 242 1830 Urgent.
255 1784 287 1817 Si
300 1784 388 1816 Deus
399 1781 571 1830 poffidetur
580 1794 636 1830 pet
645 1793 789 1816 amorem
799 1797 806 1818 :
816 1785 901 1828 Ergo
912 1783 1051 1816 viatores
1066 1782 1137 1829 justi
1159 1786 1225 1830 jam
1237 1785 1346 1817 Deum
1360 1783 1453 1830 poss-

39 1855 42 1858 ι
66 1831 148 1868 dent
165 1861 175 1875 ‚
203 1837 235 1868 &
256 1831 324 1865 sunt
338 1829 429 1865 beati
449 1846 457 1867 z
479 1843 555 1866 narn
575 1832 651 1866 reste
665 1830 821 1878 Apostolo
838 1830 953 1865 eadem
972 1833 1006 1865 in
1023 1832 1061 1865 iis
1080 1841 1191 1865 manet
1209 1830 1363 1875 charitas,
1387 1845 1456 1879 quat

67 1891 234 1928 nti-quam
254 1879 385 1916 excidit.

100 1930 140 1965 R.
155 1928 235 1972 Difl.
248 1940 318 1964 emt.
327 1928 483 1974 Qandiu
493 1926 594 1962 sumus
604 1930 636 1963 in
645 1929 697 1963 via
708 1955 718 1970 ‚
730 1929 839 1962 Deum
852 1925 1044 1974 possidemus
1060 1927 1272 1975 imperfe&e‚
1293 1929 1334 1964 C.
1345 1931 1454 1976 perfe-

71 1980 124 2014 &e
137 1983 170 2014 δι
180 1989 338 2024 quantum
352 1979 434 2011 ratio
445 1976 654 2012 beatitudinis
667 1975 802 2024 posttiiat
816 2005 824 2016 ,
846 1977 889 2012 N.
907 1988 998 2010 amor
1011 1978 1098 2011 enim
1109 1980 1169 2011 viae
1181 1978 1223 2011 est
1232 1990 1323 2012 amor
1333 1978 1455 2014 deside-

72 2029 111 2062 rii
126 2045 134 2065 -.
150 2039 241 2061 arnor
255 2028 363 2075 patriae
373 2026 415 2059 est
433 2024 592 2059 fruitionis
611 2040 618 2060 :
643 2037 779 2072 uterque
791 2027 823 2059 in
841 2026 967 2059 ratione
982 2024 1145 2060 charitatis
1160 2028 1324 2062 convenit.
1348 2028 1456 2074 Qare

34 2110 38 2114 ,
73 2074 172 2111 saneti
183 2077 214 2110 in
225 2075 284 2111 hac
295 2077 361 2109 vita
368 2079 432 2122 jam
450 2073 502 2121 spe
515 2073 591 2108 salvi
599 2074 677 2109 faeti
695 2074 789 2116 sunt3
808 2073 859 2108 sed
877 2073 1021 2108 nondum
1038 2086 1090 2109 re:
1110 2076 1206 2109 donec
1218 2077 1308 2109 Deus
1320 2088 1457 2110 evacua-

74 2128 160 2158 ‘verit
178 2124 263 2169 quod
273 2123 313 2166 est
331 2123 541 2172 imperfecffum
562 2137 571 2157 t
594 2123 680 2169 quod
691 2135 760 2157 tum
770 2121 911 2157 fuuirum
923 2122 985 2157 est:
1006 2134 1080 2156 cum
1096 2125 1207 2156 Deum
1219 2122 1398 2158 videbimus
1410 2127 1456 2171 fi..

77 2174 144 2206 cun'
163 2171 205 2215 est
222 2188 232 2206 :
257 2185 339 2207 nunc
350 2174 432 2206 enim
447 2173 650 2218 cognofflimns
662 2181 786 2205 tantum
798 2169 837 2204 e'x
849 2180 941 2216 parte
957 2198 960 2202 .
984 2181 1049 2203 mm
1065 2182 1170 2204 autem
1192 2172 1457 2219 cognosbarnficuc

80 2221 294 2266 cognitusfitm
307 2249 314 2260 ,
330 2222 376 2254 ait
385 2217 552 2267 Apostolus
568 2235 576 2256 ε
593 2230 723 2266 tumque
735 2218 870 2255 charitas
879 2219 1025 2268 perfecta
1044 2219 1151 2254 futura
1171 2219 1218 2253 est
1234 2247 1244 2262 ,
1264 2219 1301 2254 ᾤ’
1324 2223 1458 2271 replebi.

83 2275 137 2300 tur
158 2269 190 2300 in
208 2267 290 2302 bonis
319 2271 428 2303 anima
450 2267 561 2305 nostra.

118 2314 201 2360 Opp.
213 2330 236 2357 3.
255 2317 339 2351 Cum
353 2315 469 2365 duplex
488 2315 522 2350 fit
543 2329 648 2355 amor,
665 2329 744 2352 unus
760 2318 815 2363 qui
829 2317 953 2361 dicitur,
961 2315 1240 2363 concupiscentiae,
1255 2320 1309 2365 qui
1326 2317 1365 2351 ad
1380 2331 1458 2363 n083

84 2361 164 2397 alter
184 2365 330 2400 amicitiae
342 2393 352 2409 ,
372 2364 424 2400 seu
437 2363 680 2405 benevolentiae
692 2395 702 2410 ‚
718 2368 774 2415 qui
792 2365 832 2400 ad
849 2366 929 2403 alios
950 2367 1094 2402 refertur
1111 2394 1120 2409 ,
1147 2377 1259 2402 neuter
1273 2367 1375 2413 potcst
1397 2368 1457 2403 effi·

1189 2418 1254 2451 Kx<
1277 2418 1309 2464 iij
