1857 2745
381 137 434 170 310
815 122 1271 158 PHILOSOPHIA

378 185 448 208 tum
464 174 551 208 actus
575 172 656 221 ipsos
675 170 783 219 saepius
802 171 957 218 repetitos
972 198 982 213 ,
1011 182 1048 205 ex
1065 170 1185 218 quibus
1214 169 1395 207 consimiles
1418 169 1547 205 habitus
1572 182 1778 220 generantur.

376 223 452 257 Huc
461 223 558 256 etiam
574 223 742 268 pertinent
767 217 934 267 spirituum
951 221 999 254 vis
1017 224 1052 256 &
1070 220 1236 257 mobilitas
1248 251 1258 266 ,
1288 233 1417 256 necnon
1446 219 1572 255 cerebri
1589 223 1777 270 temperieS.

375 273 463 307 Nam
476 281 511 304 ut
522 271 669 318 imaginis
688 270 721 303 in
734 280 833 317 cupro
847 267 998 303 caelatuta
1011 280 1050 303 ex
1066 269 1189 306 duobus
1204 269 1406 320 potissimum
1419 270 1541 318 pendet
1553 298 1563 313 ‚
1580 280 1647 305 tum
1658 283 1696 306 ex
1711 284 1784 307 rna-

376 321 455 353 teria
472 318 536 366 ipsa
550 332 621 366 quae
634 317 749 353 docilis
764 317 1012 367 quodammodo
1025 315 1085 352 effe
1096 319 1217 365 debet,
1232 326 1265 358 δι
1275 317 1424 368 impressu
1439 319 1540 354 facilis
1553 336 1562 363 3
1577 330 1646 354 tum
1656 332 1696 355 ex
1722 333 1785 355 cae-

374 368 407 403 lo
423 368 512 415 quod
527 367 656 404 firmum
675 373 710 405 δε
727 379 859 403 acutum
876 367 978 403 lineas
989 366 1088 403 altius·
1101 371 1145 404 im
1171 371 1258 406 rimit
1275 384 1282 406 :
1302 368 1342 404 sic
1358 369 1428 404 fere
1450 368 1578 404 habitus
1593 397 1603 412 ,
1620 380 1782 416 quatenus

373 416 446 452 sunt
456 418 711 467 rerumvestigia
725 428 815 453 certo
828 417 945 452 ordine
959 416 1123 466 disposita,
1150 418 1340 455 ubstantiam
1356 417 1520 466 postulant
1541 417 1668 453 cerebri
1688 419 1781 454 doci-

374 466 439 502 lem
452 494 463 508 ‚
480 479 548 503 non
563 465 744 504 craffiorem
758 496 768 510 ‚
789 479 858 502 non
873 465 1059 501 molliorem
1071 469 1172 515 quam
1184 481 1240 518 par
1250 468 1287 504 fit
1305 485 1314 513 3
1332 467 1457 517 spiritus
1471 467 1586 502 uberes
1598 472 1632 504 δε
1643 479 1784 517 vegetos

373 518 430 563 qui
446 515 501 552 has
516 515 660 566 sculpant
676 518 844 565 imagines.
866 516 1035 551 Accedant
1055 520 1154 553 ctiam
1177 531 1216 553 ex
1239 529 1331 567 parte
1349 520 1449 553 animi
1463 518 1606 552 attentio
1623 546 1633 560 ‚
1650 516 1704 552 seu
1721 518 1784 552 stu-

373 566 464 600 dium
479 577 571 610 acte,
590 572 626 604 &
640 578 758 615 magna
770 566 949 602 voluntatis
963 566 1152 616 propensio:
1170 580 1244 616 quae
1259 567 1279 603 fi
1292 566 1413 611 desint,
1439 568 1493 602 vix
1511 566 1663 602 distineta
1676 578 1783 602 rerum

373 614 514 663 vestigia
529 615 666 651 cerebro
682 619 860 653 inurentur.

423 665 507 699 Haec
521 664 608 702 forte
620 664 728 701 utilius
737 665 826 700 foret
841 665 987 715 persequi
1000 665 1102 713 quam
1117 677 1170 702 tot
1190 678 1328 701 movere
1340 663 1582 714 quaestiunculas
1592 693 1601 708 ‚
1620 676 1696 712 quae
1707 663 1782 699 sub-

373 711 498 748 tilitatis
509 715 648 750 multum
656 714 808 750 videntur
826 713 947 751 habere
965 744 975 759 ‚
991 714 1158 751 soliditatis
1168 729 1279 765 parum
1293 732 1302 759 3
1319 717 1370 751 eas
1382 727 1490 751 tamen
1501 743 1511 759 ‚
1527 726 1569 750 ne
1578 715 1659 762 quid
1668 713 1779 751 videa-
1792 727 1797 730 ·

367 771 447 798 mur
455 766 631 810 omittere,
653 763 837 800 summatim
847 760 1057 813 attingemus.
1210 778 1211 781 ¹

413 814 560 860 Quaerunt
576 821 603 850 1⁰
615 826 657 849 an
667 814 804 849 facultas
818 813 856 848 sit
868 813 1015 849 effectrix
1026 812 1116 849 causa
1132 818 1166 851 ὃ(
1181 816 1329 863 proxima
1342 812 1476 850 habitus
1487 843 1497 859 ,
1512 826 1552 849 an
1570 814 1683 863 potius
1693 815 1783 850 astus

372 862 438 910 ipse
454 863 636 899 identidem
657 865 826 912 repetitus.

408 912 496 958 Resp.
515 911 708 948 facultatem
727 925 785 962 per
796 916 884 950 aetus
900 915 969 950 suos
980 912 1129 950 habitum
1139 925 1327 962 procreare:
1342 925 1418 948 nam
1428 923 1525 960 agere
1542 910 1588 946 est
1604 910 1782 948 facultatis:

374 962 464 996 aeus
476 960 557 996 vero
574 962 620 997 est
636 962 752 997 modus
767 965 901 1010 quidam
918 977 987 1011 quo
998 962 1134 999 facultas
1146 974 1297 1011 operatur
1313 977 1323 998 ,·
1346 961 1435 1009 isque
1447 961 1501 996 vel
1523 964 1556 996 in
1564 959 1666 1006 fieris
1683 960 1784 996 cotan

374 1010 500 1058 potest,
514 1021 650 1060 tumque
665 1025 733 1047 non
754 1022 821 1047 tam
831 1013 873 1047 est
884 1012 974 1048 causa
984 1042 994 1056 ‚
1019 1011 1120 1059 quam
1129 1013 1186 1048 via
1197 1011 1346 1058 quaedam
1359 1011 1400 1045 ad
1419 1008 1576 1046 effeetum
1589 1027 1598 1053 3
1612 975 1718 1045 vefin
1727 1011 1784 1055 fa-

375 1060 419 1092 ἱῖο
434 1061 487 1104 effi·
503 1086 513 1097 ,
537 1072 635 1108 atque
652 1073 688 1095 ut
704 1060 882 1107 loquuntur
894 1090 904 1104 ,
928 1063 1137 1096 terminative
1152 1088 1162 1103 ,
1183 1072 1318 1107 tumque
1342 1071 1378 1094 ut
1393 1058 1532 1106 qualitas
1549 1087 1558 1102 ,
1584 1071 1655 1107 quae
1674 1057 1784 1105 subje-

376 1109 466 1142 ‹Stum
484 1107 549 1142 tale
565 1110 774 1151 denominat,
786 1112 976 1158 concipitur.
996 1110 1161 1155 Qiamvis
1177 1121 1240 1143 una
1254 1114 1287 1145 &
1307 1108 1423 1143 eadem
1448 1105 1484 1142 fit
1494 1110 1614 1144 entitas
1628 1137 1638 1152 ,
1663 1120 1734 1157 quae
1747 1120 1783 1144 ut

375 1158 476 1198 aetio,
491 1157 536 1191 est
552 1157 654 1193 fluxus
669 1157 801 1204 quidam
814 1187 823 1201 ,
852 1169 907 1193 aut
921 1161 1026 1193 motio
1039 1174 1047 1200 3
1059 1169 1094 1192 ut
1108 1159 1263 1192 terminus
1277 1187 1287 1201 ‚
1305 1159 1393 1193 actus
1403 1159 1574 1194 vocitatur.
1584 1160 1637 1192 Sic
1651 1156 1784 1202 volitio‚

376 1218 413 1241 ut
424 1206 467 1240 est
478 1208 510 1241 in
519 1205 598 1251 fieri
610 1235 618 1246 ,
637 1207 771 1243 aetionis
782 1219 904 1242 nomen
919 1209 1041 1243 retinet
1059 1224 1068 1251 3
1088 1219 1122 1242 ut
1136 1208 1179 1241 est
1198 1210 1231 1242 in
1239 1208 1327 1252 saffo
1340 1208 1411 1254 effe,
1440 1206 1650 1255 &completa
1665 1236 1676 1250 ,
1696 1205 1783 1255 quafi

376 1255 643 1303 formaquaedam
661 1257 860 1303 concipitur,
885 1269 940 1292 aut
960 1256 1118 1304 qualitas,
1136 1269 1205 1304 quae
1218 1270 1284 1292 non
1299 1258 1405 1291 affive
1415 1256 1528 1299 modo,
1539 1255 1590 1291 sed
1604 1258 1704 1291 etiam
1716 1256 1785 1291 for-

376 1304 506 1339 maliter
516 1306 710 1342 denominat
719 1305 890 1342 volentem
904 1322 916 1340 .·
939 1308 1026 1342 ailus
1046 1305 1108 1342 hoc
1124 1306 1226 1341 modo
1246 1305 1381 1355 speetati
1402 1303 1475 1353 sunt·
1488 1305 1585 1341 causae
1602 1304 1782 1342 effe&rices

377 1353 559 1390 habituum·

412 1404 495 1452 Opp-
509 1403 649 1440 Influxus
665 1433 674 1446 ‚
690 1405 792 1440 velut
801 1405 979 1452 loquuntur
993 1434 1004 1449 ‚
1026 1402 1193 1439 causalitas
1204 1415 1272 1438 non
1289 1404 1332 1438 est
1350 1402 1441 1438 causa
1456 1402 1542 1451 ipsa:
1563 1402 1616 1438 sed
1631 1403 1720 1438 actus
1733 1401 1782 1436 est

378 1451 514 1489 influxus
525 1451 623 1487 causae
635 1451 800 1489 efficientis
813 1469 820 1490 :
840 1467 918 1503 ergo
930 1468 998 1489 non
1008 1455 1051 1488 est
1064 1452 1211 1489 effeetrix
1226 1452 1316 1486 causa
1327 1451 1477 1488 habitt‘is.

410 1503 500 1548 Raso.
512 1501 597 1544 Dist.
610 1503 686 1536 min.
700 1503 788 1537 Cum
801 1504 890 1538 aetus
903 1502 1038 1537 sumitur
1051 1514 1111 1550 pro
1137 1502 1268 1536 actione
1286 1506 1320 1536 δ(
1336 1499 1470 1545 infieri,
1492 1500 1531 1535 C.
1554 1511 1628 1535 cum
1650 1498 1781 1535 sumitur

378 1553 411 1586 in
425 1549 515 1585 facto
532 1548 594 1585 effe
608 1579 618 1594 ,
638 1555 672 1586 &
683 1553 750 1586 vim
766 1550 869 1586 habet
883 1551 1046 1599 qualitatis
1057 1580 1068 1595 ,
1083 1553 1126 1588 N.
1158 1551 1322 1598 Qarnvis
1342 1562 1406 1586 una
1422 1555 1456 1587 &
1478 1549 1592 1585 eadem
1609 1547 1645 1585 sit
1662 1551 1781 1585 entitas

377 1612 450 1647 quae
466 1602 554 1635 aestio
572 1605 606 1636 &
621 1601 710 1634 astus
728 1602 932 1636 nominatur.

411 1651 560 1695 Qgaerunt
577 1658 608 1685 2⁰
620 1661 662 1684 an
680 1648 810 1685 habitus
823 1662 881 1699 per
893 1652 1034 1699 primum
1047 1651 1154 1685 astum
1170 1650 1363 1696 acquiratur.

415 1700 482 1745 Qi
493 1697 645 1733 habitum
664 1695 928 1747 effequalitatem
953 1699 1099 1734 facultati
1122 1699 1338 1733 adventitiam
1353 1708 1489 1745 putant,
1513 1699 1535 1733 ii
1551 1696 1623 1732 satis
1639 1709 1716 1746 apte
1731 1696 1784 1732 so-

379 1746 650 1796 lentdistinguere
664 1747 886 1792 substantiam,
907 1748 961 1783 vel
980 1747 1147 1783 effentiam
1167 1746 1300 1783 habitus
1314 1746 1355 1782 ab
1380 1747 1463 1782 illius
1479 1747 1563 1782 statu
1575 1775 1584 1790 ‚
1604 1746 1658 1782 vel
1669 1746 1781 1794 perfe-

379 1798 502 1832 ctione.
519 1797 605 1832 Cum
616 1800 705 1834 enim
721 1797 849 1833 babitus
862 1797 900 1833 fit
914 1797 1052 1833 facilitas
1065 1798 1214 1845 quaedam
1231 1825 1241 1840 ‚
1264 1797 1332 1832 haec
1350 1799 1456 1846 primo
1473 1799 1548 1832 aeta
1567 1796 1645 1831 licet
1663 1795 1780 1831 admo-

377 1846 453 1880 dum
474 1845 595 1882 rcmilsa
607 1851 642 1883 &
653 1847 769 1884 debilis
781 1848 968 1897 producitur
990 1862 999 1884 z
1029 1846 1082 1882 scd
1099 1846 1220 1896 quoad,
1232 1846 1346 1882 statum
1363 1860 1429 1882 non
1442 1845 1498 1881 nisi
1518 1847 1638 1881 iteratis
1656 1844 1780 1879 actibus

377 1907 564 1940 acquintur.

413 1945 501 1979 Cum
514 1957 624 1980 autem
639 1946 769 1981 habitus
790 1960 829 1981 ex
844 1946 1002 1982 sententia
1015 1946 1124 1980 nostra
1142 1943 1221 1978 nihil
1232 1942 1267 1977 sit
1280 1941 1337 1977 nisi
1356 1941 1449 1977 firma
1459 1942 1609 1988 quaedam
1625 1941 1780 1986 facilitas,

378 2006 449 2041 quae
461 2007 529 2029 non
540 2007 604 2029 uno
613 2024 622 2038 ,
641 1994 694 2030 nisi
706 1996 796 2034 sei-tt
804 1996 981 2031 admodum
1000 1992 1122 2030 intenso
1132 2021 1141 2035 ,
1159 1991 1212 2026 sed
1227 1991 1336 2026 multis
1352 1996 1387 2028 ὃ(
1397 1993 1540 2038 repetitis
1552 1990 1679 2026 actibus
1691 2003 1780 2027 com-

379 2055 506 2091 paratur
523 2071 533 2087 ‚
550 2043 657 2092 palam
674 2044 718 2078 est
731 2045 937 2080 constantem
956 2042 1045 2077 illam
1061 2071 1070 2084 ,
1083 2047 1117 2078 &
1127 2041 1193 2075 alte
1203 2039 1336 2076 infixam
1348 2039 1577 2083 affectionem,
1591 2053 1659 2075 non
1671 2042 1779 2089 primo

379 2094 463 2127 ae'tui
479 2094 621 2140 imprimi
634 2106 641 2126 :
659 2096 776 2132 utinec
786 2106 865 2128 rotae
877 2122 887 2137 ‚
901 2103 957 2127 aut
968 2091 1124 2126 machinae
1135 2102 1280 2125 recentes
1290 2091 1396 2126 statim
1406 2101 1442 2124 ea
1454 2089 1612 2124 facilitate
1621 2100 1780 2137 torquen-

379 2153 446 2183 tur,
469 2154 569 2188 quam
580 2141 633 2179 usu
652 2145 782 2178 tandem
801 2148 835 2179 ὃς
861 2142 959 2190 longo
977 2142 1090 2175 attritu
1108 2138 1317 2186 all‘equuntur.
1341 2142 1388 2174 Ita
1410 2138 1478 2173 fere
1501 2151 1572 2173 cum
1603 2137 1726 2186 spiritus
1743 2139 1779 2174 in

379 2189 514 2225 cerebro
524 2204 631 2226 motus
656 2195 692 2226 iis
707 2192 982 2237 consimiles,quos
993 2193 1183 2238 imprimunt
1193 2188 1322 2238 objeota
1337 2218 1346 2232 ‚
1364 2186 1513 2225 effecere,
1525 2193 1558 2224 δε
1571 2198 1676 2222 certos
1684 2198 1778 2222 mea-

380 2249 428 2272 tus
448 2239 505 2274 sibi
519 2253 712 2288 aptaverunt
723 2271 732 2286 ,
745 2253 857 2277 manet
866 2238 1027 2288 dispositio
1037 2239 1185 2286 quaedam
1200 2244 1232 2275 δε
1243 2238 1382 2273 facilitas
1395 2238 1434 2270 ad
1455 2237 1583 2272 eosdem
1598 2248 1705 2272 motus
1714 2265 1724 2280 ,
1741 2241 1778 2274 &

381 2284 491 2322 similia
502 2291 634 2338 vestigia
646 2294 803 2327 iteranda.
812 2293 902 2327 Nam
915 2301 994 2324 unus
1003 2290 1093 2324 aetus
1103 2289 1142 2322 ad
1164 2287 1265 2323 alium
1277 2285 1361 2334 quafi
1382 2288 1469 2321 viam
1488 2289 1613 2330 munit,
1642 2297 1778 2333 tumque

382 2348 440 2383 per
457 2331 740 2385 apertosmeatuS,
762 2347 795 2378 &
808 2342 898 2376 tritas
920 2338 1049 2375 semitas
1066 2334 1188 2386 spiritus
1207 2337 1304 2385 longe
1325 2334 1451 2371 facilius
1466 2347 1650 2372 excurrunt.
1675 2335 1777 2384 Qd

381 2388 492 2434 utique
508 2401 573 2424 non
588 2403 652 2427 uuo
663 2419 674 2434 ,
692 2389 744 2425 sed
761 2388 933 2439 multiplici
949 2399 1058 2427 motu,
1084 2393 1118 2425 &
1136 2385 1244 2437 saepius
1264 2390 1382 2421 iterato
1391 2385 1565 2434 perficitur-
