1857 2745
377 138 450 174 442
823 120 1314 158 METAPHYSICAE

377 175 484 211 ordini
500 172 697 208 contrarium
715 182 872 219 apparet:
889 170 984 206 itaut
1003 171 1153 206 dubitate
1161 185 1231 208 non
1240 170 1356 221 poffim
1375 171 1457 220 quin
1471 171 1587 221 loquat
1599 202 1610 218 ,
1634 185 1689 210 aut
1704 173 1779 211 scri-

381 223 458 259 bam
467 252 476 267 ‚
496 227 528 259 &
538 234 587 256 res
597 234 665 269 quae
684 219 893 269 subiiciuntut
905 221 1006 256 oculis
1017 250 1027 266 ,
1038 234 1107 257 non
1123 222 1265 257 existant.

417 272 483 307 Sed
497 270 553 306 ubi
568 273 604 306 in
615 269 836 320 propositione
847 270 1042 315 universali,
1057 283 1130 319 quae
1152 274 1291 307 veritate
1312 271 1447 320 quidem
1464 270 1601 307 sensibili
1619 273 1786 319 innititur,

382 326 416 359 &
441 324 474 357 in
497 333 560 369 qua
574 320 711 368 qualitas
738 322 875 356 minime
898 318 1070 356 effentialis
1088 321 1128 355 de
1149 332 1184 355 te
1207 319 1404 366 affirmatur,
1424 335 1491 357 non
1508 321 1581 357 satis
1606 322 1713 369 liquet
1738 335 1780 360 an

381 369 512 421 prorsus
527 369 644 405 similes
666 368 726 404 sint
743 369 836 405 causae
851 374 885 406 δε
906 370 1138 407 circunstantiae
1157 382 1239 413 ;aut
1261 370 1401 419 subJecta
1421 369 1478 407 fint
1499 384 1591 420 :eque
1607 369 1756 420 disposita
1770 400 1782 416 ‚

383 432 451 456 turn
464 431 499 456 ut
514 421 642 469 optime
655 417 809 455 observat
819 421 867 454 vii·
884 419 1081 454 laudatus'iu
1093 421 1223 469 Logicae
1233 423 1414 458 tentamine
1424 433 1526 470 nuper
1537 421 1626 456 edito
1639 450 1649 464 ‚
1661 432 1782 469 propo-

382 468 454 505 {itio
469 469 514 504 est
531 470 763 505 tantummodo
789 467 969 504 verisimilis
989 498 999 512 ,
1017 482 1081 504 non
1101 481 1190 504 certa
1218 473 1345 519 penitus
1364 476 1398 507 &
1417 468 1606 507 inconcuffa.
1628 472 1682 504 Sic
1700 469 1782 519 stepe

381 520 531 554 videmus
546 521 660 568 ignem
675 531 761 566 aqua
774 517 874 554 affusa
887 520 1037 568 extingui
1049 533 1058 554 :
1070 521 1117 553 ita
1133 530 1168 553 ut
1186 517 1257 554 satis
1274 519 1443 555 verisimile
1458 519 1493 554 fit
1506 520 1538 553 id
1559 519 1684 567 semper
1704 531 1784 555 con-

383 571 530 618 tingere,
548 568 731 603 dummodo
750 568 821 604 satis
837 580 930 616 aquae
950 570 1129 616 injiciatur:
1149 566 1205 603 nifi
1219 572 1418 605 contrarium
1434 569 1597 605 interdum
1612 580 1790 617 experien-

385 620 429 653 tia
447 618 665 662 demonstret,
677 630 714 653 ut
725 631 800 654 cum
818 617 995 666 camphora
1009 647 1018 661 ,
1032 629 1086 652 aut
1102 617 1180 664 quid
1193 618 1279 654 aliud
1292 617 1391 653 [imile
1415 618 1607 654 incenditur.
1628 620 1684 653 Sic
1698 619 1785 652 Ani:-

384 667 447 711 lia,
471 666 570 715 vulgo
591 679 650 701 une
675 677 790 717 pompe
803 695 814 711 ,
833 680 951 716 aquam
977 666 1158 716 subjectam
1180 667 1304 704 attollit
1323 697 1335 712 ,
1350 668 1530 703 dummodo
1557 679 1640 716 aqua
1664 681 1731 703 non
1747 666 1792 702 fit*

383 716 465 753 ultra
481 729 522 761 32-
535 716 635 765 pedes
651 716 728 754 alta.

433 766 512 800 Idea
529 777 610 800 vero
620 764 747 816 alicujus
758 769 806 801 rei
823 765 997 814 aliquando
1013 767 1057 802 est
1078 766 1181 810 csata,
1200 765 1252 801 sed
1267 766 1499 801 nondistincka
1511 794 1521 809 ‚
1539 777 1575 801 ut
1583 765 1702 801 doloris
1717 766 1783 802 sen-

385 813 434 850 sus
453 814 554 850 clarus
565 815 610 849 est
619 844 628 857 ‚
646 827 713 850 non
738 816 922 852 distinctus:
941 827 1076 864 tumque
1085 816 1170 851 clara
1181 815 1228 850 est
1241 817 1287 849 rei
1305 817 1474 864 perceptio
1486 843 1496 858 ,
1511 827 1585 849 cum
1599 814 1663 849 sola
1675 827 1784 851 atten-

385 866 477 899 tione
499 863 690 901 innotescit:
705 863 759 899 sed
771 865 924 901 distincta
937 865 999 909 est,
1010 879 1084 901 cum
1100 877 1171 899 eam
1189 877 1228 899 ex
1249 866 1342 898 omni
1360 875 1452 913 parte
1466 862 1709 912 cognoscuan
1725 877 1786 901 nec

384 915 562 962 quicquam
572 912 699 949 obscuri
717 913 817 949 habet
829 913 884 949 illa
901 916 1058 962 cognitio.
1074 916 1159 957 Qae
1174 925 1230 961 per
1241 911 1340 949 sensus
1359 911 1580 962 cognoscimus
1591 940 1600 955 ,
1612 926 1728 963 magna
1744 927 1785 949 ex

383 974 478 1011 parte
496 962 582 998 clara
603 962 674 998 sunt
688 977 701 999 τ
719 977 801 999 nam>
809 965 955 998 animum
973 963 1109 998 validius
1124 962 1246 997 feriunt
1261 990 1271 1005 ‚
1285 973 1383 1009 atque
1402 974 1474 997 eum
1498 973 1537 996 ut
1551 963 1700 998 attendat
1722 965 1786 999 im-

387 1011 532 1059 pellunt:
546 1024 581 1047 ut
595 1025 669 1047 curn
681 1015 819 1057 urimur,
839 1010 941 1048 sensus
953 1011 1009 1046 ille
1021 1011 1122 1047 clarus
1136 1012 1181 1047 est
1197 1010 1268 1056 ;sed
1281 1022 1393 1046 tamen
1409 1023 1446 1045 ea
1463 1012 1609 1060 cognitio
1633 1025 1786 1062 magnam

386 1059 467 1108 saepe
491 1061 725 1096 obscuritatem
741 1061 883 1098 involvit
896 1071 954 1096 rut
968 1059 989 1094 fi
1006 1061 1149 1097 calorem
1167 1063 1235 1109 igni
1250 1059 1384 1095 similem
1396 1063 1426 1096 ei
1445 1072 1543 1107 quem
1567 1063 1785 1111 percipimus-5

388 1109 579 1146 tribuamus,
595 1112 684 1145 Hinc
698 1115 786 1145 enim
803 1122 922 1158 magna
930 1111 1033 1144 oritur
1043 1113 1076 1145 in
1090 1111 1169 1145 ideis
1186 1108 1391 1158 ambiguitas,
1408 1121 1463 1144 aut
1479 1108 1640 1146 confufio.

429 1157 617 1194 Obscutitas
630 1171 762 1206 quoque
770 1159 896 1208 judiciis
908 1158 1022 1194 nosti-is
1039 1160 1157 1193 accidit
1169 1171 1259 1202 ‚cum
1279 1171 1346 1194 tem
1359 1171 1401 1195 ex
1410 1161 1502 1193 omni
1515 1170 1606 1207 parte
1622 1172 1689 1195 non
1703 1172 1786 1196 con-

388 1205 560 1243 sideramus
576 1238 585 1252 ,
602 1208 653 1242 sed
670 1221 709 1243 ex
723 1221 787 1244 una
799 1219 927 1242 tantum
939 1236 949 1250 ,
967 1220 1021 1243 aut
1041 1221 1081 1243 ex
1095 1208 1194 1243 altera
1210 1206 1295 1241 facie
1309 1221 1382 1243 eam
1401 1210 1566 1244 intuemur
1581 1222 1589 1243 :
1607 1221 1685 1258 ergo
1714 1220 1785 1245 tum

388 1268 514 1292 certum
528 1259 569 1292 cst
582 1263 614 1294 &
634 1255 762 1293 firmum
776 1258 932 1306 Judicium
948 1287 958 1301 ‚
970 1270 1053 1293 cum·
1063 1258 1144 1291 ideae
1160 1256 1273 1292 nostrae
1283 1286 1292 1300 ‚
1305 1269 1361 1292 aut
1372 1259 1600 1306 perceptiones
1610 1257 1704 1292 clarae
1715 1257 1784 1294 sunt

390 1310 423 1341 &
444 1307 601 1343 distinetae
616 1324 624 1350 3
638 1319 709 1341 cum
721 1321 789 1342 rem
809 1320 851 1342 ex
872 1308 961 1341 omni
971 1318 1063 1356 parte
1079 1305 1382 1356 comprehendimus
1395 1335 1405 1351 ‚
1420 1306 1504 1341 adeo
1516 1317 1552 1342 ut
1570 1318 1661 1342 mens
1680 1303 1784 1343 afferi-

390 1354 457 1391 sum
471 1355 562 1392 suum
583 1355 738 1392 cohibete
754 1369 822 1392 non
835 1353 949 1404 poffit„

938 1456 1067 1504 Qarta
1084 1452 1271 1500 Conclufh.-

429 1551 489 1586 ma
508 1551 702 1603 propositio,
723 1567 776 1603 ego
790 1556 909 1604 cogito.-
925 1567 997 1604 ergo
1004 1556 1099 1602 fimf,
1130 1556 1273 1602 primum
1290 1555 1486 1603 principium
1507 1557 1705 1605 cognitionis
1722 1568 1784 1594 no..

391 1601 456 1635 strae
477 1601 537 1636 effe
554 1617 619 1638 non
633 1605 749 1652 potest.

428 1649 518 1687 frob.
533 1654 632 1689 concl.
645 1655 794 1689 Primum
810 1654 1010 1702 cognitionis
1027 1655 1223 1702 principium
1238 1652 1285 1687 est
1300 1651 1457 1699 ejusmodi
1473 1682 1482 1697 ‚
1497 1664 1532 1689 ut
1549 1653 1673 1689 nullum
1693 1667 1735 1690 eo
1748 1654 1786 1691 fit

389 1701 474 1746 prius
492 1729 500 1743 ‚
511 1705 545 1736 ὅ(
556 1714 671 1737 caetera
687 1705 796 1738 omnia
808 1715 878 1749 quae
890 1714 980 1737 certo
999 1701 1253 1751 cognoscuntur,
1266 1701 1434 1737 necessaria
1453 1702 1592 1750 quadam
1606 1707 1785 1740 connexio-

389 1761 431 1783 ne
444 1761 483 1783 ex
504 1762 544 1783 eo
554 1752 731 1787 ducantur:
750 1751 802 1786 sed
822 1764 994 1799 utrumque
1013 1751 1099 1786 deest
1111 1752 1184 1787 huic
1203 1753 1377 1800 principio.
1403 1753 1547 1787 Primum
1563 1755 1652 1788 enim
1665 1782 1675 1797 ,
1692 1752 1714 1788 fi
1729 1766 1786 1789 co-

390 1800 460 1845 gito
477 1827 485 1841 ‚
500 1812 569 1834 rem
583 1800 722 1848 aliquam
740 1803 851 1850 cogito
862 1813 963 1850 :ergo
977 1805 1045 1848 jam
1058 1801 1182 1849 aliquid
1201 1813 1384 1845 noveram·3
1405 1803 1472 1836 imo
1492 1807 1525 1838 &
1540 1814 1594 1837 me
1609 1803 1710 1851 ipsum
1723 1814 1785 1838 no-

390 1860 521 1891 veram,
533 1861 607 1883 cum
622 1848 796 1894 dicebam,
812 1862 876 1899 ego
895 1852 1031 1899 cogi103
1057 1856 1091 1887 &
1114 1863 1168 1885 me
1183 1846 1244 1885 esse
1269 1853 1416 1898 ignorare
1432 1863 1499 1885 non
1516 1862 1664 1897 poteram
1677 1880 1688 1896 ‚
1708 1864 1783 1887 cum

389 1908 483 1943 agere
496 1909 552 1932 aut
565 1902 710 1953 cogitare
720 1913 788 1935 non
802 1899 916 1949 poffim
928 1928 937 1943 ‚
950 1898 1004 1934 nifi
1015 1898 1154 1934 habeam
1173 1897 1251 1935 effe:
1263 1911 1402 1946 cumque
1416 1899 1447 1932 id
1462 1900 1534 1933 dico
1543 1927 1554 1941 ‚
1577 1911 1640 1948 ego
1658 1902 1783 1949 cogito,

389 1946 478 1980 idem
497 1948 540 1981 est
549 1960 587 1982 ac
599 1951 618 1983 (ι
629 1950 771 1984 dicerem
783 1978 792 1992 ,
805 1962 868 1999 ego
882 1948 949 1984 sum
959 1951 1102 1998 cogitans
1113 1963 1122 1985 :
1133 1961 1213 1997 ergo
1225 1952 1292 1996 jam
1314 1947 1525 1996 praesuppono
1535 1960 1589 1982 me
1605 1947 1679 1985 effe.
1693 1950 1782 1986 Cum

389 1995 532 2042 denique
549 1995 589 2031 fic
602 1998 764 2034 concludo
778 2028 789 2043 ,
803 2010 865 2047 ego
882 2000 994 2047 cogito
1006 2026 1018 2040 ‚
1033 2009 1111 2046 ergo
1128 1997 1194 2031 sum
1206 2026 1216 2039 ‚
1228 1997 1314 2032 idem
1334 1995 1472 2044 probare
1489 1997 1604 2032 videor
1616 2000 1782 2046 peridem,

391 2049 424 2080 &
436 2045 514 2079 nihil
529 2045 617 2080 aliud
635 2046 741 2081 infero
751 2076 760 2089 ‚
771 2060 869 2095 quam
888 2047 922 2080 id
931 2046 1019 2094 quod
1036 2044 1291 2095 ptaesuppositum
1302 2046 1322 2082 ὲ
1334 2058 1386 2081 me
1397 2045 1472 2089 fuit,
1484 2047 1635 2081 nimirum
1650 2061 1705 2084 me
1719 2046 1781 2084 effe

390 2106 459 2127 rem
475 2097 686 2143 cogitantem.
710 2096 846 2131 Accedit
856 2107 957 2130 etiam
969 2096 1058 2142 quod
1069 2095 1122 2130 illa
1134 2094 1311 2145 propositio
1326 2124 1338 2139 ,
1356 2109 1411 2145 ego
1428 2097 1529 2145 cogito
1548 2095 1616 2140 ‚est
1633 2099 1780 2148 cognitio

389 2142 507 2178 reflexa
518 2173 527 2187 ,
544 2157 614 2188 quae
628 2146 783 2181 directam
800 2144 944 2193 aliquam
963 2144 1190 2194 praesupponit.

422 2195 499 2241 Jam
519 2205 631 2228 caetera
648 2207 718 2242 quae
735 2196 904 2239 novimus,
924 2207 962 2229 ex
976 2194 1033 2229 illo
1044 2197 1204 2243 principio
1219 2207 1285 2229 non
1303 2194 1446 2243 pendent
1459 2223 1469 2237 ‚
1482 2206 1592 2242 neque
1614 2207 1654 2231 ex
1669 2208 1708 2231 eo
1721 2207 1780 2231 ne-

390 2242 521 2276 cvss'irio
535 2242 796 2289 profluuntzuon
812 2247 901 2280 enim
917 2242 1039 2279 necesse
1055 2245 1101 2279 est
1113 2256 1147 2280 ut
1165 2245 1306 2293 cogitem
1327 2256 1381 2279 me
1400 2242 1460 2278 effe
1473 2271 1484 2286 ,
1497 2255 1532 2278 ut
1549 2256 1673 2280 certum
1697 2242 1781 2280 mihi

390 2287 427 2324 fit
444 2290 506 2323 δυσ
522 2297 555 2327 &
575 2293 640 2327 duo
656 2292 716 2328 effe
736 2298 938 2341 quatuort&
950 2306 1059 2340 quarn*
1075 2296 1099 2328 is
1124 2295 1271 2330 noverim
1285 2305 1338 2327 me
1351 2290 1411 2328 esse
1423 2322 1433 2336 ,
1449 2306 1515 2328 non
1530 2297 1686 2330 continuo
1700 2293 1780 2342 quid

389 2350 451 2373 eoo
463 2338 517 2373 fini
530 2370 537 2379 ,
557 2343 662 2376 ἠπίη]
680 2343 880 2391 cognoscam
901 2343 993 2389 Qid
1009 2346 1144 2392 erg0⁷an
1158 2342 1235 2377 illud
1254 2353 1320 2377 tam
1338 2355 1490 2391 magnum
1506 2354 1575 2377 erat
1588 2373 1598 2387 ‚
1622 2342 1709 2380 nosse
1726 2352 1781 2378 me

388 2387 449 2422 effe
465 2416 475 2433 ,
491 2401 547 2425 aut
564 2394 707 2441 cogitare
717 2421 728 2440 ‚
741 2400 786 2430 ut·
806 2404 897 2430 tanto
921 2404 1079 2444 apparatu
1087 2393 1128 2428 ad
1139 2392 1201 2430 hoc
1213 2393 1353 2442 primum
1372 2394 1571 2445 cognitionis
1587 2394 1784 2443 principium

1842 551 1857 570 „⁴
1841 521 1844 526 >
1839 336 1857 498 ηιμ...
1846 280 1857 336 2*
1838 200 1857 227 ‘1
