1857 2745
362 131 400 172 98
748 129 818 163 DE
850 126 1317 165 UNIVERSALIBUS

402 178 478 220 Sed,
493 179 664 222 inquiunt,
676 188 740 210 non
756 176 863 223 potest
891 175 979 211 idem
994 177 1109 225 gradus
1123 176 1213 212 simul
1230 177 1291 214 effe
1311 189 1412 226 genus
1427 182 1460 216 &
1479 178 1599 227 species
1621 180 1750 218 infima:

360 230 442 274 Ergo
454 224 474 260 fi
489 224 605 273 poffint
615 223 673 258 else
688 224 836 259 homines
855 224 960 272 specie
971 225 1085 260 diverfi
1095 255 1104 270 ,
1123 226 1225 262 homo
1235 240 1303 262 non
1313 229 1371 262 erit
1387 225 1418 275 sp
1425 229 1508 262 ecies
1528 227 1650 266 infima.

399 276 482 321 Κεφ.
507 274 650 308 Eundem
665 273 805 308 hominis
824 274 960 323 gradum
981 274 1042 310 effe
1059 274 1189 322 posse&
1202 289 1303 325 genus
1320 306 1329 319 ‚
1347 289 1419 311 cum
1443 277 1484 311 ad
1506 276 1656 313 homines
1680 278 1751 327 spe·
1793 279 1795 281 “

361 325 410 357 cie
427 321 568 356 diversos
585 334 791 371 comparatur
811 351 820 367 ,
834 323 1017 372 &speciem
1034 324 1181 360 infimam
1197 354 1207 369 ‚
1221 325 1278 360 ubi
1295 326 1335 360 :id
1354 325 1503 362 homines
1518 329 1577 374 qui
1596 329 1671 363 aestu
1682 330 1752 363 exi-

360 372 442 406 stunt
454 401 462 415 ‚
481 371 628 407 refertur.

400 422 487 470 Opp.
501 436 517 456 2
535 448 543 456 .
560 423 591 455 Si
617 433 682 455 non
699 419 798 456 essent
811 420 875 456 alia
896 420 1052 456 animalia
1069 433 1188 470 praeter
1202 423 1352 458 homines
1368 453 1378 468 ‚
1395 424 1749 461 11ihilominus⁴tamen

359 469 478 504 animal
498 469 574 505 effet
588 483 684 517 genus
699 484 706 505 :
724 483 802 520 ergo
816 469 893 506 licet
907 470 1009 505 homo
1023 470 1078 505 sub
1092 470 1121 505 se
1135 470 1256 507 habeat
1266 472 1360 520 ,plura
1378 474 1545 509 individua
1558 474 1626 510 soio
1637 487 1750 510 nume-

359 531 396 552 ro
407 517 530 554 diversa
544 548 553 563 ,
569 533 635 554 non
646 520 766 555 idcirco
784 532 896 555 tamen
916 521 977 554 erit
993 517 1111 568 species
1129 519 1250 556 infima.

391 568 483 616 Resp-
495 570 582 618 Neg.
597 571 779 617 paritatem.
799 571 888 605 Nam
898 570 1020 604 animal
1039 582 1106 604 non
1117 570 1301 617 praedicatut
1314 571 1505 607 immediate
1518 574 1558 607 de
1572 573 1683 609 multis
1698 575 1748 608 in-

358 617 626 667 dividuis-,gradus
635 620 754 667 quippe
772 620 945 666 interjacet
955 619 1039 652 inter
1049 619 1167 653 animal
1183 625 1215 656 δ(
1225 622 1405 654 Socratem.
1423 623 1487 656 Sed
1502 622 1606 657 nullus
1621 623 1664 656 est
1676 634 1749 670 gra-

357 666 416 700 dus
431 668 515 701 inter
532 667 700 704 hominem
715 673 749 704 &
769 670 938 703 Socratem
951 696 959 709 ‚
981 673 1014 704 δι
1029 668 1219 703 immediate
1234 669 1274 703 de
1303 670 1477 704 individuis
1496 672 1681 718 praedicatur
1693 688 1703 714 ·,
1716 673 1749 706 in

357 717 396 750 iis
405 716 630 761 contrahitur;
656 728 762 752 totam
780 729 893 752 eorum
914 714 1077 751 essentiam
1096 717 1149 751 suo
1171 717 1344 754 intelleetu
1364 720 1640 768 comprehendim
1663 719 1748 755 unde

359 764 462 803 homo
476 765 519 802 est
531 765 651 817 species
660 765 772 802 infima
785 796 796 811 ,
809 778 876 802 non
892 767 970 800 item
983 765 1115 802 animal.

772 847 1179 885 ARTICULUS
1232 849 1283 884 11.

388 928 451 963 An
464 941 563 978 genus
576 931 607 963 in
622 933 716 965 unica
724 930 830 977 specie
843 958 852 969 ‚
878 929 933 961 vel
943 929 1063 978 species
1082 931 1114 963 in
1125 930 1214 961 unico
1236 928 1405 963 individuo
1420 931 1601 975 conservari
1609 931 1712 979 poffit.

446 1010 601 1058 Uplicem
614 1010 823 1058 quaestionem
837 1022 904 1044 uno
928 1009 1064 1045 articulo
1080 1007 1301 1044 concludimus
1315 1038 1324 1052 ,
1343 1009 1433 1057 quod
1453 1011 1567 1045 eadem
1586 1010 1622 1046 fit
1639 1011 1748 1046 utrius-

447 1071 511 1106 que
529 1058 654 1094 solutio.

381 1110 460 1156 Jam
474 1119 588 1154 utquae
599 1105 669 1141 sunt
681 1103 821 1141 confessa
844 1112 877 1144 δε
893 1118 981 1141 certa
995 1133 1005 1149 ,
1028 1104 1070 1138 ab
1086 1107 1216 1140 incertis
1233 1106 1442 1141 secernamus.

389 1156 470 1192 Illud
484 1155 526 1190 ab
537 1155 687 1191 omnibus
700 1156 907 1199 conceditur,
931 1155 1069 1203 speciem
1088 1157 1119 1189 in
1135 1158 1232 1190 unico
1252 1155 1422 1189 individuo
1441 1157 1600 1203 integram
1619 1155 1747 1191 conset-

354 1208 424 1241 vati
440 1204 716 1254 poffe,dummodo
729 1204 791 1237 alia
812 1204 980 1240 individua
992 1202 1109 1251 poffint
1123 1205 1269 1240 existere.
1288 1204 1351 1237 Sed
1363 1204 1537 1238 Thomistae
1556 1217 1675 1254 negant
1687 1219 1744 1255 ge-

354 1268 412 1291 nus
429 1256 462 1290 in
471 1257 564 1289 unica
580 1253 682 1302 specie
701 1256 864 1301 integrum
877 1255 1005 1302 concipi
1022 1281 1030 1295 ,
1058 1259 1091 1289 &
1113 1252 1292 1287 conservari
1316 1251 1401 1301 poise
1421 1266 1428 1286 τ
1450 1265 1550 1300 atque
1562 1254 1593 1287 id
1608 1258 1744 1290 omnino

354 1305 474 1352 requiri
489 1314 624 1352 putant,
650 1314 686 1337 ut
707 1301 813 1350 plures
833 1303 982 1351 cujusque
994 1304 1118 1350 generis
1136 1301 1194 1337 fint
1208 1301 1347 1351 species:
1364 1314 1550 1349 quanquam
1565 1302 1650 1337 forte
1672 1318 1744 1339 om-

353 1356 402 1389 nis
412 1351 626 1388 controverfia
638 1353 668 1386 in
680 1349 815 1386 vocibus
835 1351 935 1400 posita
953 1352 1006 1387 est.
1020 1351 1129 1386 Video
1144 1354 1230 1386 enim
1249 1350 1418 1399 plerosque
1431 1351 1612 1385 Thoinistas
1627 1365 1745 1400 negare

354 1404 515 1437 rationem
539 1404 666 1449 generis
685 1403 844 1449 integram
858 1400 918 1436 effe
944 1398 1051 1449 poise,
1085 1399 1140 1435 nisi
1158 1400 1263 1447 plures
1289 1404 1356 1447 ejus
1380 1399 1497 1447 species
1517 1399 1626 1434 saltem
1649 1401 1743 1449 poffi-

355 1449 438 1485 biles
450 1453 690 1498 concipiantur:
703 1461 868 1498 utcunque
884 1463 921 1485 ea
932 1462 981 1484 res
994 1448 1024 1483 se
1037 1447 1181 1492 habeat,
1209 1461 1272 1484 una
1291 1447 1493 1483 conclusione
1508 1449 1588 1496 quid
1607 1448 1744 1485 sentien-

354 1500 432 1534 dum
445 1498 482 1534 fit
495 1528 505 1543 ,
537 1501 729 1548 aperiemus.

884 1549 990 1582 Vnica
1013 1546 1186 1591 Conclufio,

407 1601 517 1633 Genus
534 1599 566 1633 in
579 1599 672 1632 unica
700 1596 805 1647 specie
819 1596 937 1634 servati
958 1596 1061 1646 potest
1084 1596 1249 1645 integrum
1266 1627 1275 1641 ,
1306 1609 1340 1632 ut
1364 1596 1483 1645 species
1499 1598 1533 1631 in
1551 1598 1647 1632 unico
1662 1597 1747 1632 indi-

359 1648 470 1682 viduo.

388 1695 552 1730 Probatur
562 1695 732 1740 Conclnsto.
752 1699 860 1731 Genus
876 1695 1010 1744 spectati
1026 1693 1129 1742 potest
1143 1693 1195 1728 vel
1212 1697 1338 1729 ratione
1350 1694 1405 1728 suae
1420 1696 1565 1728 entitatis
1576 1723 1584 1736 ‚
1611 1693 1658 1728 seu
1670 1707 1740 1729 rna-

354 1747 440 1780 tei‘iae
460 1774 468 1788 ,
497 1756 632 1790 tumque
645 1745 750 1791 ¹walam
766 1746 808 1779 est
823 1757 927 1780 totum
941 1746 972 1780 in
993 1745 1085 1778 unica
1101 1742 1204 1789 specie
1221 1742 1400 1778 conservari
1416 1757 1423 1777 ε
1439 1755 1474 1777 ut
1494 1754 1603 1777 natura
1616 1745 1740 1777 anima-

352 1794 388 1828 lis
411 1796 533 1839 integra
551 1794 595 1827 est
609 1797 639 1827 in
657 1794 809 1830 homine:
825 1794 878 1829 vel
895 1792 1000 1842 potest
1016 1790 1205 1827 considerari
1217 1819 1226 1834 ‚
1245 1804 1279 1827 ut
1297 1791 1475 1827 universale
1493 1821 1501 1834 ,
1522 1791 1585 1825 sive
1596 1803 1630 1825 ut
1640 1805 1740 1827 unum

351 1854 459 1889 aptum
472 1840 507 1877 ut
522 1840 601 1876 sitin
617 1843 746 1887 multis,
769 1843 822 1878 vel
841 1855 877 1878 ut
890 1843 1078 1891 praedicetur
1091 1841 1131 1874 de
1145 1839 1206 1874 iilis
1219 1869 1227 1883 ‚
1260 1853 1393 1887 tumque
1406 1854 1471 1875 non
1486 1838 1608 1875 neccffe
1635 1842 1677 1875 cst
1704 1852 1741 1876 ut

348 1891 455 1927 multae
474 1891 532 1927 sint
548 1893 620 1926 netu
636 1891 755 1939 species
766 1921 776 1934 ,
793 1891 846 1926 sed
863 1891 935 1926 [atis
948 1891 1046 1926 fuerit
1058 1917 1067 1931 ‚
1094 1887 1114 1922 fi
1132 1889 1238 1923 multae
1254 1889 1314 1923 effe
1328 1888 1454 1936 poffint.

403 1941 551 1987 Confirm.
577 1942 609 1974 Si
628 1953 689 1974 una
708 1938 784 1975 elset
800 1939 935 1988 speciest
950 1938 1096 1973 animalis
1111 1966 1119 1979 ‚
1147 1949 1182 1971 ut
1202 1938 1270 1982 post
1290 1937 1552 1973 resurrectionem
1577 1938 1657 1972 solus
1677 1938 1739 1972 ho-

349 2003 403 2025 mo
418 1989 573 2038 supererit
596 2018 604 2032 ‚
634 1989 748 2023 eadem
761 2001 829 2023 tum
849 1989 936 2022 foret
949 1984 1078 2022 effentia
1097 1992 1130 2022 δε
1152 1986 1303 2022 definitio
1320 1988 1460 2022 hominis
1480 2002 1487 2022 ε
1505 2001 1581 2022 nam
1598 1986 1737 2022 effentiae

347 2051 453 2074 rerum
468 2040 585 2074 mutati
600 2052 665 2073 non
681 2036 805 2086 possunt
819 2052 826 2074 :
839 2040 923 2086 Ergo
934 2048 1003 2071 tum
1019 2035 1140 2071 animal
1152 2038 1312 2072 tationem
1333 2035 1523 2072 habiturum
1535 2037 1576 2072 cst
1588 2039 1715 2086 generis
1725 2065 1737 2082 ‚

348 2088 447 2135 idque
472 2091 503 2122 in
519 2100 580 2122 una
597 2087 704 2133 specie
729 2090 891 2136 integrum
915 2084 1104 2122 servabitur.

387 2135 544 2171 Probatur
559 2146 592 2172 2⁰
607 2136 727 2172 Eadem
742 2137 786 2171 est
803 2139 888 2170 ratio
904 2137 1029 2184 generis
1045 2164 1055 2179 ‚
1077 2148 1146 2182 quae
1172 2134 1306 2184 speciei3
1337 2136 1400 2172 five
1416 2140 1588 2172 entitatem
1607 2135 1706 2184 ipsam
1721 2146 1733 2181 ‚'

347 2196 403 2219 aut
423 2198 567 2220 naturam
582 2184 726 2234 spectes3
751 2184 815 2220 sive
835 2187 995 2220 rationem
1020 2184 1207 2220 universalis
1229 2200 1236 2221 :
1258 2185 1320 2220 Sed
1343 2186 1522 2221 fatentibus
1545 2184 1732 2220 adveisiriis

347 2232 464 2278 species
479 2237 508 2268 in
524 2239 618 2270 unico
632 2235 799 2270 individuo
820 2234 979 2270 servatur:
997 2235 1081 2268 unde
1096 2234 1139 2270 sol
1151 2247 1227 2270 unus
1241 2235 1325 2270 estin
1339 2234 1388 2270 sua
1405 2234 1517 2282 specie:
1534 2235 1606 2268 luna
1620 2234 1736 2270 itidem

346 2293 418 2323 una,
436 2280 546 2317 saltem
565 2297 600 2320 ut
617 2286 795 2319 communis
809 2283 873 2319 fert
889 2286 1022 2331 opinio·,
1045 2295 1160 2331 totque
1171 2283 1239 2319 sunt
1254 2283 1371 2332 species
1386 2282 1625 2333 Angelorum,fi
1641 2284 1734 2319 Tho-

348 2331 442 2381 mistiS
456 2333 613 2369 credimus
627 2363 636 2378 ,
649 2347 733 2383 quot
755 2333 826 2370 sunt
842 2333 1017 2371 individua.
1030 2336 1112 2383 Ergo
1126 2340 1159 2372 &
1172 2345 1272 2383 genus
1291 2335 1325 2369 in
1345 2336 1439 2370 unica
1458 2333 1559 2383 specie
1575 2335 1734 2382 integrum

349 2382 389 2413 (cl
400 2391 498 2416 vatur.
