1857 2745
468 137 532 172 DE
570 133 1068 173 PRAEDICAMENTIS.
1385 149 1424 180 131

105 182 236 227 objicit.
251 191 293 221 2⁰.
311 181 488 230 Qandarn
506 186 588 219 inter
606 183 714 219 locum
731 184 889 220 summum
900 190 935 221 δε
957 183 1105 220 infimum
1122 182 1184 218 effe
1211 185 1423 219 contrarieta-

4 233 6 236 ’
52 243 138 268 tem.
156 233 267 281 Qm
282 232 506 268 difficultatem
520 246 587 269 non
598 232 692 268 solvit
703 249 713 276 ·‚
725 233 777 268 vel
791 235 879 281 quod
895 234 1010 268 eadem
1025 232 1130 269 afferri
1140 230 1234 280 possit
1245 230 1423 279 responsio:

58 280 144 315 locus
163 293 250 316 enlm
261 281 400 329 superior
412 281 526 316 dicitur
539 295 613 316 curn
627 283 777 318 inferiore
786 282 921 317 collatus
940 300 949 327 3
974 282 1121 329 velquod
1137 283 1285 316 traetatio
1302 281 1426 315 deloco

50 329 96 363 ’ad
113 328 276 376 Physicarn
290 342 342 364 aut
354 329 609 378 Metaphyficam'
623 334 804 378 pertineat3
822 331 874 366 vel
892 331 1035 379 denique
1045 331 1131 377 quod
1143 332 1224 365 inter
1239 330 1309 363 loca
1318 342 1383 364 non
1392 328 1429 363 fit

49 380 183 426 >proprie
198 379 283 413 dieta
292 380 515 421 contrarietas,
526 392 599 413 cum
609 379 650 414 ab
662 381 778 414 eodem
795 379 937 428 subjecto
950 394 1015 415 non
1035 379 1095 414 sese
1111 378 1285 426 expellant.

93 428 240 462 Secunda
251 429 438 475 quantitatis
449 430 627 475 proprietas
637 431 669 463 in
685 442 725 461 co
739 428 835 475 polita
853 429 916 473 est,
932 430 1020 476 quod
1037 441 1102 463 non
1118 426 1260 475 suscipiat
1279 429 1380 475 magis
1397 432 1430 463 &

59 477 302 523 minusmeque
315 477 476 511 enimuna
493 475 670 524 superficies
683 478 837 526 estmagis
855 477 1030 526 superficies
1054 489 1154 524 quam
1174 477 1281 510 altera.
1306 478 1428 510 Dicitur

56 524 190 570 quidem
202 527 361 572 quantitas
377 536 431 559 aut
446 530 549 573 major
560 554 569 568 ,
582 537 636 560 aut
648 528 767 569 minor,
782 539 816 561 ut
830 527 935 575 plures
949 525 1050 561 habet
1058 537 1164 573 partes
1182 536 1237 558 aut
1252 526 1429 571 pauciores:

46 571 110 606 'sed
120 584 163 606 eae
175 585 280 620 partes
299 585 394 608 extra
408 573 437 607 se
451 576 607 617 invicem,
624 588 692 609 non
705 578 786 609 intra
799 575 828 610 se
846 574 953 624 positae
966 576 1191 622 concipiuntur
1205 588 1212 608 z
1233 584 1267 606 ut
1285 574 1319 605 iis
1336 572 1431 606 rebus

57 621 175 655 accidit
186 634 257 668 quae
267 621 432 670 suscipiunt
445 625 545 672 magis
562 628 595 659 &
610 625 727 659 minus.
751 625 841 659 Nam
857 637 905 658 res
921 625 1035 658 dicitur
1048 623 1147 657 alter&
1176 621 1359 664 candidior,
1374 633 1428 655 aut

55 667 189 703 calidior
202 699 212 714 ‚
224 683 298 705 cum
311 670 414 719 plures
429 674 545 720 gradus
556 671 718 706 albedinis
734 672 915 710 autaealoris
931 675 964 707 in
981 672 1097 707 eadem
1110 670 1242 720 subjecti
1256 681 1347 718 parte
1367 669 1429 703 sese

49 727 248 765 penetrant:
264 719 352 765 quod
362 722 536 766 quantitati
547 723 723 754 convenire
737 732 804 754 non
815 722 934 768 potest:
953 731 1027 755 cum
1044 720 1128 754 illius
1146 731 1251 767 partes
1269 717 1356 753 nulla
1368 721 1434 753 vir·-

48 774 126 800 'tute
135 766 309 801 naturalise
317 765 347 800 se
356 778 523 814 penetrare
539 766 667 815 possint,
685 765 739 802 sed
751 766 793 802 ab
807 769 929 804 eodem
945 769 1019 803 loco
1030 767 1091 804 sese
1114 768 1296 803 extrudam.

103 816 215 849 Tertia
225 817 413 862 quantitatis
429 817 650 864 proprietasin
660 816 723 850 hoc
734 815 836 864 polita
853 818 898 852 est
910 847 919 861 ,
937 818 1025 865 quod
1052 829 1154 866 penes
1171 828 1243 850 eam
1261 827 1312 850 res
1326 815 1432 851 dican-

56 872 107 897 tut
115 863 252 910 aequales
263 865 499 911 aurinaequales
514 876 569 900 :ut
578 863 746 900 similitudo
758 877 860 913 penes
874 866 1065 915 qualitatem
1081 867 1235 913 accipitur
1249 879 1256 900 ι
1279 864 1433 900 Sic-linea

58 912 176 945 dicitur
184 912 313 958 aequalis
323 912 426 948 lineae.
1080 957 1083 958 ⁷

93 962 137 995 Ex
147 959 197 994 his
210 960 318 1008 liquet.
330 962 480 1009 1⁶.»Qias
494 962 655 997 attulimus
665 964 879 1011 proprietates
892 991 901 1004 ‚
918 971 984 997 non
995 960 1095 996 niodo
1108 962 1283 1007 quantitati
1293 973 1427 1010 catego-

55 1010 128 1043 ricae
141 1037 150 1051 ,
167 1008 218 1043 sed
235 1012 430 1044 etiamomni
443 1013 618 1057 quantitati
631 1039 641 1053 ‚
654 1023 689 1044 ur
698 1023 810 1046 mente
824 1010 1042 1059 praescinditur
1057 1010 1078 1044 a
1094 1012 1246 1044 continua
1264 1015 1297 1046 ὃ(
1314 1009 1430 1045 disere-

57 1067 99 1100 ta,
118 1069 327 1105 permanente
345 1063 379 1095 δε
409 1057 573 1094 successiva
587 1088 596 1101 ,
616 1062 804 1095 convenire.
826 1061 989 1094 Numerus
1003 1060 1123 1105 quippe
1143 1070 1208 1092 non
1227 1058 1274 1091 cst
1298 1070 1433 1093 numero

56 1108 251 1149 emmaum,
268 1118 329 1141 nec
338 1105 466 1155 ‘suscipit
479 1109 583 1156 magis>
597 1113 630 1142 ὅ(
642 1109 746 1142 minus
760 1137 769 1151 ‚
783 1119 882 1155 atque
902 1119 982 1143 unus
1008 1106 1050 1140 est
1066 1106 1160 1140 alteri
1181 1106 1325 1153 (equalis.
1343 1107 1434 1141 Ideni

59 1154 233 1189 dicendum
247 1155 287 1189 de
303 1157 452 1190 oratione
466 1184 475 1198 ,
488 1167 647 1202 quatenus
658 1156 721 1190 hoc
735 1156 809 1191 loco
823 1158 978 1203 accipitur
1002 1167 1060 1202 pro
1079 1166 1215 1189 numero
1241 1154 1434 1202 syllabarum

57 1214 129 1250 quae
138 1201 196 1237 fibi
205 1216 320 1239 mutuo
332 1203 667 1252 succedunt.Tempus
684 1205 796 1240 itidem
809 1205 897 1252 quod
907 1206 950 1239 est
963 1215 1111 1239 numerus
1121 1203 1367 1245 motus‚easdem
1379 1204 1436 1238 hta-

57 1250 116 1286 bet
131 1253 354 1300 proprietates.
373 1254 621 1288 Dicimusenim
630 1265 758 1302 tenipus
777 1254 869 1288 alteri
885 1253 1006 1301 aequale
1025 1269 1033 1294 3
1049 1263 1179 1286 motum
1207 1253 1320 1287 itidem
1341 1253 1435 1287 alteri

58 1300 222 1347 aequalem.
236 1304 279 1336 At
292 1301 369 1337 licet
387 1313 490 1336 motus
502 1302 631 1337 inter-se
647 1304 799 1337 contrarii
809 1303 982 1338 videantur
994 1303 1222 1345 ,contrarietas
1245 1312 1354 1336 tamen
1371 1315 1437 1335 non

58 1350 92 1384 in
103 1361 192 1384 motu
202 1349 290 1398 ipso,
308 1349 403 1385 sedin
413 1350 571 1396 adjunCHS
589 1352 685 1386 inest:
700 1364 736 1387 ut
745 1352 833 1399 quod
845 1350 1004 1399 oppositas
1021 1348 1121 1385 habet
1137 1349 1438 1392 determinationes3

54 1398 145 1444 'quod
161 1411 266 1434 motus
276 1399 357 1433 alter
369 1398 516 1435 deorsum
527 1429 537 1443 ,
548 1399 629 1434 alter
645 1399 760 1435 sursum
770 1401 894 1436 tendat.
905 1400 969 1435 Sed
986 1399 1046 1434 ista
1059 1409 1152 1433 erunt
1164 1400 1326 1446 apertiora
1340 1427 1349 1442 ‚
1361 1410 1435 1433 curn

59 1449 245 1493 quantitatis
265 1449 429 1496 categoria
439 1447 459 1483 ὲ.
476 1448 570 1484 nobis
585 1448 685 1483 fuerit
697 1448 879 1496 explicata.·

519 1527 870 1564 A'RTICULUS
921 1530 999 1562 IV.⁴

360 1609 431 1665 Qu
452 1614 704 1665 adkategoriam
722 1614 917 1662 quantiiatis
929 1618 1121 1664 pertineant.

60 1685 123 1771 P
133 1683 231 1717 Rima
248 1687 282 1719 δέ
295 1681 419 1719 summa
429 1685 616 1731 quantitatis
626 1682 737 1718 divifio
750 1684 792 1717 est
804 1684 838 1717 in
853 1685 1041 1718 continuam
1057 1688 1090 1719 δε
1100 1681 1286 1720 discretam:
1299 1694 1437 1730 utraque

133 1732 174 1766 est
184 1743 376 1779 permanens
390 1744 443 1768 aut
457 1731 634 1767 successeva.
653 1732 740 1766 Illius
754 1743 860 1781 part:s
874 1744 988 1766 ornnes
1008 1730 1096 1766 simul
1107 1733 1269 1768 existunt:
1289 1744 1325 1766 ut
1341 1731 1438 1774 linea,

60 1793 231 1823 numerus3
246 1780 313 1814 haec
331 1793 409 1816 vero
421 1782 535 1816 dicitur
551 1786 633 1830 cujus
653 1793 760 1827 partes
780 1784 813 1814 in
827 1783 892 1826 juzzi
916 1779 1006 1815 fluxu
1028 1779 1101 1815 sunt
1119 1779 1223 1827 positae
1240 1810 1249 1822 ‚
1269 1791 1305 1814 ut
1321 1791 1440 1821 motus,

57 1841 117 1864 aut
126 1841 261 1876 ternpus·
286 1831 340 1863 Sic
349 1832 511 1876 quantitas
522 1829 585 1864 alia
598 1842 637 1864 ex
657 1829 825 1865 Aristotele
842 1828 935 1865 situm
953 1841 1008 1863 aut
1022 1827 1214 1877 positionem
1231 1827 1332 1863 habet
1354 1843 1361 1861 ς
1381 1840 1438 1861 cu-

57 1882 104 1926 jus
122 1879 249 1926 generis
262 1877 309 1911 est
319 1877 383 1912 sola
391 1879 554 1925 quantitas
570 1891 763 1926 permanens
777 1884 810 1914 ὃ(
824 1879 999 1920 continrm3
1017 1878 1078 1911 alia
1097 1877 1221 1912 nullum
1240 1875 1339 1911 habet
1350 1875 1440 1910 situm

42 1952 45 1954 -
61 1937 115 1960 aut
133 1925 342 1974 politionem:
359 1938 392 1961 ut
406 1939 556 1961 numerus
572 1956 580 1969 ‚
595 1939 722 1975 tempus
741 1931 802 1963 &c.
817 1937 900 1961 nunc
912 1928 1064 1973 quaetitur
1084 1938 1231 1974 quaenam
1249 1927 1437 1972 quantitatis

62 1972 182 2022 species
201 1976 235 2009 in
253 1977 415 2021 categoria
435 1975 646 2012 collocentur.
836 1988 841 1992 ”

96 2024 145 2058 Ac
159 2025 306 2069 primum·
316 2023 395 2058 illud
405 2036 529 2059 certum
540 2025 666 2060 videtur
678 2053 687 2066 ,
698 2026 917 2070 quantitatem
937 2036 1068 2059 omnem
1085 2022 1249 2057 discretam
1265 2023 1284 2058 ξι
1301 2022 1378 2057 serie
1391 2034 1443 2057 ca·

64 2073 205 2118 tegorica
220 2071 346 2107 excludi
361 2085 514 2121 oportere
530 2103 538 2115 ‚
554 2072 574 2107 fi
592 2072 794 2107 conditiones
818 2085 929 2107 omnes
952 2085 1022 2120 quse
1046 2076 1077 2108 in
1097 2071 1297 2120 praeambulis
1310 2100 1320 2114 ,
1337 2070 1388 2105 seu
1409 2073 1442 2106 in

62 2121 391 2168 antepraedicamentis
409 2123 478 2157 lunt
494 2121 595 2157 allatae
611 2151 617 2157 .
636 2122 746 2156 stricto
763 2126 830 2170 jure
848 2151 858 2163 ,
873 2134 909 2156 ut
925 2124 1036 2164 aiunt,
1068 2120 1239 2155 serventur.
1260 2124 1340 2156 Non
1355 2122 1442 2154 enim

61 2181 214 2203 numerus
225 2170 268 2204 est
279 2171 355 2211 quid
367 2183 466 2205 unum
479 2183 537 2219 per
555 2171 584 2206 se
595 2200 603 2214 ,
614 2170 666 2206 seu
676 2171 766 2204 unius
777 2182 905 2213 naturae,
920 2171 970 2205 sed
981 2183 1036 2204 ens
1055 2183 1109 2218 per
1124 2170 1269 2203 accidens
1280 2198 1290 2212 ,
1308 2169 1328 2203 ἐι
1345 2168 1441 2203 rebus

64 2215 135 2298 ispfis
158 2230 223 2252 non
240 2219 434 2254 distindlmm.
454 2223 574 2255 Oratio
585 2232 743 2254 veronon
753 2218 840 2253 aliud
851 2220 1001 2266 quiddam
1019 2219 1073 2260 est,
1093 2216 1149 2252 nisi
1170 2230 1234 2251 vox
1249 2231 1285 2252 cx
1297 2216 1441 2265 plut-ibus

77 2267 146 2298 onis
159 2266 313 2302 distinctis
326 2296 335 2310 ‚
348 2274 382 2304 &
403 2267 460 2302 fibi
474 2266 710 2304 succedentibus
723 2267 897 2316 composita
915 2286 923 2311 ;
935 2279 1040 2313 neque
1052 2266 1151 2301 ullam
1168 2265 1269 2301 habet
1286 2264 1441 2301 extensio-

65 2325 140 2348 nem
156 2312 176 2347 ἒῑ
188 2326 324 2399 ΰῑίιὶωεῐο
344 2322 378 2354 &
395 2328 544 2366 tempore
568 2316 760 2367 sejunx‘rbim:
777 2328 878 2365 quate
896 2317 1075 2352 distinctam
1090 2317 1281 2363 quantitatis
1304 2314 1441 2364 speciem

65 2373 132 2396 non
151 2373 214 2397 con
240 2375 322 2400 ituit.
713 2387 717 2390 ·

1198 2414 1288 2457 Rs,
