1857 2745
336 118 396 148 206
861 104 889 138 L
916 104 951 138 O
981 102 1011 137 G
1034 102 1048 135 Ῐ
1073 101 1103 137 C
1132 105 1169 138 AE

374 161 488 206 Qare
506 154 666 191 certitudo
676 154 871 204 cognitionis
888 181 898 196 ,
921 151 974 187 seu
990 151 1135 187 formalis
1148 151 1189 186 ad
1203 151 1367 187 rationem
1383 147 1524 186 scientiae
1535 167 1537 170 ·
1547 151 1746 201 requiritur}

340 220 445 256 eaque
460 207 506 240 est
521 201 693 241 necelsaria
710 204 942 239 determinatio
961 201 1001 235 ad
1016 203 1200 237 veritatem.
1210 232 1212 234 ,
1223 204 1260 237 In
1274 200 1339 237 fide
1365 200 1478 236 divina
1493 205 1527 237 &
1545 199 1681 238 scientia
1699 205 1748 238 ita

340 258 477 293 occurrit
493 284 501 298 ,
514 266 548 290 ut
566 266 702 288 omnem
721 265 864 288 errorem
875 281 886 296 ‚
911 249 1220 287 autidubitationern
1236 263 1373 299 utraque
1389 249 1538 286 excludat
1553 264 1561 286 ε
1582 253 1672 298 quod
1685 264 1748 288 nec

339 308 455 341 divinae
474 305 648 345 relationi,
667 315 727 338 nec
741 303 944 337 connexioni
957 299 1059 335 medii
1070 313 1141 336 cum
1161 303 1334 344 extremis,
1359 312 1415 335 aut
1428 297 1656 349 praeinissaruin
1673 313 1750 336 cum

340 352 589 389 conclusionem
606 351 736 387 scientia
752 351 866 387 falsum
878 348 999 386 subeffe
1015 349 1188 398 poffittac
1200 363 1291 387 mens
1307 349 1372 399 ipsa
1391 351 1530 386 omnino
1544 349 1750 399 persuadetur

343 415 412 438 rem
427 403 521 437 aliter
537 402 567 437 se
585 401 707 436 habere
722 415 789 437 non
803 400 900 450 poffe.

370 456 446 501 Jam
458 453 543 487 unde
559 451 612 485 illa
624 452 786 486 certitudo
799 451 998 495 cognitionis
1016 449 1148 493 nostm,
1173 462 1236 498 qua
1253 448 1435 485 intellectus
1450 451 1655 486 convincitur
1680 462 1753 486 rem

342 502 436 538 ahter
452 500 481 536 se
497 500 618 536 habere
633 514 700 536 non
710 498 816 549 polle,
841 492 877 534 iit
903 499 1079 548 repetenda
1090 527 1100 542 ‚
1119 513 1188 535 non
1198 502 1244 534 ita
1256 498 1416 548 explicatu
1431 498 1526 534 facile
1537 500 1590 534 est.
1605 499 1755 536 Platoni-

342 553 375 587 ci
391 551 431 585 ad
441 551 528 586 ideas
543 549 735 598 confugiunt
749 579 759 593 ‚
779 548 831 584 seu
842 560 976 584 :eternas
993 550 1154 593 rationes,
1174 561 1214 584 ex
1228 548 1345 596 quibus
1368 548 1423 583 lux
1435 551 1541 584 omnis
1555 552 1701 584 veritatis
1720 551 1756 585 in

345 611 474 636 mentes
489 600 607 636 nostras
622 599 784 634 delabitur
800 615 808 642 3
832 601 866 635 in
885 601 921 632 iis
938 600 1120 645 ‚inquiunt
1131 628 1140 642 ,
1155 601 1273 633 veritas
1287 610 1367 646 puta
1385 627 1394 643 ,
1406 596 1543 642 sincera,
1563 600 1690 648 integra
1703 600 1769 635 in.»

343 652 500 694 venitur;
516 648 638 696 ubique
650 648 779 698 fulgent
794 678 803 692 ,
821 650 1037 684 communiter
1054 649 1169 696 praesto
1186 646 1259 683 sunt
1271 646 1435 683 omnibus.
1461 649 1496 682 In
1511 649 1549 683 iis
1567 649 1678 695 itaque
1696 653 1750 697 ju-

345 701 465 734 dicium
486 710 609 733 certum
627 703 660 734 &
674 710 789 733 verum
800 698 994 733 constituunt
1006 698 1200 746 :judicamus
1214 700 1337 746 quippo
1350 697 1391 731 de
1401 695 1497 732 rebus
1511 696 1687 733 secundum
1702 700 1766 733 inm

345 750 478 783 teriores
495 747 651 796 quasdam
660 746 785 796 regulas
800 749 945 783 veritatis
962 775 972 790 ,
999 758 1078 794 quas
1096 748 1313 782 communiter
1326 748 1484 782 cernimus
1495 775 1504 790 ,
1529 759 1667 794 quaeque
1683 746 1764 782 sunt:

346 809 458 834 mente
471 799 573 833 nostra
592 795 625 831 su
651 799 779 834 erim-es,
801 799 892 834 Nam
904 807 942 832 ut
958 795 1034 830 illud
1047 797 1078 830 iu
1094 798 1205 831 animo
1220 795 1364 830 humano
1378 794 1662 844 praestantiffimum
1682 796 1726 830 est
1740 823 1751 840 ,

345 859 414 882 non
426 859 492 894 quo
509 846 605 882 sentit
629 843 770 881 ensibilia
784 875 793 890 ‚
813 845 864 881 sed
875 846 996 894 judicat
1008 845 1048 879 de
1061 844 1272 889 sensibilibus,
1284 846 1348 888 ita,
1361 848 1468 892 inquit
1479 845 1669 894 Augustinus
1684 844 1703 879 l.
1719 860 1761 882 20.

348 896 388 930 de
404 894 498 932 liber.
515 895 677 943 arb.leges
693 896 749 928 vel
765 895 875 944 regnlae
886 897 1040 929 veritatis
1054 898 1133 940 sunt
1154 895 1245 942 longe
1263 904 1366 927 mente
1383 893 1485 937 nostra
1503 894 1757 939 excellentiores,

348 957 418 978 cum
439 945 498 978 illae
517 945 585 990 fint
605 942 822 979 immutabiles
835 969 845 983 ,
870 942 908 978 ὠ*
937 943 976 978 de
993 942 1067 990 ipfis
1082 941 1247 977 mentibus.
1268 940 1579 989 nostrisusrcundiim.
1594 955 1645 977 eas
1666 943 1756 984 jndi-

350 1006 462 1029 cemus.

395 1039 624 1086 Qamobrem
638 1042 782 1075 veritatis
796 1039 933 1088 tegulae,
949 1038 1166 1074 liPlatonicis
1179 1039 1338 1074 credimus
1350 1067 1359 1081 ,
1377 1051 1444 1073 non
1464 1039 1533 1075 sunt
1552 1039 1594 1074 ab
1609 1040 1756 1075 homini.-

352 1088 409 1122 bus
424 1088 595 1131 institutae,
624 1101 730 1135 neque
753 1090 793 1122 ad
810 1090 928 1123 mentis
951 1086 1084 1133 alicujus
1103 1089 1268 1134 pertinent
1289 1100 1437 1122 naturam
1452 1116 1462 1131 ,
1489 1088 1540 1123 sed
1563 1090 1656 1124 instar
1674 1088 1771 1123 lucis-

353 1136 505 1172 omni‘bus
523 1136 595 1172 sunt
612 1149 800 1172 communes
815 1165 824 1179 ‚
852 1134 984 1184 &quasi'
994 1134 1151 1183 publicae:
1172 1148 1208 1170 ut
1221 1137 1336 1171 eodem
1354 1139 1386 1171 in
1402 1135 1477 1171 loco
1491 1137 1622 1186 pulchre
1641 1141 1765 1186 Augu-⁴

354 1187 448 1222 stinus
463 1185 614 1234 explicat.
636 1187 794 1220 Veritatis
809 1214 818 1225 ‚
839 1187 966 1232 inquit,
991 1186 1050 1218 lux
1064 1212 1071 1223 ,
1096 1196 1153 1219 aut
1172 1186 1332 1234 sapientiae
1349 1214 1357 1228 ,
1389 1198 1448 1220 non
1470 1187 1678 1223 multitudine
1699 1199 1756 1220 an-

355 1236 511 1269 dientium
525 1234 646 1284 stipata
654 1235 792 1280 secludit
807 1236 968 1269 venientes
981 1263 990 1278 ‚
1015 1246 1070 1268 nec
1097 1237 1266 1282 peragitur
1277 1246 1434 1284 tempore,
1456 1248 1512 1270 nec
1527 1237 1649 1285 migrat
1665 1238 1755 1279 locis,

358 1296 413 1319 mc
439 1284 522 1319 nobie
548 1286 770 1332 intercipitur,
802 1296 858 1318 nec
882 1281 996 1325 umbna
1015 1283 1343 1327 intercluditurrmc
1361 1282 1501 1331 senfibns
1527 1287 1664 1334 corporis
1679 1283 1758 1331 san

355 1344 447 1375 lacet.

393 1382 472 1429 Qo
483 1394 591 1418 autem
608 1382 707 1418 modo
717 1381 785 1417 illas
801 1381 924 1430 regulas
941 1382 1085 1415 veritatis
1104 1382 1295 1425 intueamur,
1308 1381 1347 1415 ad
1365 1394 1498 1430 quas-ea
1516 1383 1758 1431 exigin3u5,quae
1804 1409 1809 1414 i

359 1433 521 1466 cernimus
534 1459 542 1473 ‚
562 1432 624 1466 hoc
638 1431 712 1466 loco
731 1431 891 1479 explicare
907 1443 976 1465 non
989 1428 1161 1478 possumus,

399 1480 478 1514 Illud
505 1481 637 1526 quidem
652 1492 778 1514 certum
792 1480 920 1514 videtur
937 1507 946 1522 ‚
975 1481 1146 1513 veritatem
1168 1492 1237 1514 non
1253 1478 1387 1527 simplici
1412 1482 1530 1515 mentis
1550 1480 1688 1525 intuitu,
1704 1480 1758 1517 sed

358 1528 506 1576 perfecto
519 1529 641 1575 judicio
653 1528 792 1576 intelligi
804 1542 811 1564 :
824 1528 868 1561 est
883 1529 971 1563 enim
984 1529 1103 1561 veritas
1118 1556 1131 1570 ,
1145 1528 1416 1564 reiconformitas
1429 1542 1501 1564 cum
1520 1528 1574 1563 suo
1595 1530 1760 1578 exempla-

360 1579 384 1611 ti
402 1590 521 1624 :quam
540 1578 674 1623 quidem
693 1579 960 1612 convenientiam
979 1578 1096 1611 intueri
1123 1589 1188 1612 non
1206 1577 1365 1626 polsumus
1379 1608 1389 1623 ‚
1426 1577 1446 1613 fi
1477 1578 1577 1628 ipsum
1593 1580 1760 1629 exemplat

356 1629 485 1674 penitus
501 1629 650 1673 ignotum
665 1626 912 1674 estfquomodo
933 1627 1021 1661 enim
1037 1625 1132 1660 sciam
1150 1638 1256 1661 utrum
1268 1630 1375 1676 imago
1387 1628 1498 1676 aliqua
1514 1627 1675 1664 Caesarem
1698 1641 1759 1665 ex-

358 1677 496 1723 primat,
509 1675 564 1709 nisi
578 1674 736 1711 Cresirem
754 1687 919 1722 utcunque
944 1677 1116 1710 noverim„v

394 1727 478 1771 Qae
490 1724 529 1758 de
544 1726 738 1760 certitudine
752 1725 890 1759 diximus
899 1754 908 1769 ‚
925 1722 1021 1760 facile
1031 1723 1072 1758 ad
1083 1725 1280 1761 evidentiam
1294 1725 1431 1761 scientiae
1441 1725 1606 1760 transferri
1619 1724 1760 1775 poffiint3

358 1786 432 1808 cum
443 1774 603 1808 certitudo
617 1773 679 1822 ipsi
691 1776 723 1810 in
738 1774 923 1817 evidentia,
946 1772 1194 1822 saltem'magna
1212 1786 1251 1808 ex
1270 1787 1361 1823 parte
1383 1772 1483 1823 posita
1498 1773 1551 1819 fit,
1573 1787 1674 1823 atque
1692 1775 1760 1822 ipsa

357 1822 520 1857 evidentia
532 1822 568 1857 fit
589 1821 675 1870 quali
694 1835 790 1866 nota,
811 1835 868 1858 aut
882 1824 1046 1859 chara&er
1061 1825 1206 1858 veritatis
1221 1828 1254 1859 ὃς
1268 1825 1489 1859 certitudinis:
1503 1835 1572 1858 turn
1583 1826 1670 1858 enim
1682 1835 1759 1871 pro-

355 1870 472 1918 positio
483 1884 570 1906 certa
588 1871 684 1907 nobis
699 1873 825 1907 videtur
835 1901 845 1915 ‚
856 1886 930 1909 cum
943 1884 1000 1920 per
1015 1873 1124 1906 adium
1140 1875 1260 1907 mentis
1273 1871 1385 1906 saltem
1400 1871 1582 1907 virtualiter
1599 1871 1771 1908 reflexum·
1799 1903 1801 1905 ,

361 1920 443 1955 illius
458 1923 635 1955 veritatem
653 1923 823 1957 cernimus.

392 1971 597 2005 Evidentiam
609 1969 706 2019 vulgo
719 1969 881 2018 duplicem
891 1968 1048 2005 statuunt:
1060 1969 1280 2004 immediatam
1291 1997 1300 2011 ‚
1317 1969 1419 2015 qualis
1437 1969 1528 2004 estin
1544 1971 1654 2017 primis
1664 1972 1757 2018 prina-

359 2022 447 2067 cipiis
463 2037 472 2062 ·,
489 2025 524 2056 δε
539 2019 734 2062 mediatam,
748 2030 821 2066 quae
832 2017 974 2053 medium
987 2017 1119 2065 aliquod
1133 2017 1376 2066 postulat‚quod
1391 2017 1585 2053 attributum
1597 2031 1670 2053 cum
1683 2018 1756 2054 sub-

358 2071 444 2117 ,esto
460 2068 622 2103 conciliet.
641 2070 722 2103 Haec
738 2067 902 2105 evidentia
914 2068 946 2102 in
957 2066 1160 2102 conclusione
1174 2067 1456 2102 demonstrationis
1470 2069 1636 2103 invenitur
1650 2070 1756 2117 :prior

360 2117 440 2152 vero
453 2118 614 2152 evidentia
624 2131 689 2152 non
708 2117 896 2152 induCtione
908 2114 981 2160 sola,
997 2129 1033 2151 ac
1045 2116 1188 2152 sensuum
1198 2117 1382 2152 testimonio
1392 2119 1519 2160 nititur,
1540 2116 1593 2151 sed
1609 2119 1642 2152 in
1660 2129 1756 2152 natu-

363 2167 768 2214 raliquodamintellestfis
782 2166 921 2209 lumine,
943 2167 1161 2214 quodcunque
1171 2166 1246 2200 illud
1258 2165 1308 2208 fit,
1331 2165 1429 2214 posita
1440 2165 1588 2209 est3seu,
1610 2177 1644 2200 ut
1656 2165 1708 2201 vul
1733 2165 1754 2201 ὸ

363 2215 445 2250 solet
465 2216 639 2264 explicari,
659 2219 691 2251 in
714 2218 926 2265 proportione
944 2216 1081 2264 quadam
1097 2215 1219 2263 objeffi
1240 2215 1278 2249 ad
1301 2215 1489 2250 facultatem
1510 2213 1654 2250 confistat
1676 2232 1684 2259 3
1703 2179 1756 2251 [ξω

365 2276 453 2297 mens
467 2266 504 2298 ad
524 2268 667 2314 cognitas
680 2266 764 2300 ideas
776 2266 947 2301 attendens
966 2265 1159 2300 attributum
1170 2267 1205 2300 in
1225 2264 1358 2312 subjedffi
1381 2265 1451 2298 idea
1464 2266 1624 2299 contineri
1648 2265 1754 2313 perci-

364 2313 442 2358 piat.
471 2314 568 2360 Qod
585 2328 635 2350 ex.
652 2327 697 2363 gr.
712 2327 816 2351 totum
831 2313 865 2350 sit
881 2313 933 2349 sua
946 2325 1037 2364 parte
1054 2319 1153 2363 majus
1168 2344 1176 2358 ‚
1202 2314 1291 2362 hujus
1311 2315 1459 2362 piincipii
1481 2315 1597 2348 veritas
1612 2325 1668 2348 aut
1685 2316 1754 2347 evi..

364 2361 474 2396 dentia
496 2376 562 2399 non
578 2376 615 2400 ex
640 2363 703 2400 sola
718 2366 909 2403 induffione
920 2392 930 2410 ,
949 2376 984 2401 ut
999 2363 1079 2414 saepe
1098 2365 1220 2401 dictum
1240 2363 1301 2407 est,
1324 2374 1380 2400 aut
1401 2361 1548 2402 sensuum
1566 2362 1755 2401 testimonio
