1857 2745
468 112 537 147 DE
586 109 1101 148 PRAEDICAMENTIS.
1264 107 1271 113 “
1425 125 1471 156 117

86 161 229 212 quaedam
236 157 651 208 sunt'proedicamentainter
661 171 732 206 quae
748 158 832 193 nulla
851 158 895 191 est
911 157 1004 192 realis
1016 159 1197 196 distinffio:
1211 172 1246 195 ut
1265 162 1349 194 inter
1362 162 1468 195 astio-

86 225 160 248 nem
185 215 219 248 ὃς
244 206 440 258 pastionem:
459 221 519 244 nec
546 208 631 244 forte
647 204 768 256 septem
789 207 901 242 ultima
918 206 939 242 ὸ.
959 206 1103 257 subjcCto
1115 210 1359 258 distinguuntur.
1383 212 1466 258 Ergo

85 271 136 296 tot
160 261 328 307 categoriae
342 259 472 293 admitti
482 271 548 292 non
567 256 701 292 debent.

120 309 207 356 Resp.
231 308 481 343 Distinfflonem
496 305 615 340 realem
636 307 721 340 inter
729 304 977 353 praedicamenta
987 317 1053 340 non
1065 308 1204 353 requiri,
1219 306 1271 340 sed
1293 305 1465 341 virtualem

84 354 242 400 sufficere,
255 368 291 390 ut
306 357 448 390 idearum
459 383 469 399 ‚
479 365 532 389 aut
547 366 761 403 conceptuum
777 356 898 389 vitetur
908 353 1062 389 confufio.
1086 357 1175 390 Hinc
1191 353 1257 402 ipse
1283 354 1465 390 Aristoteles

84 408 118 441 in
136 407 239 452 capite
251 405 292 438 de
300 403 455 451 qualitate
466 415 526 439 nos
543 403 698 438 admonet
711 402 813 446 ,nihil
826 401 954 437 absurdi
965 400 1044 448 effe,
1056 401 1076 437 fi
1090 415 1139 438 res
1155 404 1271 438 eadem
1285 405 1319 438 in
1337 401 1466 438 diversis

84 453 338 503 praedicamentis
357 452 542 488 collocetur.

92 535 97 538 .
123 501 333 548 Cumitaque
346 500 396 535 hic
407 503 637 550 categoriarum
651 512 798 535 numerus
817 512 856 534 ex
877 499 1047 536 hominum
1065 499 1202 535 arbitrio
1216 500 1376 545 pendeat,
1393 499 1463 534 fere

82 562 120 590 ut
128 552 283 584 orationis
298 560 407 597 partes
425 551 508 598 apud
528 551 782 592 Grammaticos,
801 549 877 582 licet
892 561 948 597 per
967 561 1019 584 me
1039 547 1271 585 recentioribus
1299 549 1463 583 nonnullis

82 599 181 634 alium
196 599 277 632 inire
287 610 458 633 numerum
471 627 481 641 ,
493 599 568 633 dum
577 597 670 632 rebus
681 597 873 645 explicandis
896 596 1036 633 sufficiat.
1066 600 1148 633 Sunt
1169 599 1256 633 enim
1273 599 1330 644 qui
1348 608 1463 644 putent

83 659 134 682 res
148 658 260 681 omnes
270 647 310 680 ad
323 646 444 694 septem
460 647 524 682 haec
534 646 625 682 velut
635 646 755 681 summa
764 648 870 693 capita
879 647 993 681 referri
1009 645 1094 694 posse
1108 660 1116 681 ε
1130 649 1281 681 Mentem
1290 673 1301 688 ‚
1314 657 1384 691 quae
1400 675 1409 688 ‚
1428 657 1463 679 ut

85 695 147 730 illis
159 694 284 742 placet,
303 694 383 729 nihil
394 696 440 729 est
453 694 508 730 nisi
525 694 697 730 substantia
714 696 860 742 cogitans
877 711 885 736 3
911 697 1088 730 Materiam
1106 694 1158 729 seu
1174 706 1286 743 corpus
1297 723 1307 737 ,
1321 693 1462 729 substan-

82 745 161 782 tiam
175 742 328 776 videlicet
339 743 520 785 extensam3
541 741 727 777 Mensuram
739 771 749 785 ,
764 754 833 789 quae
850 744 897 776 rei
915 744 1170 778 iiiaonitudinem
1191 744 1386 778 determinat
1399 771 1408 785 ‚
1427 748 1461 779 ἃς

81 793 245 838 quantitas
257 791 321 825 dici
330 791 434 838 potest
447 807 456 833 3
467 793 572 826 Situm
582 819 591 833 ‚
600 789 654 825 vel
671 792 755 824 inter
765 803 811 824 res
823 789 899 824 alias
911 773 1104 840 posiotionem
1117 808 1126 836 5
1138 794 1300 841 figuram,
1314 793 1458 834 Motum,

81 841 310 889 &Qiietemz
328 851 398 887 quae
414 839 605 887 qriidemihis
621 837 767 875 -versibus
777 838 880 878 solent
894 843 1095 889 exprimere:

223 921 326 955 Mens
340 949 349 960 ‚
368 922 519 966 menfitra,
539 922 640 966 quies,
655 931 767 955 motus,
783 920 924 969 pofimra
940 950 943 957 .
952 921 1064 970 figura
1075 948 1085 960 ‚

225 971 312 1004 Sunt
332 982 400 1004 cum
421 971 556 1002 materia
572 969 750 1002 cunHarnm
771 969 906 1003 exordia
924 983 1041 1006 rerum.

108 1035 237 1067 'Verum
252 1044 288 1067 ut
301 1032 369 1066 haec
378 1031 448 1066 satis
461 1030 519 1066 fint
537 1044 641 1066 rerum
656 1032 862 1079 explicationi
876 1061 885 1075 ‚
900 1033 940 1066 de
954 1045 1019 1079 quo
1035 1033 1173 1068 multum
1189 1033 1329 1068 dubitari
1345 1036 1457 1083 potesb

73 1079 190 1115 'Quaen
209 1081 410 1115 commodior
419 1086 453 1117 &
463 1081 562 1128 magis
576 1092 650 1128 apta
662 1083 724 1114 erit
733 1079 845 1114 divifio
857 1109 866 1124 ,
881 1079 902 1115 fi
915 1080 954 1114 ad
972 1081 1036 1115 duo
1055 1081 1174 1116 summa
1187 1085 1294 1129 capita
1314 1096 1362 1117 res
1385 1097 1458 1117 om-

79 1136 136 1163 nes
161 1141 367 1173 revocemus,
387 1127 596 1164 substantiam
620 1130 773 1163 nimirum
797 1134 829 1165 &
847 1129 994 1164 accidens
1011 1146 1020 1172 ς
1042 1130 1097 1165 vel
1118 1159 1127 1173 ,
1143 1142 1178 1165 ut
1200 1129 1261 1165 illis
1279 1131 1457 1179 placet‚ad

79 1185 150 1212 rem
162 1183 195 1214 &
212 1178 356 1215 modum.
375 1179 442 1212 Res
457 1189 535 1213 vero
554 1189 610 1212 aut
628 1178 671 1212 est
682 1175 806 1225 spiritus
819 1207 827 1220 ,
841 1190 911 1225 quae
933 1190 1023 1212 mens
1045 1178 1110 1212 dici
1123 1179 1226 1226 potest
1237 1208 1246 1222 ‚
1259 1192 1315 1214 aut
1332 1193 1456 1229 corpus,

79 1226 199 1260 Modus
213 1227 327 1262 itidem
344 1227 384 1261 ad
401 1225 542 1274 spiritum
555 1253 564 1268 ‚
579 1238 634 1260 aut
646 1226 686 1260 ad
698 1238 811 1275 corpus
822 1229 972 1274 pertinet.
990 1228 1109 1263 Modus
1122 1227 1245 1275 spiritus
1255 1257 1263 1272 ‚
1274 1240 1330 1263 aut
1341 1231 1457 1264 mentis

80 1274 125 1311 est
136 1277 303 1324 cognitio,
320 1287 375 1310 aut
386 1275 533 1310 voluntas
547 1289 555 1311 ε
573 1274 615 1309 de
629 1274 748 1321 quibus
762 1275 815 1310 suo
827 1275 912 1311 loco.
936 1276 1033 1310 Modi
1049 1278 1191 1324 corporis
1209 1275 1279 1311 sunt
1292 1280 1456 1325 magnitu-

78 1322 187 1366 do‚seu
201 1326 521 1370 quantitasffligura,
541 1325 771 1368 Situs,Motus‚
786 1329 819 1360 &
840 1325 964 1370 Ques:
989 1337 1176 1372 quanquam
1203 1325 1290 1360 forte
1301 1329 1390 1373 quies
1405 1329 1454 1374 ip-

79 1368 111 1405 sa
123 1399 133 1414 ,
147 1384 216 1419 quat
229 1372 309 1407 nihil
328 1373 374 1407 est
385 1371 440 1407 nisi
450 1384 557 1407 motus
569 1375 710 1420 privatio
723 1401 732 1414 ‚
742 1385 781 1409 ex
792 1372 869 1407 albo
886 1373 1208 1421 praedicamentorum
1220 1372 1255 1408 fit
1269 1386 1457 1422 expungen-

79 1419 130 1454 da.
156 1422 209 1455 Sic
225 1424 443 1456 recentiorum
462 1423 627 1469 categoriae
640 1420 680 1456 ab
695 1421 742 1456 his
753 1451 762 1464 ,
775 1434 845 1469 quae
856 1422 954 1469 vulgo
973 1433 1109 1470 recepta:
1129 1422 1199 1457 sunt
1211 1451 1220 1465 ‚
1231 1436 1296 1457 non
1316 1423 1454 1458 multum

79 1465 302 1505 abhorrerent.
316 1470 379 1505 Sed
388 1498 398 1513 ‚
409 1480 444 1503 ut
455 1470 590 1504 diximus
600 1497 608 1507 ,
621 1468 662 1504 ab
680 1468 790 1506 usitato
802 1471 1049 1518 Categoriarum
1069 1482 1206 1506 numero
1221 1483 1287 1506 non
1297 1472 1342 1505 est
1361 1470 1455 1506 facile

80 1515 304 1556 tecedendum.

518 1565 621 1611 „QU
647 1568 686 1599 ΛΕ
710 1567 731 1599 8
755 1567 786 1601 T
809 1568 823 1600 1
846 1568 881 1601 O
931 1567 994 1601 Iv.

459 1661 513 1694 De
537 1663 630 1696 Emis
652 1664 834 1711 Categorics'
850 1661 1021 1708 divistone.

79 1759 233 1844 CUm
252 1757 441 1794 Aristoteles
458 1760 489 1792 in
507 1758 554 1793 his
568 1757 765 1805 praeambulis
781 1758 821 1792 ad
838 1762 1082 1806 categorias‚ens
1094 1759 1193 1807 ipsum
1207 1763 1238 1795 in
1248 1760 1360 1795 decem
1370 1773 1452 1808 prae-

84 1832 86 1835 ψ
163 1809 347 1842 dicamenta
372 1806 553 1841 summatim
572 1806 695 1841 dividat
710 1836 720 1850 ‚
738 1806 840 1841 solent
861 1808 1046 1856 Philosophi
1073 1808 1256 1854 diligentius
1272 1810 1431 1854 inquirere
1443 1838 1453 1851 ,

78 1868 151 1904 quae
170 1861 204 1892 &
216 1856 319 1903 qualis
336 1854 437 1890 fitilla
459 1854 584 1889 divisio.
614 1856 814 1902 Quanquam
835 1869 900 1890 non
916 1856 1051 1891 dubium
1070 1856 1454 1892 est-hanc-tra&ationem

78 1907 180 1953 magis
190 1906 230 1939 ad
247 1901 499 1952 Metaphysicam
511 1902 630 1951 ,quam
645 1904 683 1936 ad
701 1906 855 1950 Logicam
873 1907 1042 1950 pertinere.

135 1955 243 1989 Prima
256 1953 390 2000 quidem
405 1957 438 1989 &
456 1950 578 1987 summa
595 1955 678 1986 entis
699 1950 812 1987 divifio
824 1951 870 1985 est
889 1954 920 1987 in
934 1965 990 1988 ens
1009 1952 1095 1988 reale
1106 1981 1117 1996 ‚
1128 1958 1163 1990 ὅ(
1175 1965 1230 1988 ens
1242 1955 1388 1991 rationis,
1406 1954 1453 1989 ll-

79 2001 134 2036 lud
143 2003 246 2037 existit
267 2004 298 2036 in
317 2013 425 2037 rerum
441 2012 551 2036 natura
562 2012 634 2043 ,aut
646 1999 756 2036 saltem
771 2000 878 2050 potest
893 2002 1048 2040 existere:
1065 2014 1122 2038 ens
1133 2014 1214 2038 vero
1228 2003 1360 2038 rationis
1370 2003 1453 2039 nihii

79 2049 127 2084 est
142 2062 256 2098 ιιι-τιτι
266 2050 456 2097 figmentum
466 2048 661 2085 intellectus.

113 2101 174 2134 Ens
190 2100 323 2134 rationis
341 2098 417 2133 illud
439 2098 482 2133 est
504 2098 590 2145 quod
609 2098 734 2134 nullum
750 2098 849 2134 habet
861 2099 922 2135 effe
935 2100 1009 2144 ,nisi
1029 2102 1195 2148 cognitum
1205 2098 1247 2133 ab
1265 2099 1445 2142 intellech1;

78 2147 191 2194 estque
205 2160 271 2182 non
287 2160 341 2182 ens
351 2148 527 2195 cognitum.
551 2148 624 2182 Nec
636 2147 1045 2197 dubitarepoffiimusquin
1054 2148 1179 2184 infinita
1194 2147 1251 2183 fint
1262 2148 1451 2195 hujusmodi.

79 2195 130 2231 Ut
148 2199 388 2235 cumrerminos
404 2194 576 2241 disparatos
588 2224 596 2238 ‚
610 2207 644 2229 ut
667 2198 776 2240 aiunt,
799 2200 1023 2246 con'ungimus
1038 2208 1093 2233 :ut
1111 2200 1144 2231 in
1158 2197 1319 2233 chimaera.
1346 2200 1398 2232 Sic
1417 2200 1452 2233 in

80 2243 312 2289 quaestionibus
322 2245 361 2279 de
372 2242 511 2292 poffibili
525 2242 648 2279 necess'e
659 2245 702 2278 est
717 2256 752 2278 ut
762 2245 842 2280 alter
851 2212 961 2281 saltem
972 2245 1239 2282 contendentium
1258 2257 1329 2281 rem
1341 2249 1450 2283 conci-

81 2292 151 2340 piat
166 2291 363 2339 aliteratque
379 2291 439 2326 else
454 2292 558 2339 potest
570 2321 578 2334 ,
592 2293 680 2337 quod
698 2293 745 2327 est
763 2294 869 2329 facere
882 2308 938 2329 ens
952 2296 1093 2329 rationis.

114 2339 228 2389 Qare
237 2352 334 2389 genus
345 2342 426 2378 entis
436 2342 571 2378 rationis
582 2341 705 2378 estnon
716 2353 781 2380 ens,·
787 2343 970 2381 differentia
983 2343 1066 2379 illius
1078 2344 1111 2378 in
1123 2342 1186 2378 hoc
1198 2342 1453 2392 estpositafluod

1196 2393 1221 2427 P
1258 2394 1288 2439 fij
