1857 2745
592 86 633 119 M
648 84 683 120 O
699 84 731 120 R
746 82 818 133 AJ..
833 87 847 120 1
861 87 895 122 S.
1382 101 1427 134 25¹

272 182 450 220 Sto‘icorum
465 182 504 219 ᾤ’
523 182 806 233 Peripateticorum
816 184 856 219 de
856 181 1204 233 felicitato-[fintenum

28 283 209 369 STo'i‘cos
224 287 256 319 &
267 284 499 332 Peripateticos
515 281 582 318 una
603 283 843 331 conjungimuS,
862 283 949 332 quod
963 282 1069 319 verbis
1085 284 1197 331 magis,
1215 282 1316 330 quam
1329 297 1362 320 re
1373 284 1435 320 dis-

86 334 384 380 crepent.Utrique
400 335 487 369 enim
496 331 655 368 summum
675 332 800 368 bonum
814 336 847 368 in
857 337 1001 377 virtute,
1024 344 1080 367 aut
1095 335 1128 366 in
1146 333 1276 367 actione
1294 336 1421 370 virtutis

26 381 224 417 constituunt
248 399 257 425 3
292 383 419 430 utrique
435 381 532 417 finem
554 381 716 417 bonorum
731 380 791 417 effe
810 384 920 418 dicunt
934 380 1109 418 secundum
1121 392 1269 416 naturam
1285 384 1395 418 vivere
1408 413 1420 428 ‚

27 430 62 465 id
81 431 128 464 est
140 459 151 474 ,
175 432 283 478 inquit
299 431 419 466 Cicero
435 461 446 475 ‚
463 433 588 466 virtute
601 430 749 465 adhibitci
757 432 828 480 [rui
837 436 952 482 primis
965 430 986 466 Σι
1001 431 1243 466 παιηνπάαιὶ5.
1264 433 1346 466 Haec
1365 445 1420 468 au-

27 489 95 514 teni
109 481 211 527 prima
221 492 340 515 naturae
355 510 364 525 ‚
382 480 433 516 seu
445 480 694 516 accommodata
705 510 715 525 ,
731 480 772 515 ab
791 484 855 530 ipia
871 481 1041 530 voluptate
1054 490 1177 528 negant
1195 479 1267 513 duci
1290 493 1422 529 oporte-

25 539 60 562 re
77 556 88 572 ,
109 540 146 563 ut
154 530 291 564 credidit
299 530 448 578 Epicurus
465 544 474 565 t
495 542 602 578 neque
616 532 704 564 enim
720 532 739 565 ἐι
754 533 859 578 primo
881 531 1095 566 animantium
1117 539 1191 563 ortu
1210 530 1350 576 petenda
1376 532 1421 566 est

23 579 118 626 origo
130 578 242 613 summi
254 577 333 614 boni
346 597 356 624 5
375 591 434 614 nec
452 578 472 614 si
489 579 606 614 animal
627 577 717 614 fimul
731 591 829 627 atque
847 592 959 616 natum
973 579 1015 615 est
1028 609 1038 623 ,
1052 577 1352 629 gaudet-‘voluptate
1364 609 1374 624 ,
1386 586 1421 617 δε

23 637 100 661 earn
112 630 239 676 appetit
248 640 284 663 ut
301 627 436 672 bonum,
447 634 481 665 &
492 628 577 678 fugit
586 628 733 664 dolorem
750 640 785 664 ut
797 630 920 665 malum
928 643 944 674 ·,
959 630 1081 665 idcirco
1095 627 1245 676 voluptas
1260 627 1420 667 summum

23 673 150 710 bonum
160 676 333 712 dicendum
351 678 409 713 est.
420 681 576 713 Praeterea
593 691 660 713 non
677 689 712 712 ut
721 678 927 725 voluptatem
942 691 1096 728 expetat,
1115 690 1227 714 natura
1242 690 1356 714 movet
1371 683 1421 715 in-

23 723 152 760 fantem
167 742 177 768 3
195 724 247 760 sed
266 738 301 760 ut
316 726 347 760 se
369 729 530 775 integrum
542 755 554 771 ‚
575 725 762 774 salvumque
776 726 837 762 effe
857 728 963 765 velit:
986 741 1161 777 antequam
1181 726 1327 776 voluptas
1345 742 1421 765 cum

23 773 336 823 autdolorattigetit
349 803 360 818 ,
384 775 530 810 salutaria
546 778 691 824 appetit,
710 775 958 826 aspernaturque
974 779 1144 815 contraria.
1168 777 1231 811 Sed
1250 776 1307 812 ubi
1320 778 1419 814 intel-

23 819 156 871 ligentia
172 821 334 860 aceefferit
349 853 359 867 ‚
383 837 419 859 ac
434 825 554 860 viderit
567 837 672 860 rerum
685 827 882 874 agendarum
899 829 1047 864 ordinem
1060 854 1080 872 ,v
1095 838 1163 861 tum
1187 825 1265 861 illud
1290 829 1420 863 ratione

22 870 160 920 colliget
170 871 324 908 summum
334 871 395 908 eise
405 873 547 911 hominis
562 872 708 918 bonum,
733 877 819 921 quod
834 876 1002 911 honestum
1012 878 1054 912 est
1064 906 1074 921 ,
1093 882 1127 913 &
1142 886 1266 910 naturae'
1274 879 1421 913 maxime

23 921 254 957 convenit.-Est
264 924 352 956 enim
364 921 442 955 illud
452 933 633 957 extremum
646 926 830 959 &maxime
851 927 1076 972 expetendum
1090 955 1099 969 ,
1114 926 1348 960 convenienter
1363 939 1433 961 na·-

24 978 100 1003 turae
112 971 224 1004 vivete
235 987 255 1013 ς4
270 983 307 1004 ac
324 969 420 1004 beata
432 973 499 1006 vita
510 973 631 1006 virtute
642 970 863 1008 efficituncum
874 975 906 1007 id
917 972 1019 1009 solum
1033 973 1158 1011 bonum
1176 972 1212 1008 fit
1227 1003 1238 1017 ‚
1250 976 1340 1021 quod
1360 975 1423 1010 ho-

23 1017 152 1053 nestum
170 1035 180 1062 3
199 1019 231 1053 id
250 1018 387 1062 malum,
404 1021 491 1066 quod
505 1032 609 1063 turpe.
626 1020 797 1066 Qidquid
808 1033 916 1055 autem
928 1034 1041 1069 praeter
1050 1024 1082 1057 id
1092 1023 1181 1070 quod
1190 1022 1358 1058 honestum
1372 1022 1433 1067 sit,-

22 1065 318 1115 expetendumesse
330 1067 469 1111 dixeris,
489 1070 524 1102 in
539 1067 696 1115 bonisque
713 1072 930 1103 numeraveris
945 1098 956 1113 ‚
972 1077 1005 1106 &
1028 1071 1196 1105 honestum
1212 1071 1315 1118 ipsum
1333 1071 1420 1118 quafi

21 1116 149 1151 virtutis
163 1115 271 1151 lumen
284 1117 465 1152 exstinxeris
478 1146 488 1160 ,
513 1122 549 1153 δε
567 1118 724 1153 virtutem
738 1130 824 1166 pene
834 1120 1001 1155 everteris.
1010 1145 1014 1147 -
1024 1122 1075 1154 Sic
1089 1119 1158 1154 fere
1168 1121 1216 1154 M.
1230 1119 1319 1154 Cato
1332 1121 1417 1168 apud
1430 1153 1465 1178 sb
1481 1162 1487 1169 ,
1511 1155 1525 1177 d

21 1163 326 1201 Giceronemsuam
335 1171 369 1202 ὃς
379 1168 566 1201 Stoicorum
578 1166 618 1199 de
634 1166 757 1202 summo
772 1166 862 1202 bono
879 1166 1071 1204 sententiam
1082 1169 1230 1218 explicat.
1430 1162 1502 1210 dnh}
1527 1163 1541 1179 ⁰

58 1215 133 1251 Nec
149 1213 339 1250 multum-ab
356 1217 392 1251 iis
402 1214 587 1250 dissentiunt
597 1216 804 1263 Peripatetici
816 1218 1050 1254 &Academici
1068 1247 1077 1261 ‚
1102 1220 1156 1266 qui
1176 1218 1342 1254 honestum
1359 1218 1421 1255 esse

21 1274 69 1298 ex
78 1261 173 1299 bonis
193 1266 355 1313 optimum
365 1292 375 1307 ‚
389 1267 423 1300 vi
434 1262 483 1301 sua
494 1270 528 1301 &
539 1275 673 1313 propter
687 1263 716 1300 se
727 1267 965 1314 expetendum,
981 1273 1014 1304 &
1029 1280 1085 1317 per
1098 1268 1128 1302 se
1147 1266 1245 1316 ipsum
1256 1266 1343 1315 poffe
1354 1268 1422 1304 lau-

21 1312 112 1355 dati,
132 1325 191 1348 nec
213 1313 253 1348 ad
279 1312 483 1362 voluptatem
508 1313 622 1348 referri
642 1314 839 1349 arbitrantur
856 1333 866 1360 3
886 1328 1020 1352 omnem
1047 1329 1177 1365 quoque
1192 1328 1338 1351 naturam
1360 1317 1422 1353 effe

20 1360 291 1398 conservatricem
304 1361 346 1397 sui
357 1391 367 1406 ,
393 1363 490 1410 idque
500 1361 622 1398 habete
635 1361 833 1412 propositum
846 1364 929 1412 quasi
942 1361 1043 1401 finem
1053 1372 1087 1403 &
1102 1378 1284 1401 extremum
1294 1395 1304 1409 ,
1334 1365 1363 1401 se
1386 1380 1420 1402 ut

23 1411 179 1445 custodiat
189 1413 222 1445 in
238 1410 338 1458 quarn
353 1413 481 1459 optimo
501 1411 544 1446 fiii
553 1414 681 1459 generis
702 1413 859 1449 statu-Ex
871 1425 945 1461 quo⁷
955 1415 1149 1463 intelligitur
1163 1415 1290 1449 homini
1308 1416 1342 1450 id
1362 1415 1423 1451 <ise

21 1458 162 1504 inbonis
172 1458 512 1502 ultimumJecundnm
526 1471 672 1495 naturam
692 1463 827 1504 vivere,
846 1462 899 1496 {eu
912 1465 1024 1497 vivete
1042 1477 1080 1497 ex
1092 1464 1231 1498 hominis
1245 1475 1352 1498 natura
1364 1477 1424 1498 un-

23 1508 124 1554 dique
137 1508 283 1556 perfecta
295 1507 438 1552 ,amihil
449 1510 643 1555 requirente.
661 1510 705 1544 Ea
719 1511 806 1544 enim
821 1512 888 1545 vita
904 1514 1065 1558 expetitur
1076 1540 1086 1555 ,
1105 1523 1176 1559 quae
1192 1510 1229 1545 fit
1238 1514 1335 1545 animi
1349 1525 1422 1546 cor-

25 1556 175 1605 porisque
191 1557 320 1605 expleta
339 1556 524 1592 virtutibus.
551 1557 607 1592 Illa
622 1568 731 1592 antem
752 1557 825 1593 sunt
846 1561 991 1594 maxime
1009 1573 1080 1607 quae
1105 1561 1277 1608 plurimum
1298 1560 1423 1597 habent

25 1605 208 1654 dignitatis,
222 1608 265 1641 ita
274 1617 310 1640 ut
323 1608 423 1641 animi
435 1608 535 1640 virtus
555 1609 697 1654 corporis
714 1609 827 1642 virtuti
844 1619 1058 1657 anteponatur
1074 1624 1081 1645 :
1099 1612 1263 1656 animique
1287 1612 1420 1645 virtutes

26 1667 92 1692 non
108 1654 323 1698 voluntarias,
342 1660 428 1705 cujus
440 1656 564 1702 generis
575 1654 645 1689 sunt
655 1656 818 1700 docilitas,
833 1659 992 1692 memoria
1009 1686 1019 1701 ,
1051 1671 1191 1706 quaeque
1213 1671 1278 1692 nno
1298 1660 1421 1707 ingenii

24 1707 160 1739 nomine
175 1702 386 1753 appellantur,
397 1705 530 1739 vincant
541 1706 675 1740 virtutes
694 1704 882 1740 voluntariae
896 1721 904 1741 t
920 1720 996 1742 nam
1016 1709 1050 1743 in
1069 1708 1203 1742 homine
1218 1706 1337 1741 summa
1351 1722 1420 1742 oni—

22 1754 74 1788 nis
86 1755 185 1788 animi
201 1754 265 1797 est,
284 1755 360 1789 &in
373 1755 483 1787 auimo
495 1755 630 1788 rationis
643 1764 706 1797 ,ex
723 1767 784 1802 qua
803 1757 904 1790 virtus
918 1756 965 1791 est
978 1785 988 1800 ,
1012 1769 1086 1804 quae
1104 1758 1238 1791 rationis
1258 1755 1419 1791 absolutio

22 1800 189 1838 definitur.
210 1805 263 1837 Sic
281 1804 393 1848 utique
406 1801 541 1838 M.-Piso
555 1802 575 1837 l.
595 1818 617 1849 4
646 1803 686 1836 de
702 1802 842 1838 finibus.-

60 1854 100 1886 <In
113 1851 175 1886 hoc
185 1863 296 1886 autem
311 1853 517 1898 Peripatetici
538 1850 556 1885 :³1
576 1853 693 1885 Stoicis
708 1850 891 1887 dilsentiunt
904 1881 913 1896 ‚
930 1851 1019 1900 quod
1033 1865 1145 1901 praetet
1157 1852 1323 1886 honestum
1335 1853 1419 1887 mul-

22 1909 61 1935 ta
76 1899 139 1934 alia
150 1912 206 1948 per
217 1900 246 1935 se
260 1902 366 1948 expeti
374 1929 383 1943 ,
403 1905 436 1936 &
447 1900 486 1933 ad
497 1898 655 1935 summum
666 1899 791 1935 bonum
801 1903 964 1949 pertinere
976 1903 1171 1937 existiment.
1189 1901 1242 1935 Sic
1252 1900 1418 1944 valetudo,

27 1950 112 1984 vites
123 1978 134 1992 ,
153 1952 294 1984 vacuitas
308 1949 570 1997 dolorispropter
583 1948 612 1983 se
624 1961 830 1997 expetuntur.
844 1951 1015 1998 Qoniam
1034 1954 1121 1986 enim
1135 1961 1247 1985 natura
1265 1950 1325 1984 suis
1345 1964 1418 1985 om-

25 1996 122 2034 nibus
138 1998 260 2046 expleri
276 1996 419 2046 partibus
441 1997 531 2042 vult,
561 1998 645 2033 hunc
663 2000 778 2035 statum
790 2002 932 2048 corporis
948 2012 1005 2048 per
1021 2000 1052 2035 se
1067 1999 1169 2049 ipsum
1192 2002 1317 2047 expetit
1334 2029 1342 2043 ,
1362 2003 1418 2047 qui

25 2047 386 2091 estmaximeknatum
400 2059 468 2094 quae
490 2059 559 2082 tota
577 2047 784 2094 perturbatur
796 2078 804 2092 ‚
825 2047 910 2084 siaut
927 2061 1048 2108 aegrum
1061 2061 1173 2097 corpus
1195 2048 1238 2082 est
1253 2077 1261 2091 ,
1283 2060 1339 2082 aut
1358 2049 1419 2082 do-

31 2094 158 2139 let,au.t
167 2108 255 2131 caret
269 2096 398 2132 viribus.
420 2098 472 2129 Sic
482 2107 587 2130 tantus
599 2097 642 2130 est
660 2099 692 2132 in
712 2097 862 2133 omnibus
873 2101 1070 2148 cognitionis
1085 2110 1176 2133 amor
1196 2101 1229 2132 δε
1250 2096 1389 2131 sticntzssae
1408 2126 1417 2140 ,

32 2154 67 2177 ut
78 2155 174 2179 nemo
183 2144 331 2181 dubi-tare
343 2144 459 2193 poffit,
482 2147 560 2192 quin
576 2145 615 2178 ad
628 2157 680 2179 eas
697 2159 744 2180 res
759 2147 930 2182 hominum
951 2158 1062 2182 natura
1081 2146 1171 2181 nullo
1190 2145 1415 2181 emo³umento

34 2192 166 2226 invitata
176 2196 406 2243 rapiaturfflm
414 2197 484 2242 quis
496 2207 560 2229 non
573 2207 743 2229 moveatur
759 2201 791 2233 &
803 2196 979 2232 offensione
996 2195 1198 2244 turpitudinis
1213 2199 1245 2230 ὅς
1265 2207 1416 2241 compro-

34 2237 166 2274 batione
177 2239 366 2278 honestatis>
383 2247 429 2279 Ex
447 2243 566 2291 quibus
589 2243 830 2285 concluditur&
848 2247 984 2280 virtutes
997 2257 1111 2280 omnes
1130 2249 1163 2280 &
1187 2242 1355 2279 honestum
1376 2243 1417 2279 il..

32 2286 88 2324 {ud
100 2288 186 2334 quod
199 2302 238 2324 ex
250 2295 286 2326 iis
297 2291 466 2327 virtutibus
482 2295 642 2336 exoritur,
662 2298 696 2330 ὃς
710 2295 793 2328 iniis
804 2294 922 2336 haeret,
947 2292 1007 2328 effe
1029 2306 1086 2341 per
1110 2292 1141 2327 se
1159 2293 1338 2340 expetendi
1353 2322 1361 2335 ‚
1381 2299 1415 2329 ἅς

32 2336 75 2373 ad
87 2336 277 2375 felicitatem
289 2344 429 2377 maxime
440 2343 609 2392 pertinere.
631 2344 710 2379 Non
733 2340 823 2391 quod
837 2344 935 2379 virtus
953 2342 994 2377 ad
1009 2340 1106 2377 beate
1120 2341 1297 2378 vivendum
1311 2340 1340 2376 se
1352 2341 1415 2389 ipsa

1167 2392 1181 2425 1
1194 2392 1203 2423 i
1232 2392 1253 2438 ij
