1857 2745
89 218 154 257 sam
168 215 321 252 formate.
334 213 436 253 Unde
447 217 481 252 δε
499 212 663 250 rationalis
675 213 810 249 scientia
825 212 1026 262 appellatur,
1042 226 1110 251 non
1122 212 1304 260 quodcirca
1313 216 1402 250 entia
1416 179 1469 250 ri}

92 267 189 304 tionis
205 263 350 301 versetur
361 293 371 308 ‚
391 263 444 300 sed
453 265 528 312 quia
536 265 698 299 rationem
709 261 809 313 ipsam
820 262 943 299 format
953 293 962 308 ,
974 269 1009 302 ὃ(
1017 264 1137 313 dirigit.
1153 263 1190 298 In
1199 265 1320 298 caeteris
1334 264 1473 310 artibus,

87 327 126 358 ut
141 317 176 351 in
189 314 415 358 archstestum,
432 325 504 362 quae
515 313 676 349 inducitur
694 311 954 363 forma,pertinet
970 310 1358 363 adipsumaedificium.At
1370 314 1478 350 forma

82 376 187 414 quarn
197 376 254 414 per
271 363 336 400 suas
347 362 472 413 regulas
495 365 617 413 Logica
630 360 734 399 efficit
744 392 754 407 ‚
765 376 833 398 non
845 362 888 397 ad
901 375 951 398 tes
967 362 1048 411 ipsas
1059 375 1129 411 quae
1143 359 1352 407 definiuntur,
1363 362 1414 397 sed
1437 364 1479 398 ad

88 416 207 452 mentis
221 415 460 463 operationem,
470 425 535 463 qua
550 425 599 449 res
610 412 719 461 aliqua
731 411 885 449 definitur
897 426 1032 449 omnino
1041 415 1183 462 pertinet
1196 425 1204 447 :
1217 411 1292 447 huic
1304 413 1396 457 inest,
1412 426 1480 448 non

88 465 136 499 rei
148 463 302 500 definitae.
315 465 476 512 Qamvis
488 474 600 499 autern
617 460 746 511 Physica
757 467 792 500 δε
808 464 930 512 Logica
938 464 1022 497 circa
1034 463 1179 498 actiones
1190 463 1309 496 mentis
1321 474 1483 510 occupen-

90 523 193 552 turdut
205 514 288 547 circa
297 512 385 548 idem
398 511 564 562 objectum
575 511 823 556 materiale,non
845 523 954 548 tamen
966 512 1051 548 code
1068 510 1169 546 modo
1180 508 1222 544 ab
1234 522 1370 557 utraque
1384 511 1480 545 scien-

89 563 133 597 tia
144 574 181 608 eq
194 561 499 612 spectanturmeqne
510 564 598 599 idem
608 562 651 598 est
661 560 829 614 objefflrm
840 561 1002 610 utriusque
1013 557 1294 607 formale.Pliyfica
1307 571 1359 593 aut
1370 561 1483 594 Meta-

86 610 218 664 phyfica
243 613 362 647 mentis
390 614 618 660 operationes,
638 624 673 646 ut
692 611 763 647 iunt
780 611 864 646 illius
880 609 1014 647 effe-&us
1034 609 1237 647 considerat:
1256 610 1378 658 Logica
1397 610 1481 642 circa

89 660 220 696 eaidem
231 661 384 705 actiones,
400 673 436 696 ut
451 661 492 696 ad
502 674 615 698 verum
625 661 874 697 conformendas
892 661 1044 697 versatur.

124 709 258 754 Instant.
277 710 356 744 Hoc
370 723 541 746 commune
553 712 597 746 est
608 709 760 746 ominbus
775 709 951 758 disciplinis
962 739 972 754 ,
988 706 1124 758 Physicae
1134 721 1167 744 v.
1181 720 1218 757 g.
1237 711 1271 745 &
1290 707 1481 743 Mathema-

87 758 161 792 ticis
173 785 182 801 ,
196 769 233 792 ut
242 760 361 793 mentis
375 758 559 794 funenoncs
578 762 611 793 in
625 759 677 794 sua
694 770 833 806 quaeque
840 762 978 794 materia
995 760 1138 807 dirigant
1152 788 1161 802 ‚
1176 763 1209 794 ὅ(
1226 756 1405 806 perficiant.
1427 760 1482 792 Er..

87 819 132 854 go
144 808 176 840 id
189 818 255 842 non
267 806 312 842 est
324 806 493 855 objectnm
505 809 633 856 Logicae
647 809 814 858 proprium
826 837 836 852 ‚
846 818 882 844 ut
892 811 1009 845 mentis
1020 810 1227 858 operationes
1245 805 1412 858 perficiat,
1424 818 1482 842 aut

89 866 190 904 regat.

126 908 167 942 R.
188 904 273 949 Dist.
292 906 378 942 Ant.
407 906 445 941 ld
459 918 632 941 commune
649 906 695 941 est
712 905 866 941 omnibus
886 903 1059 953 disciplinis
1077 916 1113 941 ut
1130 904 1339 954 operationes
1359 908 1485 942 mentis·

91 953 233 1003 dirigant
243 983 252 997 ‚
267 954 390 989 diversa
403 955 533 1002 quidem
542 957 668 989 ratione
682 984 692 998 ,
702 967 739 988 ac
751 957 870 1002 Logica
880 967 932 989 eas
942 955 1054 1002 dirigit
1063 983 1072 996 ‚
1088 955 1126 989 C.
1140 955 1253 988 eadem
1273 956 1400 989 ratione
1411 984 1420 998 ‚
1433 957 1481 992 N.

90 1002 175 1037 Haec
184 1013 293 1038 autem
303 1003 346 1037 est
355 1005 485 1052 propria
500 1004 582 1037 ratio
594 1006 743 1053 LogiceS,
757 1015 793 1038 ut
809 1008 1015 1052 operationes
1028 1005 1145 1037 mentis
1155 1003 1381 1037 ad-veritatem
1399 1016 1482 1038 con.

91 1052 233 1094 formet,
252 1057 284 1087 &
299 1052 423 1098 regulas
439 1050 617 1098 praescribat
628 1080 637 1095 ‚
653 1052 770 1100 quibus
791 1063 835 1085 eae
845 1050 1069 1099 perficiantur,
1088 1056 1121 1087 &
1138 1053 1182 1083 ira
1194 1050 1421 1097 disponantur,
1445 1063 1483 1087 ut

90 1098 174 1134 clare
187 1099 399 1138 &distinam
414 1113 479 1135 non
493 1098 626 1134 confuse
638 1129 647 1144 ‚
669 1101 710 1135 de
731 1111 924 1147 quacunque
947 1101 1082 1133 materia
1101 1096 1195 1147 possit
1214 1098 1374 1135 diil'erere.
1399 1099 1484 1135 Aliae

90 1147 264 1197 disciplina:
282 1150 451 1184 materiam
465 1147 652 1198 suggerunt:
671 1152 791 1198 Logica
810 1148 951 1183 formam
965 1147 1064 1197 ipsam
1085 1148 1217 1182 inducit.
1237 1148 1338 1184 Unde
1357 1153 1390 1185 δε
1409 1148 1484 1184 satis

92 1209 170 1245 apte
181 1197 334 1234 definitur
348 1211 396 1233 ars
416 1200 504 1234 recte
515 1199 628 1234 utendi
640 1201 776 1235 ratione.
796 1198 900 1246 Qod
915 1200 1030 1246 utique
1045 1195 1114 1231 alia:
1127 1195 1298 1246 disciplinae
1319 1211 1385 1233 non
1406 1211 1484 1247 prae.

92 1246 176 1283 stant
194 1260 250 1296 per
264 1247 292 1282 se
303 1278 312 1292 ‚
322 1246 372 1282 sed
383 1260 510 1284 tantum
528 1260 584 1297 per
594 1249 740 1284 accidens
749 1277 759 1292 ,
771 1259 931 1296 quatenus
943 1247 983 1281 de
1002 1245 1098 1281 rebus
1110 1247 1170 1280 rite
1183 1246 1355 1295 perspec‘tis
1368 1247 1483 1282 melius

91 1294 286 1341 disserimus,
302 1309 358 1332 aut
380 1299 498 1333 reffius
517 1300 710 1347 cogitamus.
735 1298 798 1333 Sed
811 1308 848 1332 ut
861 1308 911 1331 res
927 1296 1010 1345 ipsas
1039 1294 1216 1331 habeamus
1239 1295 1417 1344 perspectas
1447 1302 1482 1333 δε

91 1345 275 1393 exploratas
288 1376 297 1390 ,
309 1347 370 1382 hoc
386 1347 508 1396 praestat
519 1349 640 1397 Logica
658 1354 692 1386 ὅ(
705 1349 793 1384 viam
807 1346 1023 1389 demonstrat,
1038 1357 1103 1393 qua
1117 1356 1187 1379 tuto
1202 1349 1234 1381 ὃ(
1247 1347 1327 1379 citra
1340 1357 1493 1382 errorent,

90 1395 125 1429 in
138 1407 246 1431 rerum
261 1397 470 1446 indagatione
485 1397 732 1446 progrediamur
743 1427 753 1442 ,
768 1408 810 1432 ne
828 1397 975 1432 veritatis
988 1394 1092 1445 specie
1104 1393 1236 1442 decepti
1249 1393 1450 1431 aberremus.

548 1511 911 1558 QUAESTlo
974 1509 1046 1545 111.

537 1589 592 1621 De
603 1601 719 1637 genere
736 1587 775 1623 ὠ·
796 1599 916 1623 natura
937 1588 1073 1636 Logicae.

93 1684 233 1778 UT
245 1688 344 1720 virtus
358 1685 488 1720 moralis
503 1686 707 1722 voluntatem
723 1715 733 1729 ,
754 1684 794 1720 fic
808 1688 908 1721 virtus
929 1684 1156 1721 intellectualis
1173 1696 1318 1721 mentem
1335 1685 1480 1735 perficit:

206 1733 260 1768 illa
273 1735 313 1769 ad
327 1734 450 1770 bonum
463 1764 472 1779 ‚
490 1734 553 1769 haec
564 1736 603 1770 ad
615 1748 728 1771 verum
738 1747 796 1770 nos
807 1735 897 1770 ducit
907 1764 918 1780 ,
935 1747 1038 1783 eaque
1055 1734 1152 1783 vulgo
1170 1735 1361 1784 quintuplex
1371 1748 1482 1771 nume-

94 1795 197 1820 ratur:
213 1783 453 1833 intelligentia,
464 1797 534 1832 quse
549 1785 592 1819 est
607 1787 841 1834 principiorum
859 1785 1025 1833 cogniti05
1039 1785 1205 1833 Sapientia
1218 1812 1227 1827 ,
1244 1796 1308 1831 qua
1325 1797 1374 1818 res
1391 1784 1480 1819 altis.

94 1831 175 1868 simae
197 1831 432 1881 cognoscuntur
456 1851 464 1877 3
491 1835 632 1869 Scientia
647 1834 668 1877 ,ἲ
680 1846 745 1881 qua
760 1831 981 1882 cognoscimus
1005 1845 1054 1868 res
1077 1845 1134 1881 per
1154 1832 1259 1867 causas
1276 1831 1482 1877 neceffarias5

93 1881 349 1929 Prudentia‚quae
365 1883 408 1917 est
424 1885 510 1918 rech
521 1885 605 1917 ratio
620 1883 819 1932 agendorum
833 1897 841 1917 ς
859 1884 920 1917 Ars
934 1882 1076 1929 denique
1087 1894 1158 1928 quae
1172 1880 1216 1915 est
1231 1882 1319 1915 reeta
1331 1883 1414 1916 ratio
1428 1893 1482 1915 re-

94 1942 168 1966 rum
195 1931 413 1967 faciendarum
425 1961 435 1976 ‚
461 1945 496 1968 ut
516 1933 651 1976 domm,
668 1944 722 1966 aut
736 1931 867 1966 alterius
878 1934 998 1979 operis,
1025 1930 1134 1966 Palam
1154 1931 1195 1964 est
1210 1931 1363 1978 Logicam
1372 1942 1480 1977 neque

95 1978 157 2014 esse
172 1979 425 2029 intelligentiam
439 2010 448 2022 ‚
464 1993 571 2029 neque
595 1980 783 2029 sapientiam
802 2009 811 2023 ,
830 1992 890 2015 nec
901 1980 1045 2026 denique
1066 1979 1269 2027 prudentiam
1283 1994 1289 2014 :
1303 1992 1377 2013 cum
1396 1981 1483 2013 circa

96 2029 199 2076 prima
211 2030 370 2078 principia
381 2059 391 2073 ,
409 2042 463 2065 aut
481 2042 528 2064 res
540 2031 623 2065 adeo
635 2029 802 2073 sublimes,
818 2041 876 2064 aut
901 2029 1041 2074 denique
1058 2030 1141 2062 circa
1158 2029 1302 2063 actiones
1326 2027 1478 2063 volunta-

98 2079 138 2111 tis
151 2076 266 2112 liberas
278 2091 344 2113 non
359 2077 443 2114 verse
450 2091 508 2116 tur.
526 2082 645 2115 Omnis
654 2080 737 2114 adeo
747 2076 965 2114 controversia
981 2079 1014 2112 in
1031 2077 1092 2112 hoc
1107 2075 1205 2125 posita
1226 2077 1270 2111 est
1283 2106 1291 2120 ,
1304 2089 1342 2110 an
1364 2075 1399 2111 sit
1416 2089 1478 2120 ars,

98 2124 151 2160 vel
164 2125 307 2163 scientia.
331 2128 418 2163 Cum
431 2140 540 2164 autem
555 2128 646 2178 hujus
662 2129 841 2176 quaestionis
856 2125 972 2162 decisio
998 2139 1036 2161 ex
1055 2139 1172 2161 vocum
1187 2126 1403 2174 explicatione
1419 2139 1494 2174 po--

100 2173 251 2210 tiffimum
264 2177 406 2223 pendeat
418 2207 428 2221 ,
445 2189 520 2213 ante
536 2180 646 2214 omnia
662 2178 740 2226 quid
751 2176 887 2212 scientiae
897 2205 906 2221 ‚
920 2176 1000 2224 quid
1012 2177 1087 2209 artis
1099 2178 1232 2210 nomine
1249 2174 1479 2223 intelligamus,

98 2224 323 2271 explicandum
340 2227 478 2262 videtur.

134 2275 276 2307 Scientia
291 2273 332 2308 ab
343 2275 495 2313 omnibus
505 2277 652 2313 hocloco
662 2278 815 2324 accipitur
826 2289 886 2324 pro
904 2271 1090 2325 cognitione
1105 2285 1191 2309 certa
1206 2278 1239 2310 &
1256 2273 1406 2308 evidente
1414 2284 1477 2356 per

99 2320 403 2359 demonstrationem
414 2326 564 2373 acquisita
578 2325 648 2370 3seu
663 2339 723 2373 pro
741 2328 928 2374 cognitione
950 2327 995 2359 rei
1010 2322 1183 2360 neceffariae
1199 2334 1254 2371 per
1267 2321 1332 2358 suas
1353 2334 1410 2356 cau
1425 2334 1457 2356 as
1470 2338 1481 2364 ·‚

99 2381 204 2415 eaque
214 2371 256 2404 est
268 2372 321 2406 vel
337 2372 521 2420 speculatrix
535 2405 544 2419 ‚
565 2374 617 2410 vel
632 2377 781 2423 practica.

141 2421 193 2456 De
214 2422 290 2454 attis
310 2433 389 2458 vero
405 2426 540 2460 nomine
556 2438 620 2461 non
639 2427 685 2460 ita
698 2427 899 2461 conveniunt
917 2422 1100 2471 Philosophi
1116 2435 1123 2458 ι
1141 2419 1286 2469 plerique
1310 2432 1381 2457 eam
1395 2419 1477 2456 defi-
