1857 2745
259 149 320 179 610
722 134 1205 172 METAPHYSICAE

262 191 303 225 ad
315 198 461 224 naturam
478 196 533 220 aut
545 183 775 228 substantiam,
803 187 851 218 N.
883 186 1001 220 Utrum
1023 196 1132 220 autem
1147 185 1171 220 ὸ,
1184 183 1372 233 parentibus
1393 184 1503 220 anima
1536 186 1678 225 sentiens

265 239 448 274 traducatur
462 265 471 279 ,
481 247 598 282 magna
612 235 728 269 itidem
739 236 782 269 cst
795 234 945 283 quaestio.
980 236 1030 268 Sit
1042 236 1154 282 itaque

819 310 949 356 Qaerta.
956 308 1128 354 Conclusio.

274 383 509 472 ANimam
536 381 732 418 sentientem
747 382 768 418 a
791 383 977 431 patentibus
987 383 1131 428 traduci,
1147 382 1280 419 defendi
1291 394 1454 432 utcunque
1467 385 1576 433 potest
1586 414 1595 429 ,
1608 397 1676 421 non

373 435 454 468 item
470 434 612 467 animam
623 433 825 468 rationalem.

310 481 473 519 Probatur
490 483 578 529 prior
597 493 670 529 pars
680 480 902 518 conclusionis.
924 484 1017 519 Nam
1028 484 1087 530 qui
1103 481 1210 530 plures
1222 482 1255 516 in
1269 480 1405 517 homine
1420 485 1543 518 animas
1553 512 1563 526 ‚
1577 495 1631 518 aut
1643 481 1678 518 fi-

277 532 364 575 mul,
384 543 439 566 aut
455 529 511 565 sibi
537 528 747 567 succedentes
766 530 946 580 agnoscunt·
964 561 973 574 ‚
993 532 1093 566 iidem
1115 530 1186 565 satis
1199 529 1417 579 probabiliter
1445 535 1526 566 tueri
1553 530 1685 580 possunt-

278 583 423 616 animam
438 579 632 615 sentientem
650 579 866 628 aparentibus
880 582 1001 615 traduci
1022 610 1032 624 ,
1048 590 1189 627 eamque
1208 579 1269 614 effe
1299 579 1385 627 quasi
1401 580 1563 616 vinculum
1589 582 1680 628 quod

279 642 429 666 mentem
440 642 512 663 cum
526 641 662 676 corpore
674 631 842 665 conneffit
852 645 860 667 :
870 629 1045 678 praesertim
1062 641 1137 664 cum
1148 629 1244 664 foetus
1256 628 1373 664 crescat
1383 658 1392 673 ,
1407 635 1442 666 ἃ(
1462 633 1538 665 vitae
1563 642 1679 679 opera-

281 681 388 714 tiones
405 679 500 721 edat,
543 676 700 725 riusquam
717 686 839 728 organa
855 678 914 714 fint
928 679 1070 714 formata
1084 707 1094 722 ,
1113 683 1146 715 &
1160 677 1325 712 rationalis
1348 681 1456 713 anima
1477 680 1680 716 infundatur.

280 731 397 776 Qate
423 726 502 761 illud
528 729 587 761 atis
598 727 646 761 est
660 726 830 762 verisimile
845 758 854 773 ,
864 731 1006 764 animam
1021 729 1215 763 sentientem
1228 739 1270 762 ex
1284 727 1472 775 parentibus
1487 728 1682 772 transfundi,

280 790 323 814 ne
345 777 457 827 injuria
483 779 583 824 patris
601 789 722 812 nomen
747 777 850 813 homo
869 777 1017 827 usurpare
1041 777 1191 812 videatur
1204 806 1214 822 ,
1232 775 1253 810 si
1274 776 1356 811 nihil
1376 789 1491 826 praeter
1509 780 1680 813 materiam

281 825 438 877 praebeat.

317 876 422 923 Qud
441 873 462 910 si
478 873 558 909 veto
577 885 650 909 eam
661 885 734 922 qua:
745 873 843 910 nobis
855 876 981 912 videtur
995 875 1175 926 probabilis
1187 906 1195 920 ,
1210 875 1402 913 sententiam
1423 878 1502 911 tueri
1516 875 1683 919 volumus,

281 927 420 961 eandem
444 926 587 959 animam
599 935 670 971 quae-
686 922 825 959 sentiens
838 928 923 973 prius
933 926 998 961 fuit
1009 955 1020 970 ,
1030 927 1228 961 adveniente
1239 930 1346 961 anima
1365 925 1535 969 rationali,
1548 936 1680 961 manere

282 973 524 1021 ut‚facultatern
534 1002 544 1016 ,
558 983 615 1007 aut
629 975 738 1022 potius
747 985 784 1008 ut
794 974 1037 1010 instrumentum
1046 977 1164 1011 animai
1176 987 1237 1011 :ne
1251 975 1330 1010 illud
1342 975 1474 1023 quidem
1484 973 1505 1010 a
1518 987 1600 1009 vero
1620 973 1680 1008 ab·

283 1024 406 1067 horret,
423 1025 457 1058 in
477 1022 631 1066 homine,
647 1033 682 1057 ut
698 1024 730 1058 in
751 1021 852 1058 brutis
865 1026 1115 1073 materiam-jam
1137 1034 1302 1072 utcunque
1313 1026 1346 1060 in
1356 1034 1464 1073 partes
1473 1022 1685 1068 delineatam,

283 1078 321 1115 ἃ,
331 1074 366 1108 vi
380 1072 508 1121 plastica
520 1071 701 1107 instmetam
713 1101 723 1116 ,
740 1075 897 1108 tenuioris
914 1077 991 1108 vitae
1001 1087 1069 1110 non
1083 1085 1255 1122 expertem
1270 1073 1461 1109 transfundi.

318 1124 394 1157 Pars
405 1120 507 1155 altera
516 1119 727 1155 conclufionis
743 1133 781 1156 ex
791 1123 828 1156 iis
838 1135 912 1170 quae
923 1123 963 1157 de
977 1134 1092 1158 natura
1101 1125 1218 1159 animae
1230 1128 1295 1171 jam
1309 1122 1378 1158 sunt
1391 1121 1549 1170 explicata
1559 1149 1569 1164 ‚
1583 1119 1681 1155 facile

284 1169 444 1219 colligitur
457 1183 465 1204 ε
484 1169 606 1203 constat
626 1172 714 1204 enim
729 1182 797 1205 non
810 1170 829 1205 a
846 1170 1035 1220 parentibus
1046 1172 1113 1205 dari
1121 1174 1245 1207 animas
1256 1200 1266 1215 ‚
1284 1170 1336 1206 sed
1355 1170 1401 1205 ab‘
1415 1183 1482 1205 uno
1495 1169 1680 1217 eodemque

283 1220 542 1267 patre‚&De0‚
553 1220 610 1300 gui
627 1217 734 1266 legem
763 1221 990 1268 rationemque
1007 1219 1158 1256 nascendi
1178 1231 1270 1255 tenet
1285 1219 1378 1256 solus.
1416 1219 1522 1268 Qod
1536 1217 1602 1268 ipse
1614 1221 1680 1254 Lu-

285 1271 400 1303 cretius
410 1268 506 1303 fateri
521 1268 552 1301 vi
580 1278 670 1302 etur:

453 1341 605 1385 Denique
625 1339 735 1387 coelesti
745 1342 851 1382 siamus
862 1340 1093 1387 omnes-simine
1112 1341 1258 1386 oriundi,

452 1387 607 1423 Omnibus
624 1388 681 1422 ille
700 1388 785 1423 idem
803 1399 902 1436 pater
918 1390 969 1436 est.

324 1465 489 1507 Quocirca
502 1475 610 1511 neque
618 1473 657 1496 ex
666 1463 773 1496 anima
791 1462 902 1497 mundi
914 1463 1098 1513 decerpitur
1115 1467 1224 1501 anirna
1241 1464 1407 1501 rationalis
1423 1494 1433 1509 ‚
1461 1476 1499 1502 ut
1513 1464 1616 1502 visum
1636 1466 1680 1501 est

288 1511 464 1547 Platonicis
478 1541 488 1555 ,
505 1524 614 1560 neque
623 1522 663 1545 ex
676 1509 807 1559 spiritali
819 1512 960 1559 quadam
972 1516 1106 1549 materia
1122 1516 1155 1549 in
1173 1515 1287 1550 mundi
1301 1517 1428 1563 origine
1445 1527 1630 1563 procreata,
1644 1527 1681 1550 ut

289 1573 403 1608 corpus
432 1573 470 1595 ex
485 1565 678 1610 praeJacente
696 1562 832 1595 materia
850 1564 1059 1611 componitur
1085 1577 1094 1599 ε
1110 1573 1145 1598 ut
1164 1563 1343 1611 aliquando
1357 1562 1506 1599 dubitare
1530 1564 1612 1600 visus
1634 1564 1680 1599 est

291 1609 498 1658 Augustinus:
517 1623 592 1645 nain
603 1621 640 1644 ut
660 1607 728 1657 ipse
746 1611 812 1653 ait,
833 1611 922 1657 Qid
945 1612 1007 1645 illa
1024 1612 1065 1657 est
1080 1615 1241 1648 materia?
1263 1613 1349 1661 quod
1360 1625 1481 1653 nomen,
1500 1615 1679 1662 quamspe-

291 1663 370 1699 ciem
385 1660 418 1691 in
429 1657 519 1693 rebus
535 1660 669 1695 conditis
687 1667 790 1693 tenet?
804 1659 840 1691 V
839 1661 922 1699 ivit,
936 1673 978 1695 an
992 1673 1053 1696 non
1068 1671 1078 1698 Ξ
1092 1663 1130 1695 Si
1139 1663 1231 1696 vivit
1242 1690 1250 1701 ,
1270 1662 1351 1709 quid
1363 1663 1433 1710 agit
1446 1672 1457 1698 ³

330 1711 445 1754 Itaque
457 1710 562 1744 anima
577 1721 646 1744 non
666 1709 924 1757 propagatione,
944 1708 998 1744 vel
1016 1710 1210 1753 eductione,
1222 1709 1273 1745 sed
1293 1710 1358 1746 sola
1377 1713 1542 1747 creatione
1560 1711 1676 1759 produ·

290 1760 382 1791 citur.
396 1757 491 1791 Nam
509 1758 595 1804 stilus
611 1759 704 1790 Deus
723 1785 732 1796 ‚
758 1768 794 1792 ut
803 1759 849 1791 ait
863 1760 1028 1807 Scriptura
1047 1787 1057 1802 ,
1077 1758 1178 1808 fingit
1184 1761 1339 1808 spiritum
1362 1759 1496 1794 hominis
1511 1762 1546 1794 in
1558 1772 1600 1794 eo.
1628 1761 1681 1794 sic

290 1805 376 1842 Eccl.
395 1820 435 1844 12.
453 1806 647 1840 Revertatur
661 1806 775 1853 pulvis
799 1809 832 1841 in
853 1817 972 1841 terram
985 1808 1080 1852 suam
1096 1835 1106 1847 ‚
1131 1807 1215 1843 unde
1241 1820 1312 1844 erat
1334 1825 1343 1852 3
1366 1805 1548 1857 &spiritus
1569 1808 1682 1843 redeat

291 1854 336 1889 ad
347 1855 452 1889 Deum
467 1857 524 1903 qus·
535 1854 624 1889 dedit
646 1854 747 1891 illum.
765 1854 903 1890 Caeterae
928 1867 1035 1892 autem
1050 1855 1164 1893 formae
1185 1869 1224 1893 ex
1248 1864 1331 1893 terra
1357 1862 1392 1895 &
1413 1857 1484 1892 aliis
1511 1857 1679 1893 elei-nentis

292 1904 463 1953 prodeunt.
491 1904 592 1940 Unde
622 1905 656 1938 in
681 1903 801 1939 Genesi
833 1917 908 1941 cum
933 1905 974 1939 de
998 1908 1120 1942 caeteris
1153 1906 1270 1942 formis
1308 1907 1516 1955 procreandis
1550 1909 1655 1954 agitur
1669 1934 1680 1948 ,

289 1954 465 2001 producat,
490 1956 601 2001 inquit
613 1955 705 1989 Deus
718 1981 727 1996 ,
748 1964 836 1988 terra
855 1957 995 1989 animam
1012 1957 1179 1990 viventem
1201 1958 1233 1992 in
1247 1969 1359 2006 genere
1371 1957 1430 2002 fito
1447 1983 1454 1993 ,
1474 1958 1621 1996 jumenta
1637 1953 1678 1989 ό·

291 2003 422 2050 reptilia
436 2031 445 2042 ‚
470 2002 508 2038 ό·
520 2002 632 2048 bestias
647 2013 744 2039 terre.
756 2002 820 2037 Sed
831 2002 888 2038 ubi
899 2006 1019 2039 mentis
1032 2003 1179 2040 humanae
1189 2008 1373 2054 procreatio
1386 2002 1590 2046 describitur,
1611 2016 1679 2039 non

294 2062 384 2085 terrae
399 2080 408 2094 ‚
434 2063 491 2086 aut
511 2064 603 2099 aquae
620 2050 656 2086 fit
675 2054 819 2094 mentm,
843 2051 895 2086 sed
912 2064 984 2087 earn
1001 2052 1021 2088 a
1037 2056 1115 2088 Deo
1139 2054 1264 2089 infundi
1281 2052 1470 2103 apertiffime
1483 2050 1678 2089 declaratur.

293 2101 462 2135 Formavit
473 2100 565 2134 Deus
582 2100 737 2134 hominem
751 2101 875 2134 delimo
886 2113 972 2136 terrae
986 2129 994 2140 ‚
1022 2101 1061 2137 ό·
1080 2104 1253 2151 inspiravit
1275 2104 1308 2136 in
1319 2103 1438 2148 faciem
1459 2105 1526 2145 ejus
1530 2101 1679 2148 spiracu-

295 2148 360 2181 lum
370 2151 450 2182 vira.
483 2153 562 2196 Qo
574 2146 652 2183 vero
662 2159 810 2198 tempore
822 2151 929 2185 anima
945 2153 1072 2199 corpori
1097 2151 1305 2195 infundatur,
1326 2154 1415 2187 Deus
1432 2149 1514 2185 solus
1530 2148 1599 2184 haec
1616 2162 1678 2187 no.

295 2200 378 2232 verit
391 2227 400 2240 ,
422 2203 511 2245 cujus
523 2209 638 2233 munus
648 2198 692 2232 est
705 2198 791 2246 quod
802 2197 955 2245 spiramus
967 2229 977 2244 ,
997 2201 1085 2247 quod
1100 2202 1255 2245 vivimus,
1275 2200 1363 2248 quod
1375 2201 1532 2247 vigemus.

330 2247 395 2281 Sed
414 2276 423 2291 ,
443 2250 607 2289 {nquiuntA
635 2246 656 2282 fi
670 2259 760 2296 pater
772 2247 964 2284 rationalem
972 2251 1111 2285 animam
1125 2263 1190 2286 non
1205 2249 1402 2285 transfundit
1413 2278 1423 2292 ,
1440 2260 1505 2296 quo
1513 2252 1583 2296 jure
1596 2245 1677 2283 effe-

298 2293 377 2330 &rix
392 2296 477 2330 causi
496 2295 554 2331 filii
573 2298 634 2331 dici
651 2296 773 2345 potest?

331 2344 357 2374 R
361 2347 415 2392 esp.
427 2357 551 2393 patrem
562 2345 656 2380 causae
672 2346 840 2381 eff'earicis
851 2347 946 2382 titulo
962 2361 1028 2384 non
1038 2348 1277 2383 excidexeiicet
1290 2346 1429 2382 formam
1441 2357 1508 2382 non
1518 2354 1675 2393 procreet:

293 2404 367 2428 nain
385 2397 552 2432 materiam
575 2394 716 2444 disponit
732 2424 742 2441 ,
762 2401 796 2434 &
816 2395 1010 2436 infusionem
1035 2400 1149 2435 animae
1162 2397 1406 2448 quodammodo
1416 2397 1540 2445 exigit3
1556 2396 1626 2430 imo
1639 2391 1675 2429 il-
