1857 2745
146 163 418 214 ·101d1iquetper
436 165 552 199 modos
565 164 702 211 intelligi
717 162 816 199 solete
839 163 1016 209 attributa,
1032 177 1104 212 quae
1125 162 1222 199 rebus
1241 120 1511 210 conveniuntfiGi}

109 213 297 253 cadveniunt
307 242 317 258 ,
327 219 360 252 ὃ(
370 227 422 249 eas
436 215 549 249 intime
560 213 805 261 quodammodo
817 210 965 248 afficiunt
982 230 991 257 3
1004 214 1088 249 adeo
1100 225 1136 249 ut
1149 215 1185 247 iis
1197 214 1305 248 modis
1314 214 1438 250 affetstae
1447 215 1513 250 ali·

107 272 170 296 fter
188 262 218 297 se
230 261 379 299 habeant.
411 265 513 310 Hujus
528 264 656 311 generis
668 261 738 297 sunt
751 274 856 297 motus
867 291 876 305 ‚
895 261 994 310 figura
1009 291 1020 306 ,
1040 265 1137 300 aetio.
1167 262 1254 298 Cum
1272 276 1322 297 res
1341 276 1506 308 movetur,

108 322 189 357 =quae
198 322 295 346 antea
305 311 493 359 quiescebat
505 340 515 354 ,
529 323 584 346 aut
594 323 716 347 novam
730 310 866 360 figuram
886 311 992 347 induit
1000 339 1014 355 ‚
1024 324 1092 347 non
1101 311 1241 347 dubium
1258 312 1301 347 est
1313 315 1392 361 quin
1407 315 1511 349 etiam

109 360 287 395 >intrinsece
299 361 392 396 aliter
405 360 436 395 se
453 359 575 395 habeat
587 388 596 402 ‚
611 372 711 407 quam
731 362 827 409 prius.

144 410 221 457 Jam
237 421 315 444 vero
328 410 358 444 id
369 408 544 458 probatum
556 409 748 444 est-modum
758 409 868 457 aliqua
881 412 1006 446 ratione
1020 410 1176 458 distingui
1192 409 1213 447 ὲ.
1222 421 1254 444 re
1264 415 1348 460 cujus
1371 411 1418 446 est
1430 425 1502 446 mo-

105 456 170 493 :dus
182 471 190 495 ς
202 460 406 505 nequeenim
417 470 465 494 tes
478 459 520 494 est
535 458 649 494 modus
666 469 732 506 quo
750 456 905 503 afficitur,
921 472 982 496 nec
1000 471 1115 508 corpus
1134 459 1180 494 est
1197 471 1302 495 motus
1318 488 1329 503 ,
1355 459 1418 494 fine
1433 473 1500 508 quo

113 517 191 541 ante
206 506 373 542 existebat.

147 568 185 590 20
202 555 238 590 Id
252 568 383 604 quoque
403 553 554 592 effectum
567 554 612 591 est
624 585 635 600 ,
650 555 732 593 hanc
748 555 990 595 distinctionem
1011 569 1077 592 non
1089 556 1233 604 pendere
1257 556 1277 592 a
1298 559 1498 605 cogitatione

109 604 215 638 nostra
226 633 236 647 ,
252 616 388 652 eamque
397 606 480 639 adeo
495 604 555 640 esse
567 605 699 643 realem.
710 608 798 642 Nam
814 619 919 643 motus
931 607 1066 641 advenit
1083 607 1230 652 corpori,
1256 611 1290 642 &
1308 618 1405 642 antea
1431 619 1496 642 non

101 660 178 687 -erat
190 669 200 696 3
218 665 277 688 nec
295 666 412 702 corpus
427 654 470 689 e'st
484 665 590 689 motus
600 683 610 698 ,
620 666 677 690 aut
690 653 830 692 vicissim
841 668 895 692 :ac
907 656 1037 691 demum
1047 666 1161 702 corpus
1169 665 1312 697 motum,
1323 655 1378 689 vel
1391 654 1497 689 inclu-

108 701 158 735 dit
169 701 293 749 aliquid
309 715 424 752 praeter
431 714 560 738 motum
577 703 631 738 vel
648 703 738 739 nihil.
759 707 835 741 Hoc
846 707 962 752 utique
973 704 1036 738 dici
1049 717 1117 738 non
1128 703 1247 751 potest:
1263 715 1340 738 nam
1354 702 1495 739 ubicun-

107 761 173 796 que
201 747 277 786 effe:
294 764 429 800 corpuS,
455 750 502 786 ibi
521 749 595 786 esset
607 757 642 789 &
662 764 781 790 motus.
809 754 913 802 Qod
926 751 1079 799 fialiquid
1095 751 1236 787 includit
1250 764 1365 800 praeter
1379 755 1498 800 corpus

105 796 228 842 solum,
255 799 391 848 idipsum
408 812 564 836 vocamus
584 800 717 836 modum
729 831 739 844 ‚
752 804 808 849 qui
819 802 949 838 realiter
972 800 992 837 ὲ
1006 813 1141 851 corpore
1159 801 1357 850 distinguitur
1376 829 1387 845 ,
1418 813 1490 837 cum

105 847 260 883 adveniat
273 877 283 891 ,
301 854 335 886 &
356 849 485 883 recedat
503 860 655 884 manente
669 851 786 887 eodem
815 863 962 899 corpore.

133 903 169 942 3⁰
196 897 368 935 Distinffio
377 896 435 932 illa
447 896 582 933 modalis
591 898 634 932 est
645 899 778 944 quidem
787 900 879 935 realis
892 914 899 936 :
912 899 966 936 sed
980 911 1091 935 tamen
1111 911 1178 933 non
1194 899 1237 934 est
1249 900 1294 933 rei
1315 897 1356 932 ab
1379 898 1440 933 alia
1452 911 1489 933 re

96 943 278 981 distinctio.
291 949 371 982 Non
385 948 473 980 enim
485 946 599 980 modus
611 945 658 980 est
675 958 723 981 res
733 976 744 990 ‚
758 948 812 983 vel
828 951 947 983 entitas
958 949 1104 995 quaedam
1116 946 1321 995 quantumvis
1339 948 1485 983 minima:

98 993 186 1027 adeo
201 1005 237 1028 ut
251 1006 290 1029 ex
307 1006 399 1030 motu
412 1008 444 1030 v.
461 1007 494 1042 g.
508 999 541 1031 &
552 1006 686 1042 corpore
701 994 757 1031 fiat
772 1009 873 1031 unum
884 996 1113 1045 compofitum:
1128 1008 1165 1030 ut
1174 1008 1213 1031 ex
1223 1008 1358 1044 corpore
1371 1002 1404 1034 δ’(
1418 999 1487 1032 ani-

97 1053 165 1077 ma.
184 1043 274 1077 Nam
289 1054 357 1077 tota
367 1042 497 1078 essentia
508 1043 599 1077 modi
614 1045 648 1077 in
661 1042 722 1077 h'oc
739 1044 838 1092 pofita
854 1046 919 1087 est,
932 1057 968 1079 ut
984 1045 1020 1080 fit
1038 1047 1084 1078 rei
1098 1044 1228 1092 alicujus
1242 1046 1366 1080 modus.
1410 1047 1488 1080 Huc

99 1088 183 1123 adde
193 1118 205 1133 ‚
222 1102 279 1138 per
287 1091 420 1125 modum
430 1104 499 1127 rem
516 1093 631 1125 intime
644 1097 677 1127 ὃ(
692 1094 880 1128 immediate
891 1092 984 1129 affici.
1009 1094 1094 1127 Cum
1107 1105 1185 1126 auro
1197 1105 1366 1141 argentum
1378 1091 1483 1127 obdu-

94 1139 193 1180 -citut,
207 1139 398 1175 extrinsecus
413 1151 545 1175 rantum
561 1138 769 1181 afficitur,aut
780 1144 966 1176 immutatur
976 1152 1147 1190 argentum
1161 1155 1168 1175 :
1186 1152 1287 1188 atque
1303 1153 1339 1175 ut
1350 1153 1398 1174 res
1415 1154 1483 1177 non

92 1187 204 1222 existit
219 1200 276 1236 per
300 1189 431 1223 alterius
447 1189 663 1232 existentiam,
685 1191 729 1223 ita
741 1203 806 1225 nec
828 1193 1024 1225 ⁴immutatur
1039 1219 1048 1233 ,
1062 1200 1116 1223 aut
1136 1191 1250 1224 intime
1267 1188 1404 1224 afficitur
1423 1201 1482 1238 pet

94 1235 193 1270 aliam
205 1248 274 1272 rem
290 1264 299 1278 ‚
319 1241 407 1284 cujus
426 1237 593 1272 existentia
615 1236 651 1272 fit
675 1237 738 1272 alia
752 1238 794 1274 ab
811 1239 902 1288 ipsius
922 1241 966 1274 rei
989 1239 1170 1274 existentia.
1194 1241 1277 1287 Ergo
1296 1239 1386 1274 modi
1404 1238 1481 1274 licet

95 1281 156 1318 sint
177 1285 320 1321 distincti
331 1314 338 1325 ‚
350 1299 417 1321 non
433 1285 506 1322 sunt
517 1298 626 1322 tamen
639 1298 686 1321 res
699 1287 837 1333 diversae,
849 1300 908 1323 nec
922 1287 993 1324 sunt
1008 1288 1076 1323 duae
1088 1289 1238 1323 entitates
1257 1289 1421 1336 corporis,
1443 1293 1479 1326 ὅς

90 1345 204 1369 motus
219 1351 228 1379 ς
242 1347 320 1371 cerae
334 1363 344 1381 ,
365 1339 399 1372 &
417 1334 533 1384 figurae.

611 1433 740 1481 Satisfit
765 1432 993 1479 objeffionibus..

131 1531 241 1567 Multa
255 1533 377 1580 opponi
388 1530 518 1566 solent&
534 1530 766 1567 recentioribus
779 1531 994 1580 Philosophis‚
1007 1533 1060 1579 qui
1075 1530 1144 1566 fere
1160 1544 1274 1567 omnes
1295 1533 1474 1568 accidentia

88 1580 112 1616 ὂ.
128 1581 222 1616 rebus
241 1581 309 1630 ipsis
320 1580 464 1616 distincta
484 1580 671 1623 eliminant,
684 1586 716 1617 ὃ(
729 1581 843 1615 modos
856 1583 1008 1616 duntaxat
1029 1579 1224 1628 agnoscunt:
1242 1580 1281 1616 fi:
1302 1592 1412 1617 tamen
1436 1594 1474 1617 ut

89 1632 288 1678 cogitatione
299 1658 309 1673 ,
325 1643 389 1664 non
403 1642 437 1663 re
452 1628 472 1664 ὲ
487 1627 655 1664 substantia
669 1629 855 1664 modificata
870 1629 1081 1664 secernantur·
1105 1630 1189 1675 Qae
1206 1641 1312 1664 autem
1334 1632 1368 1664 in
1391 1643 1472 1665 con-

89 1681 220 1713 trarium
239 1678 344 1714 afferri
362 1678 482 1721 solent,
504 1678 707 1713 commodius
725 1680 926 1713 excutientur
942 1706 952 1720 ,
967 1677 1022 1712 ubi
1039 1689 1211 1725 corporum
1228 1676 1417 1713 affictiones
1437 1684 1472 1716 &

113 1729 304 1775 roprietates
320 1727 689 1775 expendenms.1nterim
706 1739 744 1761 ea
761 1738 885 1762 tantum
899 1739 968 1774 quae
980 1725 1126 1762 adversus
1139 1727 1319 1761 accidentia
1335 1729 1469 1764 univer-

87 1739 142 1809 ἕω
162 1774 375 1822 objiciuntur,
398 1774 541 1809 breviter
559 1778 766 1824 attingemus.

126 1824 209 1872 Opp.
233 1836 261 1858 10
279 1825 436 1859 Accidens
449 1836 488 1859 ex
508 1824 726 1861 Aristotele&
737 1825 909 1860 §.Thema
927 1838 992 1860 non
1012 1826 1141 1873 proprie
1160 1824 1204 1859 est
1220 1835 1275 1859 ens
1287 1823 1358 1867 ‚sed
1373 1825 1469 1868 entis,

85 1884 193 1919 neque
210 1874 242 1908 id
256 1872 354 1908 habet
363 1870 423 1907 effe
433 1902 442 1916 ‚
457 1872 509 1907 sed
519 1884 558 1908 eo
570 1872 691 1920 aliquid
704 1873 747 1907 est
759 1887 770 1909 ς
783 1885 820 1908 ut
832 1872 984 1909 albedine
994 1874 1038 1908 est
1049 1872 1173 1920 aliquid
1182 1871 1304 1916 album,
1314 1883 1351 1908 ut
1360 1871 1468 1920 loqui-

85 1932 135 1956 tur
144 1923 176 1958 S.
189 1922 334 1957 Thomas
351 1935 359 1956 :
379 1934 476 1969 quare
490 1934 549 1956 nec
566 1923 696 1969 proprie
711 1920 768 1965 fit,
780 1933 839 1957 aut
856 1922 1048 1970 producitur.
1074 1925 1113 1958 Er
1136 1935 1157 1955 o
1168 1921 1316 1956 accidens
1331 1933 1398 1956 non
1423 1923 1468 1958 est

83 1982 182 2005 unum
197 1970 293 2018 quid,
304 1970 360 2005 -vel
375 1982 431 2006 ens
449 1969 469 2005 a
481 1969 624 2019 subje&o
633 1971 814 2006 distinstum
829 1987 837 2015 3
851 1972 993 2006 maxime
1011 1982 1085 2005 cum
1103 1934 1167 2005 {w
1184 1968 1329 2016 subjedko
1342 1970 1374 2004 id
1385 1982 1466 2006 con-

84 2020 149 2066 cipi
167 2031 235 2055 non
262 2017 375 2067 possit,
399 2031 507 2066 neque
528 2018 620 2053 aliter
644 2020 684 2054 de
709 2019 806 2054 rebus
836 2019 975 2068 Judicare
990 2018 1106 2061 liceat,
1120 2030 1220 2066 quam
1239 2030 1278 2053 ex
1293 2018 1376 2052 ideis
1392 2017 1463 2067 ipfis

78 2079 159 2114 quas
175 2067 221 2102 :de
237 2067 332 2102 rebus
347 2067 533 2103 formamus.
553 2069 638 2103 Cum
650 2070 757 2112 itaque
769 2068 916 2104 accidens
926 2066 988 2103 fine
1004 2080 1038 2103 re
1052 2070 1102 2102 cui
1119 2067 1217 2111 ine-st,
1240 2068 1377 2116 cogitari
1397 2080 1464 2104 non

79 2114 176 2163 poffit
187 2145 196 2159 ‚
215 2128 282 2151 non
299 2116 345 2150 est
358 2117 512 2163 quiddam
522 2115 541 2151 ὲ
553 2129 586 2150 re
596 2116 660 2164 ipsa
673 2115 852 2154 discretum.

119 2165 205 2210 Resp.
219 2164 288 2209 dist.
300 2175 367 2200 ant.
382 2165 534 2201 Accidens
548 2178 612 2200 non
627 2165 670 2199 est
686 2167 815 2213 propr'ie
831 2178 896 2209 enS,
913 2167 976 2202 hoc
991 2166 1038 2201 est
1052 2195 1061 2210 ,
1074 2167 1106 2201 in
1120 2165 1150 2200 se
1166 2179 1232 2201 non
1246 2164 1378 2200 subsistit
1394 2194 1403 2209 ,
1420 2168 1458 2199 C.

39 2240 43 2243 ,
80 2213 163 2247 Non
178 2211 276 2246 habet
287 2212 372 2248 suam
382 2225 526 2249 naturam
538 2243 548 2257 ,
566 2219 598 2250 &
609 2214 806 2248 existentiam
821 2213 877 2249 fibi
897 2218 1057 2263 propriam
1069 2244 1078 2258 ,
1105 2215 1152 2250 N.
1179 2216 1328 2249 Fatemur
1348 2217 1457 2262 itaque

81 2259 229 2295 accidens
248 2260 308 2296 esse
323 2262 410 2296 velut
429 2264 639 2310 appendicem
654 2260 834 2297 substantiae
847 2291 857 2304 ‚
881 2276 917 2297 ac
932 2262 996 2298 fine
1014 2263 1068 2297 illa
1086 2263 1270 2297 naturaliter
1293 2276 1358 2299 non
1371 2261 1458 2310 poss'e

79 2306 268 2351 consistere,
280 2321 341 2343 nec
350 2310 409 2344 effe
424 2322 496 2352 ,aut
509 2309 576 2346 fieri
591 2322 625 2345 ut
646 2311 748 2357 quod,
764 2309 817 2347 sed
831 2323 946 2358 utquo.
962 2316 1085 2348 Verum
1101 2310 1176 2347 ,hinc
1188 2325 1255 2348 non
1273 2311 1410 2360 sequitur
1423 2311 1456 2345 id

81 2368 148 2394 son
165 2355 225 2393 effe
247 2358 324 2410 quid
339 2358 521 2398 distinaum
532 2360 551 2396 ὲι
566 2359 742 2396 substantia.
