1857 2745
705 131 733 166 L
756 131 791 165 O
815 133 845 166 G
868 133 881 165 I
905 130 935 165 C
961 132 1010 164 ΑΞ.
1514 142 1541 166 11

161 181 328 218 hominem
343 177 404 214 esse
415 177 535 215 animal
550 208 559 223 ‚
572 191 640 214 non
655 177 757 215 solum
770 178 907 215 affirmat
916 180 956 214 de
969 175 1105 213 homine
1114 205 1125 221 ,
1139 176 1190 212 sed
1209 179 1306 213 etiam
1330 180 1465 215 niodum
1481 193 1538 215 ex-

160 232 349 281 primitquo
361 227 481 264 animal
494 230 525 262 ei
541 232 708 266 convenit.
725 233 838 276 Itaque
854 233 886 265 in
903 225 1176 278 propositionibus
1194 227 1378 263 modalibus
1390 230 1454 265 duo
1471 229 1540 265 sunt

160 279 526 329 distinguenda‚distum
549 283 583 315 &
597 280 712 314 modus
724 294 732 316 :
743 280 866 315 dietum
881 281 923 314 est
941 276 1117 327 propositio
1132 275 1279 312 absoluta
1289 307 1299 322 ,
1311 291 1381 325 quae
1393 290 1541 314 remanet

160 328 288 364 sublato
297 329 397 364 modo
412 328 543 363 :modus
560 326 642 363 vero
656 329 742 364 estid
757 330 845 378 quod
863 329 1052 377 adjunstum
1070 327 1113 362 est
1137 325 1350 375 propositioni
1370 327 1542 372 absolutae,

159 378 306 427 facitque
320 390 393 413 eam
408 377 572 412 modalem
582 392 589 413 :
599 389 635 412 ut
647 380 682 414 in
698 379 758 414 hac
771 376 990 427 propositione
1001 405 1012 420 ,
1025 373 1148 413 necesse
1163 376 1206 410 est
1216 376 1385 412 homiaem
1401 376 1461 412 esse
1473 380 1543 412 ani-

161 428 248 472 mal,
266 427 380 463 modus
403 427 446 462 est
459 426 617 475 particula
636 455 645 467 ‚
670 428 814 473 necesse,
833 429 957 464 dietum
977 425 1058 464 vero
1080 426 1147 461 haec
1168 424 1363 473 propositio,
1382 426 1482 462 homo
1499 428 1542 462 est

161 477 294 513 animal.

195 527 409 578 Qadruplex
420 527 520 576 vulgo
530 527 673 562 statuitur
687 525 864 576 propositio
875 525 1108 574 modalisjuxta
1125 535 1266 571 quatuor
1277 522 1391 558 modos
1406 550 1409 558 ,
1424 522 1542 570 quibus

160 574 354 625 significatur
368 576 561 612 attributum
570 579 747 612 convenire
757 606 766 621 ‚
784 576 837 612 vel
850 590 916 612 non
931 576 1107 612 convenire
1126 572 1270 622 subjeeto
1283 600 1292 615 ,
1307 571 1429 606 scilicet
1445 571 1542 620 poffi-

162 624 231 660 bile
240 655 251 669 ,
267 629 462 676 contingens
472 656 482 671 ‚
494 624 708 674 impossibile,
723 632 756 663 δι
770 626 988 662 necessarium.

193 673 394 711 Affectiones
404 674 662 725 propositionum
672 675 851 711 modalium
861 677 980 709 eaedcm
991 677 1127 710 omnino
1145 671 1216 708 sunt
1231 683 1301 718 quae
1315 668 1544 705 absolutarum:

163 723 318 759 videlicet
334 727 518 772 quantitas,
530 723 890 772 conversio‚0ppositio,
908 730 940 760 &
957 723 1209 772 aequipollentia.
1229 720 1291 754 Sed
1311 730 1346 753 ut
1364 721 1396 754 in
1420 731 1544 768 propo-

162 772 279 808 sitione
288 774 353 807 duo
366 771 436 808 sunt
448 801 457 815 ,
471 773 594 807 dietum
606 778 639 809 &
652 773 767 806 modus
785 789 794 815 ·,
806 775 885 806 inea
901 784 1036 820 quoque
1053 771 1173 820 duplex
1199 770 1242 804 est
1271 771 1436 816 quantitas
1448 798 1457 811 ‚
1483 780 1546 802 una

161 823 256 866 dicti,
270 822 370 856 altera
382 821 425 856 est
438 822 548 863 modi,
558 834 627 867 qua:
639 821 690 856 vel
702 819 765 856 sola
775 851 783 865 ,
798 821 847 855 vel
859 824 999 856 maxime
1011 819 1187 869 spectatur:
1200 831 1274 854 narn
1285 815 1464 866 propositio
1475 831 1547 852 mo-

160 871 242 907 dalis
255 870 399 906 censetur
410 869 790 918 universalissimpliciter
802 900 811 914 ‚
827 869 847 904 si
868 871 983 905 modus
1001 869 1037 904 sit
1056 868 1242 905 universalis
1256 884 1264 910 3
1286 866 1486 915 particularis
1500 895 1509 909 ‚
1525 865 1546 900 si

162 921 278 956 modus
289 919 325 955 sit
342 919 550 968 particularis.
571 922 616 955 Ex
627 920 731 954 modis
747 932 857 954 autem
869 921 934 960 duo
951 919 1019 953 sunt
1033 918 1240 967 particulares
1253 945 1262 958 ‚
1279 917 1431 950 nimirum
1450 914 1545 962 poss-

163 969 231 1004 bile
250 975 284 1006 &
301 971 514 1016 contingens:
535 968 599 1002 duo
626 969 740 1004 itidem
759 967 950 1003 universales
970 996 980 1010 ‚
995 965 1115 1002 sei-licet
1130 963 1326 1012 impossibile
1355 970 1390 1000 δε
1408 965 1546 999 necessa-

162 1021 265 1053 rium:
281 1016 435 1064 siquidem
444 1017 507 1050 duo
519 1019 641 1064 priores
657 1018 748 1052 modi
768 1030 833 1051 non
852 1019 988 1050 omnino
999 1044 1007 1058 ‚
1020 1028 1081 1050 nec
1102 1017 1219 1062 quovis
1245 1013 1319 1047 loco
1345 1018 1379 1048 ὃς
1402 1024 1549 1060 tempore

161 1070 362 1114 conjungunt
380 1064 632 1113 veldisjungunt
655 1063 849 1099 attributum
867 1070 899 1100 &
918 1062 1104 1111 subjectum.
1131 1062 1231 1111 Qd
1255 1059 1276 1094 si
1294 1062 1426 1108 negatio
1449 1061 1549 1095 modo

161 1117 378 1164 praeponitur‚
394 1126 461 1149 tuni
470 1125 611 1148 mutatur
629 1112 855 1162 propositionis
874 1123 1046 1160 quantitas
1069 1112 1236 1159 Siquidem
1247 1122 1313 1143 non
1329 1107 1548 1152 necessarium,

162 1170 197 1202 ὃ(
212 1177 278 1200 non
292 1161 488 1212 impossibile
500 1191 507 1201 ,
529 1161 599 1197 sunt
614 1163 705 1198 modi
722 1162 928 1212 particulares
949 1177 956 1197 ε
977 1175 1045 1197 non
1063 1162 1257 1206 contingens
1276 1163 1309 1194 ὅ(
1323 1171 1388 1193 non
1402 1157 1550 1206 possibile

162 1212 472 1260 titiiverfiile52qiiod
499 1214 598 1246 etiam
615 1213 726 1247 videre
746 1213 790 1248 est
807 1216 840 1248 in
865 1209 1141 1261 propositionibus
1160 1207 1335 1244 absolutis:
1352 1221 1417 1242 non
1444 1211 1552 1243 omnis

163 1265 250 1299 enim
261 1291 271 1302 ‚
284 1268 318 1300 &
332 1276 397 1297 non
407 1259 511 1297 nullus
521 1260 605 1310 signa
618 1261 688 1298 sunt
701 1261 906 1311 particularia
920 1278 930 1306 ·‚
948 1273 986 1296 ut
1000 1274 1067 1296 non
1086 1258 1202 1308 aliquis
1218 1257 1260 1293 est
1278 1255 1400 1305 signum
1419 1260 1552 1292 univer-

163 1312 236 1349 sale.

197 1359 347 1410 Qalitas
363 1358 588 1408 propositionis
598 1360 733 1395 modalis
745 1370 799 1402 ‚ut
817 1357 970 1394 absolutae
988 1358 1030 1393 est
1041 1356 1400 1406 quadruplex‚veritas,
1412 1353 1549 1399 falsitas,

159 1409 340 1446 affirnutio
358 1415 391 1446 &
408 1411 540 1459 negatio
555 1424 562 1444 :
577 1412 693 1444 veritas
707 1406 866 1446 &falsitas
886 1408 1029 1456 pendent
1040 1420 1076 1442 ex
1096 1407 1196 1442 modo
1215 1412 1248 1443 &
1273 1407 1363 1440 disto
1378 1434 1386 1447 ,
1407 1403 1458 1438 sed
1474 1416 1550 1452 pros<

163 1460 272 1496 sertim
284 1472 321 1494 ex
337 1459 436 1493 modo
450 1474 457 1494 :
473 1471 546 1493 nani
560 1459 814 1506 quotiescunque
824 1456 999 1505 propositio
1011 1455 1088 1491 falsa
1101 1457 1145 1490 est
1159 1457 1286 1490 ratione
1305 1455 1414 1495 modi,
1440 1452 1549 1488 cense-

165 1521 216 1544 tur
231 1508 306 1543 falsa
324 1506 507 1555 simpliciter
518 1536 527 1550 ‚
540 1505 603 1540 sive
616 1519 694 1541 vera
712 1506 748 1542 sit
761 1509 888 1540 ratione
903 1507 983 1541 dieti
996 1534 1004 1547 ,
1018 1504 1082 1540 five
1091 1518 1175 1539 non:
1190 1516 1224 1538 ut
1236 1515 1327 1550 patet
1337 1516 1376 1536 ex
1388 1504 1461 1544 istis,
1474 1515 1553 1537 con-

166 1561 293 1605 tingens
307 1556 349 1590 cst
359 1555 526 1590 hominem
537 1553 597 1588 eff:
610 1555 728 1589 animal
742 1573 751 1598 3
772 1553 894 1589 necesse
915 1555 959 1588 est
973 1554 1142 1588 hominem
1156 1551 1217 1587 esse
1232 1551 1474 1598 Philosophum.

200 1604 306 1653 Qod
324 1606 441 1638 attinet
455 1601 755 1638 adaffinmtionem
771 1608 804 1638 δε
822 1605 1052 1650 negationem,
1071 1613 1152 1636 unus
1170 1612 1296 1635 tantum
1310 1600 1426 1634 modus
1436 1599 1481 1633 est
1493 1612 1551 1634 ne-

165 1668 261 1703 gans,
272 1652 391 1687 scilicet
409 1651 624 1699 impossibile3
640 1664 701 1686 tres
718 1649 1059 1686 aliisuntaffirmantes
1070 1679 1079 1694 ‚
1090 1650 1269 1684 dummodo
1281 1651 1318 1683 iis
1335 1647 1421 1683 nulla
1440 1649 1552 1690 adjun-

164 1715 257 1752 gatur
273 1703 414 1750 negatio.
431 1701 533 1749 Qod
547 1699 568 1733 si
587 1703 674 1735 enim
684 1713 745 1735 una
755 1698 907 1749 affigatur
918 1702 1064 1749 negatio,
1081 1700 1171 1734 modi
1185 1698 1256 1733 sunt
1273 1699 1418 1747 negativi
1434 1713 1442 1739 ;
1457 1696 1478 1731 si
1491 1697 1550 1731 du-

165 1752 240 1801 plex
253 1781 262 1794 ‚
277 1750 376 1786 rursus
410 1748 489 1785 fiunt
503 1747 692 1785 affirmativi
715 1765 722 1786 :
740 1751 817 1798 quia
834 1749 955 1798 duplex
968 1751 1101 1799 negatio
1125 1747 1298 1797 aequivalet
1319 1744 1531 1782 affirmationi
1542 1775 1551 1785 ,

167 1800 314 1850 intellige
327 1799 412 1842 apud
427 1801 572 1835 Latinos.

201 1848 380 1886 Conversio
395 1846 650 1896 propositionum
672 1847 851 1883 modalium
861 1847 977 1882 eadem
986 1851 1114 1883 ratione
1127 1843 1270 1881 efficitur
1281 1873 1290 1888 ,
1303 1856 1369 1891 qua
1391 1841 1553 1878 absoluta-

167 1913 238 1935 rum
253 1897 429 1935 conversio-

564 1972 790 2007 CAPUT
850 1970 1181 2006 ULTIMUM.

176 2026 188 2041 0

468 2072 523 2104 De
539 2068 802 2120 propositionibus
828 2066 1001 2116 complexis
1011 2068 1070 2113 [ἐκ
1095 2065 1282 2116 compofitis.

242 2144 414 2196 Repositio
435 2143 612 2193 composita
634 2157 672 2178 ea
692 2143 811 2177 dicitur
825 2171 833 2181 ,
853 2155 921 2189 qua:
941 2143 1073 2190 <gemino
1100 2141 1222 2175 const-it
1247 2137 1300 2173 vel
1317 2135 1460 2186 subjeeto
1501 2134 1555 2170 vel

171 2152 421 2240 Patrribut0‚
439 2206 474 2230 ut
492 2193 676 2230 Aristoteles
691 2199 724 2230 ἃς
739 2192 833 2227 Plato
842 2182 1110 2241 philosophantur
1123 2206 1131 2234 3
1147 2187 1329 2224 Aristoteles
1340 2184 1550 2234 philosopha-

171 2259 221 2282 tur
233 2275 239 2282 .
251 2252 285 2282 δε
298 2244 445 2280 ambulat
460 2262 469 2288 ·,
482 2242 686 2285 Aristoteles,
701 2248 734 2278 ὃ(
749 2241 843 2276 Plato
856 2240 1123 2289 philosophantur
1139 2244 1171 2275 &
1190 2236 1371 2272 ambusmt.
1399 2234 1471 2271 Ubi
1492 2242 1553 2269 n'o-

172 2296 302 2330 tandum
317 2295 361 2329 est
380 2293 534 2342 quasdam
548 2291 782 2341 propositiones
795 2292 896 2325 videri
910 2289 1094 2338 complexas
1115 2318 1124 2331 ,
1137 2300 1206 2335 quae
1220 2299 1328 2322 tamen
1348 2284 1419 2320 sunt
1438 2283 1555 2332 simpli-

169 2346 324 2391 ces2quia
338 2346 418 2379 iniis
437 2343 612 2390 subjeetum
626 2371 636 2385 ‚
647 2353 703 2376 aut
720 2339 915 2376 attributum
938 2351 1071 2388 apparet
1089 2337 1261 2385 multiplex
1272 2365 1283 2379 ‚
1296 2335 1374 2370 licet
1392 2345 1505 2369 revera
1518 2331 1555 2368 sit

166 2395 320 2429 unicum:
339 2405 376 2429 ut
394 2391 576 2432 Alexander
591 2393 778 2440 Principum
792 2389 981 2427 fortiffimus
998 2390 1078 2424 vicit
1095 2389 1252 2424 Darium:
1270 2397 1340 2469 quari}
1353 2386 1466 2439 utique
1479 2395 1555 2431 pro„

1363 2445 1383 2482 ¹]
