1857 2745
390 139 474 175 >226
856 131 1324 170 PHILOSOPHIA

392 182 465 218 Ioco
484 181 657 227 quaerimus
668 209 678 222 ‚
700 181 733 214 in
752 192 793 214 eo
803 177 903 227 posita
913 180 957 214 est
969 209 979 222 ‚
999 180 1088 227 quod
1104 179 1138 215 fit
1151 180 1280 215 alerius
1295 182 1340 215 rei
1356 179 1538 227 perfeffio:
1553 185 1586 218 &
1600 180 1735 229 qnid<m
1757 181 1804 218 ob

392 244 465 265 eam
481 230 621 262 maxime
635 231 799 263 rationem
812 228 937 264 bonum
956 229 1003 263 est
1020 230 1132 265 natur&
1146 228 1196 265 sui
1209 231 1431 278 appetendum
1443 258 1452 272 ,
1462 230 1539 276 quia
1552 230 1679 278 perficit
1697 245 1705 267 ε
1730 245 1807 269 nam

397 279 513 313 cunch
528 289 687 324 appetunt
708 276 794 312 suam
808 277 1063 326 perfectionem.
1510 291 1514 292 ⁷

429 328 603 375 Appetitus
619 328 750 375 itaque,
769 339 804 362 ut
818 341 896 362 mox
914 328 1052 363 diximus
1065 357 1074 371 ‚
1099 329 1180 364 nihil
1199 330 1242 364 est
1264 326 1319 362 nisi
1331 329 1377 362 rei
1402 327 1554 376 cujusque
1573 329 1745 378 propensio
1771 332 1808 367 in

390 379 478 412 suum
491 375 616 410 bonum
629 391 636 411 ;
660 390 735 412 nam
748 390 797 412 res
809 375 1038 426 qtiaequesuam
1049 376 1108 412 fibi
1124 378 1212 413 velut
1222 383 1291 428 jure
1304 378 1441 412 naturali
1458 377 1604 413 debitam
1624 378 1806 427 perfeetio-

389 439 465 461 nem
483 428 617 473 expetit.
635 427 731 461 Ac‘lzio
750 426 830 476 ipsa,
855 438 909 461 ant
926 426 1007 461 nisus
1029 429 1060 462 in
1083 426 1230 471 bonum,
1255 439 1291 462 ut
1309 439 1400 461 amor
1425 426 1565 461 sanitatis
1578 457 1587 470 ,
1612 429 1806 477 ειιιινοΙιιρ-
1854 440 1856 442 ·

391 476 643 523 tatis,appetitus
661 475 785 511 elicitus
802 477 866 510 dici
882 475 964 511 solet
983 491 990 512 ε
1009 476 1060 511 sed
1077 480 1125 512 vis
1136 489 1190 512 aut
1209 477 1347 512 facultas
1369 475 1464 511 nobis
1476 478 1711 525 ingeliitd‚quae
1722 478 1806 514 hunc
1852 490 1857 521 Ἰι]

389 525 497 559 astum
508 523 614 567 elicit,
641 526 767 559 innatus
782 528 946 575 appetitus
960 528 1164 562 nominatur:
1185 527 1262 562 hinc
1281 525 1397 573 triplex
1416 524 1515 574 vulgo
1534 526 1689 563 statuitur.

426 573 592 610 Naturalis
604 603 612 615 ‚
636 572 774 610 sentiens
786 605 795 619 ‚
811 582 845 611 ὃ(
860 576 1039 612 rationalis.
1065 579 1188 612 Primus
1205 574 1301 610 rebus
1321 574 1472 609 omnibus
1492 573 1598 609 insitus
1617 574 1671 609 vul
1697 573 1718 609 'o
1737 587 1807 610 cre.

390 624 484 658 ditur.
501 624 554 670 Sic
569 622 650 657 nihil
668 624 714 658 est
732 627 762 660 in
774 624 886 660 scholis
899 623 1040 660 usitatius
1055 654 1064 669 ,
1088 624 1187 673 quam
1197 626 1309 673 gravia
1326 623 1462 659 naturali
1479 626 1649 673 appetitu,
1673 589 1695 659 (s

390 672 567 707 clinatione
591 673 733 720 quadam
747 674 896 710 deorsum
914 674 1012 719 ferri,
1039 675 1123 709 levia
1138 674 1265 710 sursum.
1285 675 1486 721 Qanquam
1508 673 1616 708 fateor
1631 674 1662 707 id
1675 672 1807 709 intelle..

391 723 445 757 ἂιι
458 718 593 756 arduum
607 722 732 766 videri,
755 723 810 772 qui
821 723 891 759 fieri
902 723 997 773 possit
1011 736 1046 759 ut
1059 737 1107 758 res
1121 724 1234 759 sensus
1254 729 1287 760 δε
1301 724 1497 772 cognitionis
1516 735 1664 771 expertes
1680 723 1804 771 aliquid

392 782 567 820 expetant,
584 782 641 805 aut
653 773 866 809 inclinatione
882 774 993 821 aliqua
1006 773 1178 808 donentur.
1203 773 1306 820 Qod
1318 774 1406 806 enirn
1417 771 1609 820 respondete
1620 771 1745 815 solent,
1769 783 1807 807 ut

389 822 595 868 appetitum,
619 819 658 854 fic
685 825 910 871 cognitionem
930 825 968 857 iis
987 821 1081 858 rebus
1105 820 1226 865 incise,
1251 819 1304 855 sed
1329 823 1527 870 improprie,
1553 833 1608 856 aut
1629 821 1801 869 analogice
1847 861 1848 864 Ἴ

392 870 517 905 dietam
531 897 541 913 ‚
575 869 638 904 hoc
660 873 776 919 urique
794 871 875 908 nihil
894 872 938 907 est
951 902 962 917 ‚
993 871 1068 907 cum
1094 871 1184 908 nulla
1200 873 1337 906 omnino
1359 873 1394 905 in
1415 870 1522 919 lapide
1551 869 1628 919 fingi
1657 872 1807 920 cognitio

388 918 493 966 poffit.

436 971 520 1005 Sunt
535 972 647 1017 itaque
661 973 695 1006 in
706 967 800 1004 rebus
814 972 1010 1019 cognitionis
1033 975 1068 1006 &
1083 968 1190 1006 sensfis
1213 967 1405 1019 expertibus
1425 980 1522 1003 cettae
1542 981 1693 1006 motuum
1714 969 1806 1020 leges

390 1016 432 1051 ab
450 1019 598 1053 Authore
618 1032 735 1054 naturae
748 1020 929 1054 constitutae
940 1048 950 1062 ‚
961 1032 1032 1066 quae
1044 1018 1276 1066 propenfiones
1295 1018 1443 1066 quaedam
1457 1017 1476 1052 a
1493 1030 1605 1053 natura
1620 1022 1803 1068 congenita:

389 1066 455 1099 dici
470 1066 598 1114 poffunt
612 1081 618 1102 :
634 1080 669 1102 ut
684 1069 772 1114 quod
784 1080 890 1102 motus
908 1069 1016 1102 omnis
1036 1068 1159 1101 reetam
1173 1068 1294 1102 lineam
1309 1068 1454 1103 affcstet.
1471 1067 1534 1101 Sed
1554 1069 1737 1103 cavendum
1748 1083 1805 1104 no·

390 1113 438 1148 bis
452 1116 498 1149 est
519 1128 561 1150 ne
574 1115 667 1150 rebus
684 1114 753 1164 ipsis
765 1118 926 1164 appetitus
942 1114 1097 1162 quosdam
1109 1144 1118 1159 ‚
1132 1128 1186 1150 aut
1203 1116 1438 1152 inclinationes
1452 1115 1643 1160 tribui-snm,
1659 1130 1733 1154 cum
1746 1132 1804 1154 oc-

389 1163 545 1198 cultiores
561 1177 666 1199 rerum
685 1164 857 1212 qualitates
873 1176 1074 1211 quaernntur:
1089 1164 1151 1199 hoc
1170 1166 1212 1200 est
1228 1168 1316 1201 enim
1328 1195 1337 1209 ‚
1358 1177 1394 1199 ιιι
1410 1163 1489 1199 alibi
1510 1166 1646 1200 diximus
1662 1195 1672 1210 ,
1694 1179 1802 1204 rerum

390 1216 532 1248 maxime
552 1214 781 1263 disjunctarum
805 1214 960 1248 attributa
974 1213 1178 1248 confundere
1194 1231 1203 1258 3
1224 1228 1363 1263 quaeque
1375 1215 1413 1248 ad
1433 1226 1480 1248 res
1498 1217 1694 1263 cognitionis
1711 1229 1804 1252 corn-

390 1275 485 1309 potes
502 1265 684 1310 pertinent,
702 1276 736 1298 ut
751 1265 903 1298 amicitia:
921 1293 931 1305 ‚
954 1265 1025 1306 irae,
1049 1264 1139 1301 odii,
1169 1264 1345 1313 voluptatis
1367 1275 1472 1298 motus
1485 1293 1493 1307 ‚
1519 1263 1612 1299 rebus
1633 1277 1706 1312 qnae
1727 1265 1802 1302 sunt

391 1315 498 1345 omnis
515 1314 712 1360 cognitionis
730 1325 876 1361 expertes
887 1342 896 1356 ,
911 1310 1064 1348 tribuere.
1081 1313 1145 1346 Sed
1157 1314 1197 1347 de
1210 1314 1258 1348 his
1276 1313 1366 1361 plura
1381 1311 1435 1346 suo
1450 1312 1535 1347 loco.

429 1364 542 1408 Qare
555 1374 590 1395 ιιι
604 1365 786 1410 appetitum
801 1362 978 1396 naturalem
1000 1364 1032 1396 in
1044 1360 1139 1397 nobis
1159 1391 1167 1404 ,
1192 1365 1259 1396 imo
1276 1368 1308 1399 &
1322 1365 1357 1397 in
1372 1360 1473 1395 brutis
1490 1361 1693 1410 agnoscimus
1709 1393 1719 1407 ,
1742 1366 1801 1411 qui

389 1408 507 1444 scilicet
525 1422 657 1446 omnem
668 1413 893 1459 cognitionem
907 1411 1088 1445 distinetam
1102 1413 1274 1458 praecurrie,
1285 1411 1325 1445 fic
1341 1411 1488 1458 quaedam
1500 1411 1539 1444 ad
1560 1410 1684 1446 bonum
1700 1412 1800 1461 ipsum
1841 1439 1844 1450 ,·

388 1458 558 1494 inclinatio
573 1460 669 1494 nobis
680 1463 856 1509 congenita
867 1459 1062 1495 &naturalis
1083 1460 1147 1492 dici
1162 1461 1285 1507 potest:
1297 1461 1339 1494 est
1357 1462 1443 1493 enim
1454 1458 1494 1492 ab
1518 1460 1665 1494 Authore
1682 1473 1802 1497 natura:
1840 1477 1841 1482 ¹

388 1507 546 1556 impressa.
559 1510 646 1543 Hinc
664 1509 787 1543 bonum
797 1508 929 1555 aliquod
946 1506 1041 1542 nobis
1052 1511 1231 1542 convenire
1247 1522 1312 1544 non
1325 1510 1451 1543 ratione
1466 1519 1604 1552 tantum,
1619 1522 1677 1546 aut
1686 1512 1803 1559 cogni..

389 1559 479 1592 tione
501 1569 558 1604 per
573 1556 674 1594 sensus
691 1570 844 1606 accepta,
866 1557 918 1591 sed
948 1556 1035 1591 sensu
1054 1557 1197 1604 quodam
1218 1559 1336 1593 intimo
1363 1559 1568 1606 percipimus.

431 1607 510 1654 Q
527 1609 623 1655 igitur
640 1607 793 1643 instinctu
809 1618 929 1642 naturae
940 1635 949 1649 ‚
981 1611 1014 1643 &
1032 1605 1121 1641 velut
1138 1608 1266 1654 impetu
1283 1609 1408 1656 agimus
1422 1635 1431 1650 ‚
1465 1607 1533 1641 haec
1559 1607 1599 1641 ad
1618 1606 1801 1644 naturalem

389 1652 570 1703 appetitum
585 1659 750 1704 pertinent
766 1674 774 1700 ;
794 1669 864 1704 quae
879 1655 1023 1690 sensuum
1038 1657 1259 1703 cognitionem
1275 1656 1414 1704 sequitur
1428 1655 1598 1690 inclinatio
1609 1685 1617 1699 ‚
1634 1668 1669 1691 ut
1682 1669 1801 1706 magna

389 1716 459 1750 pars
473 1703 648 1741 affinium]
663 1708 765 1741 animi
785 1736 794 1750 ‚
824 1705 892 1740 haec
902 1705 942 1739 ad
959 1703 1152 1740 sentientem
1164 1707 1307 1752 pertinet
1318 1707 1499 1753 appetitum
1516 1719 1524 1740 t
1545 1703 1597 1738 sed
1616 1718 1687 1751 quae
1706 1718 1800 1741 men-

391 1756 430 1786 tis
450 1757 672 1803 cognitionem
693 1754 894 1803 consequitur
913 1752 1082 1804 propensio
1097 1783 1107 1797 ‚
1129 1756 1292 1803 appetitus
1305 1753 1471 1790 rationalis
1483 1783 1492 1798 ,
1506 1752 1560 1788 seu
1576 1753 1728 1790 voluntas
1739 1767 1800 1790 no-

387 1815 537 1841 minatur.

423 1855 493 1900 Qi
515 1854 533 1888 {1
554 1865 666 1888 natura
689 1855 732 1888 est
750 1856 933 1902 appetitus,
949 1856 981 1888 in
997 1853 1029 1887 id
1045 1854 1133 1901 quod
1153 1852 1207 1887 fibi
1227 1856 1426 1888 conveniens
1448 1852 1492 1884 est
1508 1880 1517 1893 ‚
1543 1852 1665 1892 fertur,
1689 1864 1800 1898 neque

386 1900 406 1936 ἓι
417 1901 471 1936 suo
488 1902 550 1937 fine
562 1903 692 1937 aberrat
705 1916 846 1949 unquam
862 1918 868 1938 :
884 1904 930 1937 est
945 1905 1068 1949 quippe
1080 1901 1245 1947 impreslio
1260 1901 1301 1934 ab
1327 1901 1472 1935 Authore
1489 1911 1606 1934 natnrae
1624 1899 1772 1947 profetsta
1788 1915 1797 1936 z

386 1950 438 1984 sed
459 1954 620 2000 appetitus
640 1957 673 1988 δι
687 1950 870 1993 sentiens&
884 1950 1048 1985 rationalis
1063 1950 1199 1998 petsaepe
1217 1950 1237 1984 a
1261 1948 1357 1997 scopo
1380 1948 1575 1988 deflectunt,
1601 1953 1634 1985 &
1656 1947 1797 1997 speciem

385 1999 484 2044 boni,
503 2015 568 2036 non
580 2000 707 2035 bonum
725 2000 828 2048 ipsum
841 2029 850 2042 ‚
870 2011 926 2035 aut
937 1997 1024 2033 sensu
1033 1998 1169 2034 fallente
1188 2028 1199 2043 ,
1217 2010 1274 2033 aut
1288 2010 1398 2035 mente
1417 1996 1483 2046 ipsa
1500 1999 1534 2035 in
1547 2010 1691 2034 errorem
1703 1998 1798 2036 indn-

386 2051 438 2084 <sta
451 2080 460 2094 ‚
475 2063 529 2085 aut
545 2062 647 2099 pravo
659 2047 820 2085 libertatis
842 2047 898 2084 usu
914 2047 1150 2085 conse—namur.

882 2131 979 2179 QU
1000 2134 1038 2165 AE
1068 2131 1088 2164 S
1115 2132 1146 2166 T
1166 2132 1180 2165 Ι
1201 2133 1235 2166 O
1282 2133 1330 2165 ΙΙ.

939 2214 994 2247 De
1009 2214 1089 2248 Boni
1100 2212 1264 2258 divtfione.

483 2298 511 2330 C
527 2298 566 2331 de
585 2296 665 2333 boni
677 2299 810 2346 quidem
824 2307 936 2333 natura
952 2295 1107 2330 haetenus
1124 2324 1134 2338 ,
1153 2306 1240 2328 nunc
1251 2295 1351 2326 varias
1369 2292 1451 2326 illius
1469 2292 1640 2327 divisiones
1661 2292 1794 2330 sun-ma*
1817 2311 1821 2318 ¹

484 2348 539 2380 tim
556 2348 774 2388 decurramus,
792 2350 900 2383 Prima
919 2350 950 2381 &
969 2344 1090 2379 summa
1106 2343 1185 2378 boni
1211 2340 1323 2376 divisio
1348 2343 1390 2375 est
1419 2345 1449 2376 in
1470 2342 1592 2377 bonvm
1620 2355 1676 2390 p·.t
1692 2342 1793 2379 essen-

385 2392 461 2435 tiam
474 2422 482 2435 ,
495 2400 527 2431 ἃ
548 2395 671 2432 bonum
690 2409 748 2446 pet
757 2397 1066 2446 participationem:
1083 2394 1175 2441 hujus
1186 2389 1351 2427 divisionis
1370 2391 1582 2441 Philosophus
1603 2394 1635 2427 in
1653 2404 1790 2440 magno-

1691 637 1732 659 eu
1753 627 1807 659 in-
1850 646 1852 649 ·
