1857 2745
400 119 767 161 TRACTATUS
803 118 1126 165 SECUNDUS.
1402 128 1443 162 55¹

551 221 849 267 QUAEsrio
900 219 1017 255 vm.

643 320 700 352 De
714 318 842 354 afflone.

65 415 257 500 SEquitur
267 425 304 450 ut
316 415 355 450 de
367 415 491 454 influxu
506 416 601 451 causae
612 414 782 452 efficientis
798 445 808 459 ,
820 415 873 450 seu
895 413 935 448 de
952 414 1024 449 aetu
1039 412 1198 456 secund0‚
1212 425 1311 462 atque
1322 445 1332 459 ‚
1352 429 1388 452 ut
1402 418 1452 454 lo-

125 475 279 511 quuntur‚
297 464 338 500 de
348 465 430 502 illius
443 465 625 501 causalitate
636 466 786 500 dicamus.
801 467 879 500 Haec
891 465 1003 511 utique
1019 463 1064 497 est
1077 461 1139 511 ipsa
1151 463 1238 497 aetio
1256 492 1264 506 ,
1278 476 1340 511 qua
1355 479 1452 514 agens

64 511 247 548 formaliter
259 514 497 558 denominatur,
510 527 546 550 ut
560 514 601 549 ab
614 514 852 549 illuminatione
862 512 907 548 sol
918 513 1033 546 dicitur
1050 512 1254 548 illuminans:
1269 513 1351 548 adeo
1362 527 1397 550 ut
1418 518 1452 551 id

65 572 191 596 certum
201 560 237 596 sit
247 591 257 605 ‚
267 568 302 598 &
313 574 402 598 extra
410 576 545 600 ornnem
556 562 796 598 dubitationem
811 561 945 612 positum
955 563 1118 596 aaronem
1131 558 1190 594 eff:
1202 560 1352 596 influxum
1366 565 1454 613 phy-

66 608 161 645 ficum
174 639 183 653 ,
204 613 312 646 aetum
327 611 516 657 secundum,
531 625 584 649 aut
603 611 820 647 causalitatem
839 611 1008 647 effectricis
1023 609 1128 645 causae.
1155 609 1202 643 Est
1227 611 1257 643 id
1276 622 1343 657 quo
1364 613 1454 648 causa

69 656 218 693 effectrix
235 661 309 696 astu
322 664 390 709 agit
401 690 411 705 ,
426 662 480 697 sen
497 662 579 697 illius
593 663 783 697 exercitium
794 690 804 705 ,
823 667 856 698 ὃ(
870 661 1116 702 determinatim
1134 658 1176 691 est
1195 660 1274 693 item
1293 658 1363 694 fieri
1375 689 1385 704 ‚
1400 663 1453 697 vel

67 707 289 755 dependentia
297 710 432 745 actualis
446 710 539 759 ipfius
550 710 705 754 effectus;
728 711 775 744 est
791 709 876 757 quasi
899 720 1001 745 motus
1017 736 1026 750 ,
1042 719 1098 742 aut
1115 709 1167 741 via
1187 707 1226 740 ad
1253 711 1426 745 terminum
1446 726 1454 747 :

67 768 167 803 atque
182 769 216 792 ut
228 757 342 793 definit
352 760 538 795 Aristoteles
548 789 559 804 ‚
576 760 662 794 ae‘ius
675 759 768 803 husus
779 758 819 795 ab
829 759 884 793 hoc
897 774 905 795 ς
921 757 974 793 seu
983 768 1071 792 actus
1084 785 1095 801 ,
1118 761 1151 793 &
1170 756 1330 803 perfectio
1348 757 1456 808 subje-

67 806 113 841 cti
124 804 166 839 ab
175 818 293 854 agente
304 807 460 855 profecta.

76 867 78 869 ’
102 856 217 902 Itaque
231 857 317 890 actio
332 857 396 891 duo
416 860 448 892 in
462 857 515 894 suo
534 857 701 894 intellectu
719 858 948 908 complectitur
962 855 1138 898 ,influxum
1155 857 1279 904 agentis
1305 858 1338 892 in
1357 858 1456 893 effec-

67 913 158 947 tum,
179 909 213 940 &
231 906 482 953 dependentiam
493 906 626 942 effectus
653 906 694 941 ab
713 919 845 955 agente:
860 905 946 940 adeo
957 918 994 940 ut
1020 917 1117 954 agens
1139 903 1228 939 fimul
1250 910 1284 942 δε
1302 906 1455 942 effectum

69 952 225 988 includat.
241 956 317 988 Sive
334 952 369 988 fit
383 954 498 989 relatio
517 956 658 1003 quaedam
671 954 856 998 efferimus,
875 966 940 988 non
959 957 1141 1002 categorica
1157 967 1166 988 :
1182 953 1226 988 est
1244 956 1330 988 enim
1350 957 1456 1004 potius

68 999 320 1036 fundamentum
343 1003 508 1039 relationis
527 1033 536 1047 ‚
556 1003 655 1051 quam
676 1003 792 1038 relatio
814 1003 877 1051 ipsa
893 1002 1201 1050 ptaedicanientalis3
1221 1000 1287 1036 five
1306 1002 1341 1038 sit
1361 1016 1455 1040 corn-

69 1047 179 1096 plexio
194 1050 343 1097 quaedam
356 1054 498 1100 agentis,
518 1058 551 1089 &
566 1055 692 1088 termini
706 1065 781 1086 cum
791 1052 875 1087 illius
885 1051 1025 1094 influxu,
1049 1057 1082 1088 &
1104 1050 1195 1100 hujus
1219 1051 1456 1099 dependentia:

68 1097 102 1131 id
113 1100 231 1134 merito
246 1101 431 1146 inquiritur,
443 1114 483 1137 an
492 1103 579 1136 actio
592 1100 628 1136 fit
640 1101 783 1149 quaedam
801 1104 917 1136 entitas
929 1097 971 1133 ab
988 1111 1107 1147 agente
1126 1105 1160 1136 &
1185 1102 1327 1136 termino
1345 1101 1456 1137 distin-

70 1156 135 1181 eta.

106 1195 245 1231 Certum
264 1196 307 1230 est
321 1199 425 1244 primo
451 1198 616 1232 actionem
643 1211 710 1234 non
732 1198 793 1234 effe
815 1195 961 1233 accidens
983 1196 1152 1245 quoddam
1174 1194 1379 1241 absolutum,
1405 1196 1459 1232 sed

69 1244 402 1281 modum-duntaxat:
426 1259 500 1281 cum
520 1246 583 1283 sme
606 1250 745 1283 termino
770 1260 878 1295 neque
897 1242 976 1289 effie,
997 1258 1106 1293 neque
1123 1246 1253 1292 concipi
1276 1245 1388 1293 possit:
1404 1245 1459 1281 sed

70 1303 176 1328 utrum
189 1294 303 1329 modus
325 1295 380 1330 ille
399 1294 434 1330 fit
445 1298 562 1330 entitas
579 1297 726 1343 quaedam
738 1295 866 1345 phyfica
879 1308 916 1331 ex
927 1305 1041 1330 natura
1059 1296 1107 1329 rei
1120 1292 1141 1329 ὲ
1159 1306 1194 1328 re
1215 1293 1278 1341 ipsa
1300 1299 1386 1342 cujus
1409 1295 1457 1329 est

70 1343 186 1376 modus
203 1343 348 1377 distincta
363 1372 372 1386 ‚
390 1344 530 1378 multum
553 1344 739 1391 ambigitur.

105 1391 247 1425 Certum
264 1391 310 1425 est
326 1396 369 1429 2⁰.
391 1394 556 1428 actionem
579 1393 730 1441 distingui
751 1392 772 1427 a
792 1391 881 1425 causa
902 1418 911 1433 ,
928 1401 964 1425 ut
990 1391 1098 1426 aetum
1116 1389 1286 1426 secundum
1304 1390 1324 1426 ὲ
1341 1393 1454 1440 primo.

72 1440 162 1475 Nam
178 1444 212 1476 &
230 1439 322 1474 causa
334 1469 343 1483 ‚
359 1442 489 1477 &aetus
501 1443 618 1489 primus
638 1440 701 1476 sine
719 1441 794 1476 aestu
817 1439 953 1474 secundo
968 1438 1020 1474 vel
1034 1440 1162 1473 afflone
1176 1437 1235 1473 effe
1250 1439 1396 1487 possunt3
1417 1440 1456 1474 li-

72 1499 125 1522 cet
154 1487 286 1523 viciffim
309 1490 399 1524 aetus
430 1489 579 1524 secundus
597 1488 660 1524 fine
678 1492 784 1539 primo
798 1518 808 1533 ,
836 1500 893 1524 aut
913 1490 1000 1524 aare
1021 1487 1084 1524 sine
1104 1498 1222 1536 agente
1243 1490 1369 1538 concipi
1397 1502 1455 1525 ne-

72 1547 181 1584 queat.

113 1586 247 1620 Certum
263 1585 306 1619 est
324 1587 418 1621 tertio
433 1587 597 1622 actionem
609 1586 744 1622 vitalem
756 1599 822 1621 non
834 1585 975 1634 distingui
991 1584 1011 1620 ἐι
1030 1584 1084 1619 suo
1097 1587 1256 1621 termino:
1274 1584 1314 1620 fic
1326 1585 1402 1621 visio
1414 1587 1457 1621 est

73 1635 161 1669 :ustio
175 1663 185 1677 ,
199 1639 232 1670 δε
247 1636 401 1669 term-inus
414 1636 549 1670 aetionis
563 1649 571 1669 τ
585 1636 630 1669 est
645 1638 734 1671 enim
749 1633 930 1669 formaliter
944 1633 1183 1681 repraesentatio
1198 1632 1242 1668 sui
1254 1633 1389 1681 objecti,
1406 1635 1457 1669 id-

73 1695 137 1730 que
154 1681 376 1718 essentialiter:
400 1696 477 1731 ergo
493 1684 578 1719 nulla
604 1685 647 1719 est
671 1697 748 1719 nota
766 1684 974 1719 distinctionis
997 1685 1081 1716 inter
1111 1681 1266 1717 visionem
1284 1712 1293 1726 ‚
1311 1695 1346 1717 ut
1369 1685 1456 1718 actio

74 1731 222 1778 quaedam
237 1731 282 1765 est
298 1760 308 1774 ,
336 1737 370 1769 δε
388 1733 556 1776 eamdem,
576 1745 611 1767 ut
626 1734 671 1767 est
696 1735 850 1767 terminus
874 1731 926 1765 vel
949 1730 1082 1766 effictus
1114 1731 1204 1766 Idem
1222 1731 1397 1766 dicendum
1418 1733 1459 1766 de

73 1778 200 1814 actibus
214 1780 390 1815 voluntatis
405 1786 437 1816 &
454 1781 654 1824 intellectus,
667 1794 703 1816 ut
720 1781 904 1830 spectantur
920 1783 952 1814 in
972 1779 1041 1814 fici-i
1057 1809 1066 1823 ‚
1090 1778 1142 1814 seu
1158 1782 1189 1813 in
1213 1780 1303 1815 fluxu
1317 1781 1460 1827 quodam

72 1829 115 1862 ad
134 1826 194 1862 effe
208 1843 215 1864 :
230 1830 372 1863 actiones
383 1842 459 1863 vero
475 1842 508 1864 ut
523 1833 672 1872 termini,
686 1842 741 1864 aut
754 1830 886 1866 effeetus
900 1857 909 1871 ‚
920 1828 971 1863 seu
985 1831 1016 1863 in
1035 1828 1125 1877 fuito
1141 1827 1198 1862 effi
1216 1857 1225 1871 ‚
1237 1831 1324 1864 acius
1350 1832 1457 1864 nomi-

74 1888 201 1912 nantur.
226 1881 347 1912 Verum
361 1881 392 1912 in
405 1878 467 1912 hoc
480 1880 609 1925 qnaestio
623 1880 758 1913 vertitur
768 1891 808 1913 an
820 1890 941 1913 caeterae
948 1879 1090 1913 actiones
1101 1904 1111 1919 ,
1125 1881 1158 1912 δε
1174 1889 1218 1911 eae
1229 1879 1371 1912 maxime
1386 1889 1459 1923 quae

75 1924 272 1961 transeuntes
287 1927 452 1969 dicuntur,
470 1928 606 1974 quodin
625 1926 680 1961 suo
695 1928 853 1975 principio
872 1940 939 1964 non
953 1936 1108 1961 maneant
1121 1953 1130 1968 ,
1151 1937 1288 1974 quaeque
1315 1928 1346 1961 in
1373 1925 1461 1960 aliud

74 1972 251 2020 subJectum
261 1974 489 2018 diffiindnntur,
507 1987 541 2009 ut
563 1975 760 2010 illuminatio
773 2005 782 2018 ‚
797 1974 955 2026 impulsiO,
968 1980 1001 2011 &
1014 1973 1083 2008 aliae
1098 1974 1190 2022 hujus
1212 1977 1336 2023 generis
1350 1974 1370 2010 Ξι
1385 1987 1460 2008 cau-

74 2021 107 2057 sa
124 2027 157 2058 &
170 2025 316 2059 terminis
330 2024 419 2060 simul
436 2023 565 2072 sumptis
580 2038 646 2061 non
660 2024 841 2061 formaliter
855 2037 981 2062 tanturn
992 2051 1003 2067 ‚
1013 2034 1069 2058 aut
1082 2022 1261 2059 virtualiter
1271 2053 1280 2068 ,
1290 2023 1342 2059 sed
1359 2021 1460 2071 reipsa

76 2071 315 2120 distinguantur.
346 2075 514 2120 Sititaque

614 2123 721 2156 ‘Unica
746 2121 919 2168 Conclufio.

76 2167 109 2216 ξ
118 2171 214 2204 Actio
233 2183 299 2205 non
310 2170 357 2204 est
372 2174 487 2206 entitas
500 2169 540 2204 ab
552 2182 668 2218 agente
680 2199 689 2213 ‚
704 2176 738 2208 &
749 2173 887 2206 termino
898 2170 1055 2208 distinsta.

130 2222 168 2252 P:-
178 2217 227 2254 oh.
237 2219 333 2255 concl.
352 2233 374 2256 1.
392 2221 486 2256 Αᾶἰο
498 2221 601 2253 omnis
615 2219 678 2252 duo
688 2248 698 2262 ,
717 2231 752 2253 ut
764 2220 887 2255 dietum
897 2220 939 2255 est
951 2249 960 2262 ‚
969 2219 1024 2254 suo
1037 2218 1207 2255 intelledffl
1218 2217 1455 2264 complectitur,

80 2266 235 2301 inflnxum
248 2270 369 2313 agentis
380 2274 413 2305 ὃς
428 2268 561 2304 effeetus
574 2268 826 2315 dependentium
843 2282 850 2303 ε
867 2268 918 2302 sed
940 2280 1036 2315 agens
1054 2268 1243 2302 immediate
1254 2296 1264 2310 ,
1283 2272 1315 2303 δ(
1337 2280 1393 2315 pet
1413 2266 1460 2302 se-

80 2314 183 2362 ipsum
195 2313 300 2349 influit
315 2329 322 2349 :
343 2328 377 2349 ut
388 2318 474 2351 calor
490 2329 555 2352 non
569 2316 717 2350 calefacit
736 2330 792 2365 per
808 2317 946 2364 aliquam
956 2315 1012 2350 fibi
1031 2315 1261 2363 superadditam
1277 2319 1460 2359 entitatem

82 2368 116 2399 ὃ(
127 2363 258 2400 effectus
273 2375 328 2412 per
343 2362 474 2412 seipsum
486 2394 495 2408 ‚
511 2366 741 2402 &immediate
751 2366 872 2414 pendet
885 2366 904 2400 a
914 2363 1000 2400 cansa
1014 2380 1024 2408 ς
1043 2376 1078 2399 ac
1093 2363 1206 2399 frustra
1228 2378 1351 2400 novum
1366 2366 1460 2414 quid-
