1857 2745
366 145 428 168 ιω
773 129 842 166 DE
875 108 1342 166 UNivfiksAmizUs

405 181 545 216 Certum
562 178 605 213 est
620 189 663 214 2⁰.
691 179 840 226 quaedam
859 176 920 213 esse
932 191 1072 227 genera,
1086 192 1156 227 quae
1169 193 1232 215 una
1246 185 1279 217 δε
1307 176 1442 227 simplici
1463 176 1619 213 divifione
1645 177 1681 213 in
1701 177 1766 213 suas

373 228 492 277 species
513 228 723 263 dividuntur:
748 239 782 263 ut
802 226 975 263 substantia
997 229 1031 264 in
1047 240 1160 277 corpus
1176 228 1382 278 &spiritum3
1398 239 1513 276 corpus
1533 230 1569 263 in
1595 229 1712 262 vivens
1732 232 1769 263 δε

373 280 449 312 vitae
472 288 583 324 expers
596 278 730 320 3vivens
751 279 785 312 in
805 274 1011 320 sensitivam,
1028 281 1061 314 &
1078 275 1164 313 sensu
1179 279 1362 313 destitutum
1376 291 1384 313 :
1399 276 1516 324 species
1538 276 1620 312 adeo
1637 276 1686 311 his
1709 288 1767 325 ge-

372 324 504 360 neribus
520 324 669 377 subjeuae
684 339 748 361 una
764 338 897 374 quoque
910 324 1095 361 differentia
1113 339 1275 363 contentae
1294 326 1375 362 sunt.
1395 328 1484 362 Nam
1499 327 1593 360 unica
1614 324 1770 361 differen-

371 376 419 409 tia
442 386 562 423 nempe
590 374 768 410 sensitivum
786 388 885 410 unum
907 374 1028 410 animal
1050 376 1224 411 constituit.
1251 378 1294 412 At
1313 388 1383 410 cum
1405 374 1551 409 animalis
1579 372 1672 423 ipsius
1699 387 1768 409 non

372 436 437 458 una
452 453 461 466 ‚
476 422 527 457 sed
544 423 713 471 multiplex
724 424 758 459 sit
770 430 802 461 &
812 424 1000 459 immediata
1018 423 1146 462 divisio:
1166 430 1177 470 (
1194 438 1270 460 nam
1284 424 1372 459 aliud
1386 424 1427 457 est
1439 422 1660 472 sanguineum,
1678 422 1767 457 aliud

374 472 532 520 exsangue
546 491 555 516 ·,
567 472 652 508 aliud
664 474 795 522 respirat
806 503 814 516 ,
827 473 909 507 aliud
920 486 989 508 non
1007 476 1098 517 item,
1113 480 1121 517 )
1139 486 1174 510 ut
1183 474 1260 509 alias
1274 475 1404 508 mittam
1423 472 1570 507 animalis
1585 470 1767 506 divifiones:

377 523 495 556 merito
507 524 672 568 quaerirur,
690 535 730 557 an
745 523 888 557 hominis
902 536 933 555 v.
947 535 977 571 g.
989 533 1043 558 aut
1054 522 1184 559 alterius
1201 523 1317 573 speciei
1333 522 1506 570 completae
1518 525 1611 558 unica
1624 520 1660 556 fit
1672 518 1769 555 diffe-

374 572 481 605 rentia
498 569 685 615 essentialis,
700 584 741 607 an
755 571 938 620 multiplex.
960 573 1009 607 Sit
1032 574 1130 621 igitur

930 625 1044 656 Prima
1065 620 1235 665 Conclufio.

410 669 541 716 Species
555 668 725 718 completae
739 682 859 717 magna
873 682 911 703 ex
926 682 1017 718 parte
1035 669 1141 718 plures
1155 669 1280 705 habent
1294 669 1493 706 differentias
1511 664 1702 705 essentiales.

411 716 573 753 Probatur
581 719 687 752 conclu
686 718 743 763 fi''·
763 718 961 753 Differentia
979 716 1150 754 effentialis
1169 719 1213 753 est
1251 721 1333 754 rima
1353 718 1442 752 radix
1465 718 1630 753 afflonum
1644 723 1678 754 δι
1689 730 1767 766 pro„

374 767 573 815 prietatum,
592 766 755 814 exquibus
773 766 839 815 ipsa
859 767 1078 815 cognoscitur:
1094 767 1147 802 sed
1166 732 1277 801 muliae
1289 766 1356 801 sunt
1374 767 1517 801 actiones
1539 771 1573 803 δε
1588 768 1771 815 proprieta-

376 826 426 850 tes
440 845 450 860 ,
465 828 536 863 quae
546 818 579 851 in
601 818 732 851 unicam
748 815 967 852 differentiam
984 815 1114 851 refundi
1125 829 1193 851 non
1210 815 1354 865 possunt:
1373 827 1483 864 ex.gr.
1496 815 1582 863 quod
1596 813 1697 850 homo
1708 814 1772 850 res.

374 866 464 912 piret
478 894 488 908 ‚
499 866 531 899 id
542 864 590 899 illi
606 878 674 901 non
689 867 846 900 convenit
857 895 865 909 ‚
881 877 1041 912 quatenus
1061 865 1104 899 est
1127 864 1266 900 animal:
1284 878 1360 899 nam
1375 876 1473 898 omne
1493 863 1615 899 animal
1636 863 1771 912 respira-

378 924 450 956 ret,
469 912 568 960 pisces
576 926 660 949 -vero
674 927 745 949 non
762 912 928 960 respirant.
953 917 1072 960 Neque
1088 914 1119 947 id
1139 916 1295 948 convenit
1308 914 1435 948 homini
1449 941 1457 955 ‚
1481 924 1640 959 quatenus
1660 914 1703 948 est
1717 926 1770 947 ra..

380 962 511 997 tionalis
525 976 532 998 :
554 976 631 998 nam
648 973 748 1010 equus
763 961 896 1010 respirat
910 991 919 1005 ,
931 974 1038 1010 neque
1048 962 1091 996 est
1105 961 1285 998 rationalis.
1300 964 1417 1009 Itaque
1429 960 1497 995 haec
1513 964 1690 1010 proprietas
1711 974 1773 998 nec

380 1014 508 1045 ratione
521 1014 659 1059 generi5‚
678 1024 739 1045 nec
755 1013 883 1046 ratione
894 1010 1088 1046 differentiae
1109 1012 1234 1046 homini
1249 1012 1420 1059 competit.
1436 1011 1529 1045 Idem
1540 1011 1714 1045 dicendum
1729 1012 1770 1046 de

374 1058 449 1092 valiis
467 1059 723 1107 proprietatibus
740 1073 746 1094 :
761 1070 795 1092 ut
809 1060 898 1104 quod
909 1058 945 1093 fit
958 1058 1152 1107 sanguineus,
1166 1060 1256 1106 quod
1268 1059 1343 1093 loco
1354 1070 1545 1101 moveatur,
1555 1070 1590 1093 ut
1600 1058 1662 1092 alia
1672 1062 1772 1095 omit‘

380 1117 448 1140 tam
470 1119 540 1154 quae
557 1109 599 1141 ad
616 1106 785 1142 eisentiam
803 1106 887 1142 illius
904 1109 1080 1156 pertinent·
1105 1111 1188 1157 Ergo
1201 1110 1291 1144 unius
1311 1108 1452 1143 hominis
1466 1107 1572 1155 plures
1587 1106 1658 1143 sunt
1671 1105 1774 1148 essenf

381 1155 473 1189 tiales
493 1155 695 1192 differentiae.

429 1205 520 1249 Confi
535 1205 693 1251 Qaedam
704 1204 774 1241 sunt
783 1205 902 1254 species
917 1217 988 1252 quae
1004 1205 1165 1254 subjacent
1178 1208 1289 1254 generi
1305 1235 1315 1248 ‚
1332 1207 1421 1253 quod
1435 1209 1529 1241 unica
1543 1205 1696 1241 divifione
1708 1219 1770 1256 po-

381 1254 438 1288 test
453 1254 573 1297 dividi3
587 1266 622 1289 ut
635 1256 747 1290 vivens
758 1253 860 1290 subest
875 1256 1003 1302 corpori
1018 1255 1107 1302 quod
1121 1257 1214 1290 unica
1229 1260 1261 1290 &
1276 1256 1464 1290 immediata
1483 1253 1639 1290 divifione
1655 1257 1688 1290 in
1700 1268 1772 1291 cor-

381 1316 436 1350 pus
451 1304 628 1338 animatum
648 1306 728 1341 &in
742 1316 856 1352 corpus
876 1305 1016 1338 inanime
1032 1303 1162 1340 secatur:
1182 1306 1287 1350 Atque
1314 1305 1360 1340 hae
1375 1304 1494 1353 species
1510 1306 1602 1338 unica
1622 1303 1774 1340 differen-

384 1354 427 1385 tia
439 1351 508 1387 sunt
523 1364 695 1389 contentae.
716 1354 780 1388 Sed
794 1352 862 1387 aliae
871 1351 942 1387 sunt
956 1351 1073 1399 species
1093 1365 1160 1400 quae
1176 1351 1305 1388 subsunt
1317 1355 1454 1401 generi,
1481 1353 1570 1399 quod
1597 1352 1773 1401 multiplici

384 1402 618 1436 &immediata
636 1400 792 1437 divisione
805 1401 909 1450 potest
928 1402 1042 1438 dividi.
1062 1404 1113 1436 Sic
1132 1402 1232 1436 homo
1247 1401 1349 1437 subest
1371 1401 1523 1445 animali,
1543 1402 1629 1448 quod
1644 1415 1710 1437 non
1725 1401 1774 1436 so-

382 1449 449 1484 lum
465 1452 497 1485 in
511 1450 687 1495 rationale,
703 1456 737 1488 &
751 1450 937 1485 irrationale
948 1479 957 1493 ‚
999 1449 1051 1484 sed
1068 1453 1166 1485 etiam
1182 1453 1214 1485 in
1238 1450 1443 1499 sanguineum
1463 1455 1497 1487 &
1516 1462 1660 1498 exangue
1671 1451 1775 1484 distri-

383 1497 491 1532 buitur
508 1513 515 1534 :
536 1500 621 1533 unde
638 1504 673 1535 &
688 1499 794 1548 plures
812 1501 914 1547 exigit
931 1497 1138 1534 differentias.
1156 1501 1246 1535 Nam
1265 1512 1304 1534 ex
1322 1499 1472 1547 qualibet
1483 1499 1629 1534 animalis
1643 1498 1775 1535 divisio..

380 1559 420 1581 ne
434 1547 577 1594 aliquam
592 1546 647 1582 fibi
659 1547 753 1583 sumit
764 1545 996 1590 differentiam3
1011 1546 1168 1594 siquidem
1187 1553 1220 1584 &
1231 1547 1417 1597 sanguinem
1438 1553 1472 1585 &
1485 1545 1549 1582 offa
1579 1550 1699 1597 exigit:
1717 1561 1776 1585 ne-

382 1608 447 1641 que
464 1596 511 1631 hae
530 1595 801 1633 differentia-'sunt
819 1598 977 1646 genericae
990 1609 998 1633 ε
1012 1608 1087 1634 nam
1099 1608 1201 1645 genus
1213 1596 1360 1646 affignari
1381 1610 1448 1633 non
1461 1597 1584 1647 potest:
1609 1600 1692 1646 Ergo
1705 1596 1774 1634 sunt

383 1645 547 1693 specificae.
562 1674 564 1677 .

423 1694 584 1728 Probatur
594 1706 627 1732 20
640 1694 744 1731 Nulla
757 1707 842 1743 pene
854 1706 904 1729 res
918 1695 970 1731 est'
979 1698 1010 1730 in
1023 1705 1137 1730 natura
1152 1722 1160 1736 ‚
1183 1704 1253 1741 quae
1269 1704 1328 1740 per
1339 1695 1468 1729 unicam
1483 1694 1699 1730 differentiam
1718 1707 1775 1731 ex,

383 1742 513 1791 plicari,
532 1755 585 1778 aut
602 1744 728 1780 definiti
748 1743 853 1792 posfit.
867 1747 944 1780 Hoc
960 1746 1047 1779 enim
1068 1742 1201 1791 simplici
1218 1742 1372 1777 duntaxat
1392 1738 1524 1786 formae,
1550 1755 1606 1778 aut
1623 1744 1774 1789 qualitati

383 1792 404 1827 ἐι
421 1790 564 1840 subjecto
575 1792 735 1829 abstraerae
743 1796 908 1830 convenit.
928 1795 980 1828 Sic
994 1792 1142 1841 trianguli
1159 1791 1337 1839 aequilateri
1357 1804 1420 1826 una
1439 1793 1482 1827 est
1502 1792 1671 1828 essentialis
1682 1794 1774 1830 diffie·

383 1844 486 1875 tentia
502 1870 508 1879 ,
530 1843 619 1889 quod
632 1855 724 1890 :equa
738 1841 858 1877 habeat
875 1842 997 1879 latera:
1019 1842 1106 1877 idem
1125 1841 1166 1876 de
1182 1842 1300 1875 caeteris
1321 1839 1427 1887 figuris
1446 1842 1618 1877 dicendum
1637 1842 1688 1876 est.
1728 1844 1772 1877 At

385 1887 515 1924 difficile
538 1891 584 1925 est
597 1904 660 1926 una
671 1890 863 1926 definitione
876 1903 1045 1926 numerum
1057 1890 1197 1936 aliquem
1209 1887 1391 1935 compleffi.
1409 1891 1497 1923 Hinc
1511 1889 1699 1924 Aristoteles
1711 1891 1768 1925 de.

386 1938 457 1973 finit
474 1942 663 1982 termnum,
679 1951 846 1974 numerum
862 1941 1018 1987 imparem
1027 1940 1178 1986 primum.
1197 1938 1360 1984 roirca
1374 1950 1414 1971 ne
1427 1937 1539 1972 formae
1555 1939 1687 1985 quidem
1700 1939 1773 1974 sim..

385 1988 482 2036 plices
499 1991 592 2024 unica
605 1988 788 2023 differentia
803 1986 926 2030 semper
934 1997 1093 2023 contenrae
1106 1986 1177 2022 sunt
1188 2016 1197 2030 ,
1226 1986 1348 2021 nedum
1365 1985 1483 2033 species
1501 1987 1673 2035 completae
1687 2017 1696 2031 ,
1717 2001 1772 2025 aut

386 2050 535 2073 concreta
550 2036 613 2084 ipsa
626 2050 683 2086 per
704 2049 801 2071 uuam
818 2041 851 2073 δε
863 2035 1038 2085 simplicem
1061 2034 1277 2072 differentiam
1292 2035 1537 2084 distinguentur:
1561 2037 1648 2084 quod
1665 2049 1772 2074 rer-um

388 2099 514 2122 naturas
534 2087 720 2136 diligentius
733 2087 873 2121 intuenti
888 2089 948 2120 erit
967 2085 1179 2123 manifestum.

910 2136 1096 2168 Dilnumur
1110 2134 1243 2175 observa.

422 2185 506 2232 Ορρ.
523 2193 560 2220 1³.
584 2187 698 2221 Genus
718 2190 753 2222 δε
772 2183 955 2219 differentia
975 2183 1013 2218 fic
1026 2195 1131 2218 totum
1147 2183 1401 2232 metaphysicum
1416 2184 1615 2218 constituunt
1631 2212 1640 2226 ‚
1663 2196 1699 2219 ut
1711 2196 1772 2231 gea

386 2244 446 2265 nus
458 2239 598 2269 nmeriae
614 2266 622 2278 ‚
645 2234 827 2269 differentia
845 2233 958 2268 formae
981 2232 1100 2267 habeat
1119 2235 1277 2267 rationem
1296 2247 1303 2268 :
1333 2236 1415 2280 Ergo
1431 2244 1466 2268 ut
1488 2235 1520 2267 in
1548 2244 1619 2267 toto
1636 2233 1770 2282 Physico

389 2293 451 2313 uni
470 2283 513 2315 est
531 2283 634 2318 forma
650 2313 659 2327 ‚
679 2283 717 2318 fic
733 2286 829 2318 totius
845 2281 1059 2331 Metaphysici
1076 2295 1139 2317 una
1160 2283 1205 2316 est
1223 2282 1414 2317 differentia.

424 2331 508 2375 Rcfh.
534 2335 612 2369 *stem
626 2336 741 2379 conseq.
753 2335 874 2378 Neque
893 2334 980 2366 enim
998 2333 1112 2366 eadem
1129 2331 1174 2366 est
1189 2334 1269 2366 ratio
1288 2333 1384 2365 totius
1398 2330 1519 2379 Phyfici
1537 2360 1546 2373 ,
1563 2336 1649 2379 cujus
1663 2342 1770 2379 partes

388 2377 456 2413 sunt
477 2380 632 2417 distinere
646 2411 656 2427 ,
684 2388 716 2421 &
731 2384 827 2417 totius
837 2380 1048 2431 Metaphyfici
1062 2411 1073 2426 ,
1101 2386 1186 2430 cujus
1201 2392 1306 2430 partes
1329 2380 1400 2417 sunt
1418 2393 1483 2416 una
1506 2385 1540 2417 ὃς
1564 2381 1679 2417 eadem
1696 2392 1770 2423 res,
