1857 2745
401 145 466 179 400
821 121 1312 160 PHILOSOPHIA

398 191 477 215 nota
502 175 654 213 omnibus
672 201 682 216 ,
727 182 766 207 ae
797 172 838 208 de
867 171 926 208 illo
953 182 1115 220 praecepto
1150 185 1192 208 ne
1221 173 1372 209 doctores
1396 170 1531 220 quidem
1544 170 1640 210 'inter
1663 171 1784 221 seston:

395 228 544 263 sentiant.
591 227 675 271 Ergo
693 222 780 257 actio
818 219 907 256 bona
933 232 1001 256 non
1027 220 1111 256 male
1141 221 1179 257 fit
1205 249 1215 265 ,
1248 219 1369 257 etiarnsi
1395 222 1428 255 in
1457 224 1566 259 Deum
1597 235 1666 258 non
1695 223 1785 259 refe-

396 286 502 317 ratur,
525 274 656 310 &aetus
672 283 711 305 ex
731 268 835 319 specie
847 269 899 305 sua
913 268 1098 305 indifferens
1112 299 1122 314 ,
1138 283 1174 306 ut
1192 283 1284 306 amor
1302 269 1438 305 scientiae
1449 299 1459 314 ‚
1476 273 1536 306 erit
1558 273 1592 306 in
1612 271 1782 308 individuo

398 322 600 366 indifferens,
611 318 733 357 etiamsi
765 321 798 354 in
835 321 946 355 Deum
983 331 1050 354 non
1089 319 1257 356 referatur.
1298 319 1476 355 Praesertim
1503 332 1576 355 cum
1602 319 1708 356 multa:
1723 320 1784 357 fint

395 375 539 409 afflones
567 384 638 419 quae
673 372 707 404 in
737 372 848 404 Deum
873 368 987 403 referri
1008 381 1076 404 non
1105 367 1234 418 poffunt
1257 383 1264 404 :
1304 381 1339 404 ur
1367 370 1498 417 quando
1530 367 1697 405 consilium
1727 369 1790 405 ali-

396 422 488 471 quod
508 421 616 456 facere
627 419 799 461 nolumus,
820 429 854 453 ut
873 417 948 452 alias
963 419 1114 453 omittam
1135 418 1287 467 plurimas
1301 447 1311 462 ,
1333 424 1366 456 &
1380 417 1553 467 praesertim
1574 430 1628 454 eas
1645 429 1718 466 quae
1743 430 1784 454 ex

398 483 509 507 amore
524 469 661 505 naturali
680 470 754 504 vitae
774 496 785 510 ,
807 478 864 502 aut
884 465 1025 502 sanitatis
1047 496 1058 512 ,
1087 479 1141 504 aut
1164 468 1404 517 tranquillitatis
1429 467 1617 511 nascuntur,
1644 476 1786 516 quaeque

398 533 458 556 nec
468 519 576 556 bonos
588 516 732 554 efficiunt
745 546 754 560 ‚
770 529 831 552 nec
846 515 961 554 malos.

433 570 734 616 Resp.1‘raeceptum
751 565 828 601 illud
845 566 996 615 generale
1009 566 1172 602 charitatis
1183 594 1193 609 ‚
1226 566 1353 614 Diliges
1377 566 1550 600 Dominum
1566 566 1670 600 Deum
1685 576 1787 611 tuum,

397 624 460 657 διε.
478 617 632 653 omnibus
651 630 718 651 non
733 614 833 651 modo
845 615 1027 664 Theologis
1039 645 1048 660 ‚
1066 614 1118 650 sed
1137 621 1171 652 δε
1184 614 1347 650 Fidelibus
1368 626 1482 651 notum
1496 612 1556 649 effe
1574 627 1735 662 quantum
1746 616 1787 651 ad

397 667 604 704 substantiam
623 667 795 714 praecepti3
814 663 938 700 tametsi
958 665 998 700 de
1012 665 1114 700 modo
1130 670 1163 701 ὃς
1176 663 1262 699 illius
1284 663 1503 712 explicatione
1518 667 1601 699 inter
1616 663 1647 698 se
1674 662 1789 700 diffen-

399 719 492 753 tiant.
511 717 558 751 Ac
573 715 648 750 licet
662 715 701 750 ad
712 713 820 764 legem
835 714 1012 749 naturalem
1025 716 1160 749 omnino
1179 716 1343 762 pertineat
1371 742 1381 757 ,
1417 725 1490 749 cum
1511 714 1551 748 ad
1570 712 1645 748 illud
1663 713 1790 762 reliqua
1824 721 1826 727 ⁸

398 767 479 815 legis
489 763 646 800 ‘naturalis
658 792 668 807 ‚
682 767 750 799 imo
767 769 800 800 &
810 763 1003 798 Christianae
1020 774 1180 811 praecepta
1192 763 1372 797 referantur
1385 791 1395 805 ‚
1414 762 1611 809 atque1hinc
1633 762 1687 798 lex
1697 773 1790 811 pen-

399 816 477 850 deat
491 843 500 857 ‚
523 818 557 851 &
571 812 741 861 Prophetae
758 827 765 849 ε
784 813 981 848 nonidcirco
992 824 1102 847 tamen
1120 811 1273 846 omnibus
1289 823 1382 858 aeque
1400 822 1514 846 notum
1525 811 1570 844 est
1586 839 1595 854 ‚
1616 810 1661 846 ob
1674 823 1790 860 pecca.

401 867 426 899 ti
441 861 570 905 labem,
588 867 751 910 &pravos
768 861 903 897 affeetus
918 890 927 905 ,
949 873 1006 896 aut
1025 860 1291 908 concupiscentiae
1317 860 1442 908 pondus
1460 889 1470 903 ‚
1499 860 1589 907 quod
1603 860 1643 894 ad
1661 872 1792 896 terrena

399 918 434 950 ὅ(
446 923 592 947 amorem
604 910 704 946 nostri
722 922 779 945 nos
799 911 968 958 deprimit.
988 911 1187 956 Qanquarn
1201 911 1318 943 divinae
1330 910 1480 956 imaginis
1491 907 1658 943 mentibus
1677 909 1790 944 nostris

400 958 552 1010 impressa:
569 971 717 996 extrema
732 958 819 994 velut
835 959 1031 994 lineamenta
1049 971 1117 992 non
1134 956 1230 1004 usque
1251 958 1334 991 adeo
1350 969 1406 1005 per
1423 969 1592 1005 peccatum
1612 955 1682 992 sunt
1694 957 1793 991 detri-

401 1022 434 1045 ta
447 1039 456 1052 ,
478 1021 513 1044 ut
522 1009 649 1044 homini
663 1009 866 1052 attendenti,
884 1012 918 1043 &
932 1006 1068 1042 liberoa
1081 1007 1267 1053 praejudiciis
1283 1035 1293 1049 ,
1311 1019 1376 1041 non
1388 1004 1424 1040 fit
1436 1005 1646 1040 manifestum
1658 1035 1668 1050 ,
1696 1006 1789 1041 con-

401 1061 501 1093 ditori
515 1058 620 1093 nostro
635 1069 694 1092 uos
713 1057 890 1104 nostraque
909 1057 1020 1090 omnia
1039 1055 1160 1089 debere
1178 1073 1186 1098 3
1202 1057 1316 1090 cundla
1338 1055 1378 1088 ad
1397 1067 1469 1090 eum
1483 1053 1535 1089 seu
1553 1055 1714 1098 mediate,
1737 1052 1792 1090 seu

402 1107 594 1142 immediate
614 1104 674 1140 else
692 1105 887 1147 referenda3
904 1106 1016 1139 omnia
1030 1115 1163 1151 propter
1177 1103 1338 1139 summum
1363 1102 1491 1138 bonum
1514 1103 1639 1152 agenda
1656 1133 1666 1147 ‚
1692 1104 1792 1151 idque

403 1169 472 1192 non
489 1153 567 1188 alibi
580 1152 680 1201 quam
698 1156 732 1189 in
745 1157 821 1189 Deo
841 1151 901 1187 effe
926 1153 1140 1188 constitutum.
1162 1154 1276 1200 Itaque
1303 1165 1463 1201 praecepta
1478 1164 1596 1187 naturae
1622 1152 1693 1188 sunt
1712 1163 1793 1188 nota

403 1201 552 1240 omuibus
572 1217 580 1238 t
604 1202 657 1237 sed
672 1215 742 1249 quae
759 1215 800 1237 ex
812 1204 849 1235 iis
862 1213 918 1249 per
937 1203 1140 1236 ratiocinium
1152 1204 1250 1235 etiam
1262 1200 1435 1237 necessario
1447 1213 1602 1236 eruuntur
1612 1230 1621 1241 ‚
1639 1215 1705 1237 non
1718 1215 1793 1237 om-

405 1253 501 1289 nibus
521 1264 611 1299 aeque
632 1251 700 1286 sunt
716 1250 889 1299 perspecta.
906 1252 950 1285 Ac
967 1248 1043 1298 saepe
1056 1250 1096 1284 de
1108 1252 1143 1284 iis
1157 1252 1239 1285 inter
1248 1252 1411 1286 Do&ores
1420 1262 1537 1299 magna
1552 1251 1594 1284 est
1611 1252 1790 1287 contentia

405 1305 458 1338 Sic
468 1314 568 1337 nemo
583 1303 750 1349 negaverit
767 1304 876 1335 Deum
886 1297 977 1348 super
987 1301 1097 1334 omnia
1109 1299 1197 1348 diligi
1210 1311 1363 1347 oportere
1382 1313 1389 1334 :
1415 1298 1466 1333 sed
1488 1311 1563 1333 cum
1577 1298 1652 1334 hinc
1665 1299 1793 1349 colligi.

406 1363 476 1387 mus
494 1362 608 1385 ornnes
627 1351 716 1383 aetus
729 1351 848 1384 nostros
867 1348 907 1382 ad
928 1360 1002 1382 eum
1021 1347 1082 1382 effe
1101 1348 1289 1383 referendos
1302 1377 1311 1390 ,
1339 1347 1432 1383 multi
1448 1350 1481 1382 in
1501 1347 1562 1382 hoc
1580 1347 1600 1382 ὲ
1623 1347 1717 1383 nobis
1731 1345 1796 1382 dis.

405 1399 555 1435 sentiunt.
582 1397 707 1433 verum
722 1398 802 1432 illud
821 1397 944 1443 semper
966 1395 1180 1431 inconcuffum
1195 1409 1324 1440 manet,
1352 1397 1435 1431 hanc
1451 1393 1512 1431 effe
1528 1396 1605 1444 legis
1617 1395 1766 1431 naturalis
1782 1424 1793 1440 ‚

408 1454 443 1486 δι
458 1460 582 1483 aeternae
594 1447 760 1489 summam,
771 1458 868 1493 quarn
882 1444 1025 1480 Christus
1038 1447 1199 1480 Dominus
1213 1457 1297 1493 pene
1313 1446 1490 1480 extinctam
1507 1446 1794 1493 renovavit,quam

408 1495 553 1546 Apostoli
567 1496 796 1544 praedicarunt,
821 1507 859 1528 ex
876 1505 939 1541 qua
951 1506 1064 1528 omnes
1083 1493 1154 1529 aliae
1172 1493 1258 1542 leges
1281 1493 1411 1530 fluxere.
1438 1495 1527 1530 Nam
1551 1493 1611 1528 hac
1630 1495 1695 1530 Dei
1721 1493 1794 1542 lege

409 1548 519 1582 onmia
535 1556 691 1593 praecepta
704 1546 914 1579 continentur
929 1571 939 1586 ‚
975 1543 1103 1591 Diliges
1132 1544 1307 1577 Dominum
1326 1554 1434 1586 taum,
1459 1547 1522 1579 &a
1549 1544 1594 1575 Et
1608 1544 1794 1591 proximum

403 1596 486 1641 ficut
507 1596 649 1641 teipsum,
673 1593 781 1626 Deum
798 1593 971 1640 diligamus
988 1592 1021 1624 ἱη
1036 1593 1182 1639 proximo
1194 1619 1202 1629 ,
1224 1591 1262 1625 (θ’
1275 1594 1455 1640 proximum
1471 1594 1504 1625 in
1523 1591 1603 1628 Deo.
1619 1592 1651 1628 S.
1669 1591 1793 1628 Paulin.

408 1646 464 1692 Ep.
488 1656 539 1691 50.
562 1643 614 1676 Ad
631 1642 720 1691 hujus
735 1641 814 1689 legis
828 1643 980 1676 notitiam
994 1668 1004 1683 ,
1032 1642 1179 1686 inquiunt
1209 1643 1234 1676 P
1252 1642 1284 1676 P.
1303 1644 1378 1676 Deo
1396 1642 1529 1689 cognito
1546 1639 1658 1688 sponte
1671 1642 1794 1675 animus

410 1694 547 1740 emergit
561 1709 570 1734 3
587 1691 669 1725 hanc
681 1692 818 1739 Spiritus
828 1689 953 1726 san-stus
972 1687 1134 1724 mentibus
1151 1689 1265 1724 nostris
1285 1688 1392 1724 inserit
1405 1718 1415 1733 ‚
1429 1701 1526 1735 quam
1537 1691 1627 1725 reeta
1643 1690 1726 1724 ratio
1737 1701 1794 1737 per

410 1740 440 1775 se
458 1744 616 1783 intuetur,
630 1752 768 1787 quaeque
784 1752 852 1774 non
865 1738 1004 1773 multum
1015 1738 1058 1772 est
1074 1737 1241 1786 perversa,
1259 1737 1453 1786 propositam
1475 1737 1560 1773 ultro
1577 1737 1795 1787 ampleffitur.

411 1792 493 1825 Haec
508 1792 595 1824 enim
606 1817 614 1831 ,
629 1800 664 1823 ut
681 1788 824 1836 loquitur
836 1788 920 1836 Aug.
932 1786 971 1831 est
987 1787 1040 1821 lex
1057 1797 1170 1821 -eterna
1186 1815 1193 1825 ‚
1216 1785 1254 1822 (ῥ’
1271 1789 1336 1834 ipsa
1351 1789 1431 1821 ratio
1445 1815 1453 1825 ‚
1473 1800 1537 1832 quae
1555 1789 1694 1821 ordinem
1705 1797 1798 1820 natu-

411 1840 511 1872 ralem
523 1839 646 1872 violari
659 1848 752 1871 vetat
764 1866 774 1881 ,
799 1838 979 1883 confi’rvari
991 1834 1101 1880 jubet3
1114 1836 1157 1870 est
1171 1835 1248 1870 illud
1271 1835 1380 1870 lumen
1395 1848 1461 1882 quo
1476 1836 1670 1871 illuminatur
1687 1837 1796 1870 omnis

411 1889 512 1923 homo
522 1888 658 1921 veniens
674 1888 705 1921 in
725 1886 808 1921 hunc
826 1885 982 1920 mundum
997 1900 1005 1926 ·,
1029 1884 1090 1919 hoc
1104 1897 1301 1932 praeceptum
1321 1885 1367 1918 est
1383 1896 1475 1917 vetus
1487 1912 1497 1926 ,
1522 1888 1554 1919 δέ
1568 1883 1654 1917 idem
1671 1895 1796 1918 novum

412 1937 496 1984 quod
513 1938 545 1970 in
556 1937 724 1982 Scripturis
737 1935 820 1969 adeo
837 1934 1085 1969 commendatur
1095 1962 1104 1975 ,
1123 1945 1159 1967 ut
1173 1946 1247 1966 vera
1269 1933 1419 1974 sapicmia
1435 1960 1443 1973 ‚
1458 1943 1562 1978 eaque
1576 1931 1717 1974 coelestis,
1729 1945 1796 1967 non

412 1985 559 2020 animalis
571 2014 579 2027 ,
604 1983 655 2018 lex
672 1985 706 2018 in
719 1982 872 2018 cordibus
887 1981 1000 2030 scripta
1015 1982 1191 2015 identidem
1204 1980 1393 2028 appelletur.
1418 1982 1483 2014 Lex
1498 1982 1587 2014 enirn
1603 1980 1755 2015 naturalis
1774 1981 1797 2016 ὲ,

412 2034 545 2069 Christo
555 2043 710 2067 renovata
722 2046 790 2067 non
805 2031 891 2065 aliud
901 2031 1042 2078 praecipit
1054 2058 1063 2071 ,
1079 2028 1178 2076 quam
1199 2032 1333 2064 virtutes
1351 2041 1465 2065 ornnes
1479 2057 1488 2072 ‚
1509 2040 1581 2075 quae
1599 2041 1710 2064 amore
1721 2032 1797 2073 Dei,

412 2095 448 2118 ut
461 2083 572 2117 summi
582 2080 663 2115 bom·
674 2082 890 2115 continentur.
907 2080 996 2114 Hinc
1008 2077 1087 2125 legis
1099 2077 1375 2121 Christianae,cum
1392 2079 1583 2126 proponitur
1598 2107 1608 2121 ,
1630 2077 1796 2126 approba-

412 2134 459 2167 tio
478 2147 486 2173 ·,
507 2131 582 2165 hinc
606 2128 661 2163 illa
680 2131 713 2163 in
730 2130 816 2163 viros
837 2130 908 2176 pios
933 2125 1119 2175 propensio,
1149 2132 1183 2163 &
1202 2127 1381 2162 testimonia
1399 2126 1454 2160 illa
1479 2129 1590 2160 animae
1607 2126 1794 2161 naturaliter

412 2180 607 2215 Cliristianae.
627 2179 716 2213 Hinc
730 2177 891 2225 sapientise
903 2175 1038 2210 coelestis
1048 2182 1080 2212 &
1092 2175 1225 2211 carnalis
1241 2175 1419 2210 discrimina
1433 2204 1441 2217 ,
1465 2187 1535 2221 quse
1545 2173 1690 2224 Jacobus
1705 2177 1796 2224 Apo-

416 2229 512 2264 stolus
522 2238 691 2263 enumerat
703 2242 711 2268 3
736 2226 810 2261 hinc
824 2225 879 2260 illa
892 2224 1012 2260 Christi
1030 2226 1166 2260 Domini
1179 2252 1188 2266 ‚
1205 2226 1337 2269 Diliges
1349 2225 1520 2258 Dominum
1533 2227 1638 2257 Deum
1655 2235 1744 2257 tuum
1755 2237 1796 2258 ex

417 2290 479 2311 toto
490 2276 581 2310 corde
598 2287 650 2309 tuo
663 2303 672 2315 ‚
686 2280 747 2312 &c.
764 2276 829 2321 in
845 2274 957 2320 diligit
969 2286 1016 2306 me
1028 2301 1036 2312 ,
1053 2273 1208 2319 diligetur
1224 2273 1243 2306 ἃ
1263 2275 1358 2305 Patre
1375 2286 1437 2305 meo
1455 2288 1461 2306 ;
1489 2270 1527 2305 (ῥ’
1541 2272 1569 2316 fi
1592 2275 1663 2317 quis
1683 2273 1795 2321 diligit

418 2339 464 2357 me
479 2353 488 2366 ‚
501 2327 669 2365 sermonem
687 2336 788 2357 mcum
798 2321 960 2367 servabit.
978 2324 1066 2358 Hinc
1082 2318 1190 2370 Apost.
1205 2321 1372 2355 Plenitudo
1384 2322 1460 2369 legis
1481 2321 1634 2355 charitas.
1657 2323 1695 2355 Et
1715 2322 1794 2369 Aug.

417 2374 497 2407 Non
513 2375 622 2421 implet
639 2374 738 2422 legem
750 2371 808 2418 ntfi
821 2372 974 2407 charitas.
1000 2372 1113 2418 Qare
1130 2372 1226 2405 totius
1247 2369 1326 2418 legis
1339 2369 1458 2404 summa
1467 2369 1529 2404 hoc
1539 2381 1703 2417 praecepto
1713 2382 1793 2405 cona
