1857 2745
606 89 647 125 M
667 91 702 127 O
729 90 762 126 R
783 89 811 127 Α
827 89 855 128 L
873 93 888 127 1
907 91 940 129 S,
1392 107 1408 127 2

43 147 174 192 tatione
186 142 231 179 sui
241 141 376 192 subjeffi
391 150 444 176 aut
455 139 676 183 fundamenti,
686 141 732 176 N.
753 152 827 176 nam
843 141 972 176 bonitas
989 139 1058 176 finis
1072 150 1127 175 aut
1141 141 1325 178 mediorum
1344 138 1363 174 ὲ
1379 106 1452 172 bei>-

51 195 103 231 lua
112 194 307 243 percipitur,
326 197 359 229 &
372 191 405 226 id
413 190 501 239 quod
512 189 555 224 est
568 188 692 225 bonurn
705 188 746 223 ab
762 201 800 224 ea
813 190 1013 239 cognoscitur
1023 195 1057 227 &
1069 193 1252 238 expetitur:
1265 203 1325 227 nec
1337 191 1447 237 magni

36 243 181 280 *interest
190 271 201 287 ‚
213 241 302 291 quod
312 239 466 291 ejusmodi
477 240 612 288 negatio
625 240 660 274 in
672 240 798 274 ratione
814 237 886 275 finis
895 240 1086 276 includatur.
1100 241 1183 276 Non
1195 243 1282 276 enirn
1294 243 1328 276 in
1339 236 1448 298 seipsa,

48 291 145 328 sedin
159 291 241 336 alio,
262 290 316 326 seu
327 294 361 326 in
371 289 587 325 fundamento
599 316 609 331 ,
626 289 722 336 idque
735 288 929 337 imperfecfibe
943 287 1147 338 cognoscitur
1165 303 1173 324 :
1195 295 1230 327 ὃς
1254 301 1362 324 tamen
1390 300 1444 320 0²>

35 340 114 378 ‹stiae
131 339 230 378 finem
245 338 429 377 formaliter
443 340 644 389 percipiunt,
663 349 700 374 ut
716 341 901 388 negationis
925 337 1008 375 illius
1026 337 1278 376 fundamentum
1301 336 1445 377 includi..

509 422 861 469 QUAE5T10
901 423 977 460 111.

599 504 654 538 De
672 502 740 550 fine
763 502 888 539 ultimo.

38 588 156 675 EX
183 590 222 624 iis
247 599 317 636 quae
345 587 446 623 modo
465 586 604 631 diximus
623 584 665 620 de
687 585 886 629 discrimine,
917 587 1008 633 quod
1033 588 1203 624 hominem
1224 588 1309 622 inter
1330 589 1363 621 δε
1385 582 1446 618 be-

36 641 47 655 '²
126 638 197 673 stias
221 637 413 681 intercedit,
439 635 517 672 illud
534 636 642 683 liquet
660 635 805 680 ,bestias
822 645 917 684 agere
932 637 1064 685 quidem
1084 636 1155 673 finis
1180 636 1310 683 alicujus
1328 634 1449 683 grati53

30 686 102 723 >sed
128 699 203 722 eum
222 685 279 721 fibi
297 699 363 722 non
389 685 585 733 praestituere
595 714 604 728 ,
637 697 698 720 nec
710 706 712 710 ·
723 687 823 721 totius
840 686 915 720 vitae
937 686 1058 723 cursum
1085 685 1126 722 eo
1156 686 1305 735 dirigere.
1335 685 1444 730 Atque

47 746 86 771 ut
99 738 172 772 vitae
187 734 245 771 suae
258 734 499 778 conservandae,
517 745 574 768 aut
590 736 716 782 generis
726 734 931 783 propagandi
947 735 1037 771 causa
1051 735 1144 772 bruta
1152 744 1329 784 operentur
1340 761 1350 776 ,
1369 744 1444 766 eum

27 795 157 821 «tamen
171 782 270 820 finem
287 785 440 833 ignorant
452 812 462 827 ‚
475 795 536 818 nec
550 794 624 818 eum
632 781 690 818 fibi
704 795 903 832 proponunt.
930 783 1057 821 Contra
1080 786 1182 821 horno
1197 797 1270 819 cum
1295 783 1442 818 actiones

27 836 149 869 exerit
164 833 339 878 humanas,
359 845 430 880 quae
441 831 560 868 scilicet
570 835 601 866 ei
617 831 690 868 sunt
709 835 868 881 propriae,
893 838 927 870 &
946 833 967 869 Ξι
980 835 1149 870 voluntate
1174 832 1352 868 deliberata
1369 842 1445 879 pro-

30 906 33 909 >
46 881 245 925 ficiscuntur,
259 895 325 917 non
337 882 437 916 modo
452 894 505 916 eas
519 883 552 915 in
566 879 666 916 finem
678 880 821 927 aliquem
838 882 966 931 dirigit,
990 896 1089 931 quern
1104 882 1162 918 fibi
1178 879 1355 930 praescribit
1372 908 1383 922 ,
1409 883 1444 914 &

44 930 249 979 perspectum
269 929 368 965 habet
396 943 405 965 ε
441 929 494 964 sed
512 929 709 964 etiamnunc
732 928 833 966 finem
843 930 975 966 ulterius
987 932 1089 968 refert
1098 933 1138 968 ad
1156 932 1256 967 alium
1273 932 1328 980 qui
1352 926 1443 978 ipsius

44 979 187 1015 hominis
203 978 271 1014 finis
283 979 325 1014 est
340 1008 349 1022 ‚
364 979 405 1013 ad
421 991 520 1029 quem
530 977 631 1014 refert
645 980 766 1023 omnia,
779 979 930 1029 cumipse
950 980 1107 1029 nusquam
1120 981 1289 1017 referatur.

78 1028 127 1067 Est
135 1030 232 1078 igitur
243 1027 314 1064 finis
327 1027 459 1064 ultimus
472 1057 482 1072 ‚
503 1039 539 1062 ut
547 1027 664 1062 definit
677 1029 797 1062 Cicero
810 1057 820 1071 ,
830 1030 866 1063 id
881 1029 969 1074 quod
976 1030 1100 1064 nullam
1114 1029 1161 1064 ad
1174 1031 1275 1063 aliam
1293 1039 1358 1062 rem
1373 1054 1379 1063 ,
1399 1026 1444 1060 ad

41 1075 80 1112 'id
94 1090 201 1113 autem
216 1091 263 1112 res
273 1089 375 1113 omnes
384 1078 561 1119 reftruntur
571 1091 582 1109 .·
594 1075 658 1111 vel
669 1075 782 1110 clarius
795 1104 804 1118 ‚
818 1077 909 1123 quod
927 1080 1090 1125 expetitur
1102 1088 1236 1126 propter
1253 1076 1283 1110 se
1294 1103 1304 1118 ‚
1328 1086 1443 1109 caerera

26 1142 28 1144 ·
42 1139 174 1177 propter
184 1126 299 1176 ipsum.
317 1129 344 1162 Is
361 1124 440 1162 vero
450 1125 504 1161 vel
520 1128 552 1161 in
565 1123 748 1160 universum
770 1123 905 1174 spectari
923 1126 1030 1174 potest
1043 1157 1052 1170 ,
1074 1137 1174 1174 atque
1187 1137 1225 1160 ut
1244 1125 1419 1172 loquuntur
1432 1151 1444 1166 ,

27 1176 225 1212 -formaliter
236 1204 246 1220 ,
263 1188 422 1224 quatenus
436 1174 592 1211 summum
609 1175 650 1209 est
660 1179 694 1211 &
704 1185 888 1210 extremum
901 1173 1063 1211 bonorum
1076 1192 1086 1219 ·,
1099 1174 1154 1211 vel
1164 1172 1299 1209 definite
1317 1178 1352 1210 &
1371 1185 1442 1208 ma-

43 1225 198 1261 terialiter
212 1254 222 1269 ,
239 1237 276 1261 ut
293 1228 326 1261 in
342 1225 452 1274 aliqua
465 1236 498 1259 re
511 1225 654 1274 ponitur.
667 1225 700 1258 Si
710 1222 809 1259 finem
818 1223 970 1261 ultimum
983 1227 1080 1274 priori
1123 1223 1236 1259 uidem
1248 1222 1349 1259 modo
1362 1234 1441 1257 con-

30 1273 217 1311 ”fideremus
229 1305 239 1319 ,
252 1274 334 1310 nihil
345 1275 392 1309 est
403 1285 516 1322 praeter
527 1273 765 1310 beatitudinem
774 1302 784 1317 ,
801 1285 903 1320 quam
913 1273 1038 1323 ubique
1056 1237 1230 1321 &semper
1248 1273 1441 1321 expetimus·

26 1326 154 1362 'Nemo
165 1326 253 1360 enim
269 1326 444 1373 quicquam
454 1321 588 1372 aginulfi
597 1333 631 1358 ut
642 1321 699 1357 fibi
709 1321 795 1358 bene
809 1321 854 1359 fit.
863 1325 952 1359 Hinc
969 1323 1100 1373 pulchre
1111 1323 1352 1364 Bo‘e'tius‚omnis
1361 1333 1444 1354 mor-

47 1375 162 1408 talium
176 1387 252 1409 cura
263 1386 361 1420 quam
377 1373 600 1421 multiplicium
613 1371 788 1415 studiorum
809 1370 902 1407 labor
913 1385 1054 1409 exercet.
1079 1372 1203 1419 diverfiv
1219 1370 1348 1418 quidem
1360 1369 1443 1404 calle

33 1423 186 1470 *procedit
198 1450 207 1463 ‚
218 1423 281 1468 fid
292 1421 439 1456 adunam
451 1420 663 1454 beatitudinis
671 1419 770 1464 finem
791 1423 912 1455 nititur
925 1423 1113 1469 pervenire.

72 1473 151 1520 Jam
170 1472 253 1504 circa
267 1468 366 1505 finem
379 1469 530 1504 ultimum
544 1468 610 1501 duo
627 1471 729 1514 quaeri
747 1467 852 1502 solent
866 1495 876 1510 ‚
892 1472 963 1516 quis
977 1469 1014 1503 fit
1025 1481 1132 1502 rerum
1142 1469 1290 1501 omniurn
1302 1496 1312 1510 ,
1333 1472 1367 1503 &
1379 1467 1439 1501 ho-

44 1521 139 1555 minis
158 1516 329 1568 praesertim
339 1547 349 1563 ,
364 1517 433 1552 finis
447 1516 598 1560 ultimus·‚
616 1515 732 1551 deinde
746 1527 789 1552 an
804 1515 910 1563 plures
927 1516 984 1552 fibi
999 1515 1130 1566 quisque
1148 1513 1242 1564 poffit
1263 1513 1343 1550 fines
1363 1514 1438 1550 ulti-

44 1580 117 1604 mos
134 1578 330 1618 proponere.
357 1568 406 1602 Sit
424 1567 520 1615 igitur

619 1615 730 1648 Prima
748 1613 919 1660 Conclusio.

90 1714 328 1750 'Nonhominis
338 1710 440 1747 modo
450 1741 458 1755 ,
477 1709 529 1745 sed
540 1712 639 1745 etiam
655 1723 763 1747 rerum
781 1715 927 1747 omnium
938 1715 1029 1749 Deus
1040 1712 1087 1747 est
1101 1712 1170 1748 finis
1177 1713 1320 1748 ultimus.

80 1761 176 1799 Prob.
188 1762 347 1803 conclufio.
358 1761 408 1796 Est
417 1762 505 1796 enim
518 1764 607 1795 Deus
620 1789 629 1803 ‚
645 1773 680 1794 ut
694 1763 739 1796 ait
749 1760 813 1810 ipse
824 1763 857 1797 in
870 1761 1064 1810 Apocalypsi
1075 1790 1084 1804 ‚
1099 1764 1292 1811 principium
1302 1757 1437 1804 &finiss

39 1823 144 1859 ratque
157 1823 192 1846 ut
207 1812 340 1859 Sapiens
353 1810 496 1857 loquitur
510 1808 669 1849 Proverb‚
686 1817 728 1846 16.
744 1812 848 1845 omnia
858 1821 990 1859 propter
992 1813 1041 1857 fii
1055 1812 1126 1856 firm
1142 1820 1288 1858 operatus
1305 1807 1344 1852 est
1365 1808 1438 1840 Do-

46 1862 149 1894 minus
167 1876 177 1894 .·
191 1871 299 1907 neque
313 1859 414 1893 alium
424 1857 480 1893 fibi
498 1857 594 1893 finem
607 1861 715 1906 potuit
725 1861 932 1907 praestituere:
945 1872 1018 1894 cum
1028 1820 1110 1894 {glus
1121 1862 1209 1894 Deus
1227 1857 1263 1892 sit
1277 1856 1436 1892 summum

45 1908 188 1952 bonum,
207 1921 306 1956 arque
326 1909 359 1944 in
369 1920 410 1943 eo
422 1919 458 1942 ut
470 1907 608 1943 effentiae
622 1937 632 1951 ,
646 1906 685 1942 fic
701 1907 854 1943 bonitatis
872 1907 943 1944 infit
955 1908 1134 1957 plenitudo.
1156 1909 1205 1943 Ut
1227 1919 1281 1941 ens
1293 1934 1302 1949 ‚
1325 1903 1365 1939 fic
1379 1902 1436 1938 bo-

47 1971 105 1995 nus
118 1958 166 1993 est
179 1970 237 2006 per
246 1956 413 1993 effentiam
437 1971 446 1993 ε
466 1957 588 2004 reliqua
601 1959 851 2004 participatione
863 1962 897 1994 &
907 1959 1091 1994 imitatione
1101 1956 1185 1992 illius
1203 1955 1274 1991 sunt
1292 1953 1391 1989 bona.

81 2008 212 2043 Deinde
223 2008 303 2042 ordo
313 2009 499 2054 agentium,
521 2007 625 2052 inquit
638 2008 672 2042 S.
688 2006 854 2050 Thomas,
876 2004 916 2041 fic
929 2007 1036 2042 ordini
1056 2006 1167 2042 finium
1187 2003 1379 2054 respondet,
1403 2012 1439 2037 ut

22 2077 26 2079 >
46 2069 112 2105 quo
123 2068 220 2105 agens
241 2056 287 2091 est
304 2056 514 2104 praestantius,
535 2053 599 2089 hoc
616 2053 716 2090 finem
727 2055 926 2091 nobiliorem
944 2055 999 2091 fibi
1020 2055 1192 2104 praestituat
1209 2069 1217 2091 ι
1245 2065 1279 2088 ut
1294 2054 1368 2087 Rex
1378 2049 1438 2086 fibi

49 2106 146 2142 finem
165 2107 316 2154 proponit
331 2107 431 2152 magis
446 2101 677 2148 universalem,
704 2105 806 2152 quiim
826 2105 890 2140 dux
902 2134 911 2148 ‚
936 2116 991 2140 aut
1005 2106 1164 2140 centurio.
1197 2103 1261 2138 Sed
1276 2105 1365 2138 Deus
1389 2100 1437 2135 est

49 2157 150 2202 prima
165 2167 269 2189 rerum
280 2152 426 2189 effeern'x
439 2152 528 2189 causa
550 2166 557 2187 :
577 2163 654 2201 ergo
667 2154 755 2188 idem
775 2154 819 2189 est
834 2167 939 2189 rerum
961 2156 1106 2188 omnium
1122 2152 1193 2188 finis
1211 2151 1352 2186 ultimus.
1385 2149 1435 2185 Est

52 2205 158 2244 enim,
175 2214 211 2237 ut
219 2204 355 2239 diximus
369 2232 378 2245 ,
395 2205 535 2249 primum
548 2202 743 2249 principium
755 2232 764 2246 ‚
782 2204 868 2238 unde
883 2206 992 2239 omnia
1009 2201 1148 2237 fluxere:
1177 2201 1222 2234 est
1249 2202 1345 2248 igitur
1363 2198 1433 2234 finis

51 2249 180 2285 ultimus
191 2254 223 2285 in
238 2264 336 2299 quem
350 2251 487 2288 refluunt
498 2248 657 2286 universi.
675 2252 726 2287 Ut
739 2254 879 2299 primum
889 2253 1081 2301 principium
1091 2279 1101 2294 ,
1116 2251 1225 2285 omnia
1236 2261 1274 2284 ex
1290 2248 1320 2284 se
1338 2249 1434 2284 emit-

53 2302 92 2334 tit
107 2315 116 2342 3
129 2299 242 2334 utfinis
254 2300 382 2337 ultimus
394 2331 404 2345 ‚
424 2302 534 2336 omnia
551 2299 590 2333 ad
607 2297 637 2334 se
658 2300 806 2337 refleetit.

91 2349 180 2385 Hinc
192 2347 320 2396 pulchre
335 2351 417 2401 Aug.
428 2350 448 2388 1.
463 2351 504 2386 dc
513 2348 630 2386 morib.
649 2350 731 2386 Eccl.
744 2351 901 2384 Bonorum
917 2376 926 2389 ,
952 2350 1056 2397 inquit
1071 2378 1080 2393 ‚
1109 2359 1215 2382 amma
1236 2349 1327 2381 Deus
1347 2343 1435 2382 nobis

1149 2396 1215 2433 nh
1238 2398 1270 2446 i'j
