1857 2745
346 106 383 140 82
691 102 763 138 DE
810 100 1301 141 UNIVERSALIBUS

381 150 469 198 Resp.
488 149 569 194 Dist.
580 151 699 198 conftq.
713 150 750 187 fit
763 151 910 198 quaedam
928 154 1130 202 comparatio
1142 165 1212 202 quae
1225 152 1401 202 [implicem
1419 152 1668 194 abstractionem
1683 163 1744 195 ank

349 201 498 244 teccdat,
512 200 551 235 C.
570 212 643 246 quae
662 212 734 236 eam
751 199 968 249 subsequatur,
982 204 1028 239 N.
1043 202 1143 250 idque
1157 201 1231 238 satis
1254 202 1322 238 fuse
1340 203 1618 253 fuitexplanatum
1632 222 1640 244 z
1654 207 1742 243 mul-

350 262 381 285 ta
393 252 479 285 enim
489 261 525 284 ut
539 250 624 286 inter
638 249 668 287 se
678 248 789 286 similia
801 253 943 300 primum
965 252 1131 287 intuemur
1141 281 1151 297 ,
1170 263 1241 288 turn
1251 265 1314 289 una
1332 266 1415 289 voce
1443 266 1515 290 eam
1529 253 1685 304 signamus
1703 262 1742 295 δε

347 311 558 349 concipimus.

395 350 482 398 Opp.
495 360 540 385 20.
560 349 756 385 Universale
767 351 926 399 Logicum
944 349 1044 386 habet
1062 353 1223 389 rationem
1233 354 1330 388 totius
1340 381 1350 396 ,
1370 358 1403 390 δε
1414 356 1557 390 concreti
1568 355 1741 407 cujusdam:

346 400 400 436 sed
411 411 516 435 totum
531 398 668 434 abstrahi
679 413 744 435 non
762 401 867 448 potest
885 400 906 435 ἐι
924 399 983 435 suis
1003 400 1147 449 partibus
1160 431 1170 446 ,
1188 405 1306 438 utinec
1319 415 1507 439 concretum
1528 404 1707 440 universale
1719 405 1742 443 ὲ,

346 448 402 486 suo
424 448 591 499 subjedzo3
607 448 710 485 homo
728 448 866 485 abstrahi
882 462 937 498 per
959 461 1105 486 mentem
1127 465 1194 489 non
1217 452 1321 500 potest
1342 451 1383 486 ab
1400 464 1440 487 eo
1457 455 1547 500 quod
1561 452 1663 489 habet
1682 454 1741 490 hu·

346 502 547 537 manitatem.
566 502 649 549 Ergo
666 498 845 534 universale
857 501 1014 548 Logicum
1025 513 1092 536 non
1107 500 1144 536 fit
1153 514 1210 550 per
1221 500 1396 550 [implicem
1406 500 1666 540 abstractionem.

390 550 479 599 Resp.
492 548 573 594 Dist.
593 553 668 593 maj.
684 549 735 584 Est
751 560 857 584 totum
872 549 1072 598 potentiale,
1090 551 1132 587 C.
1147 551 1295 595 aditiale,
1310 553 1356 586 N.
1371 549 1433 584 hoc
1445 550 1583 586 abstrahi
1597 566 1663 588 non
1679 567 1742 602 po-

345 600 403 635 test
417 600 437 634 Ξῑ
455 599 514 635 suis
529 597 739 648 partibus:'ut
758 599 858 634 homo
873 598 1039 647 praescindi
1049 613 1116 635 non
1127 600 1231 649 potest
1255 599 1275 635 ἐι
1304 611 1441 647 corpore
1455 605 1488 636 &
1506 602 1614 635 anima
1633 615 1641 637 ε
1661 602 1741 637 illud

345 652 434 686 reete
444 649 634 684 abstrahitur
646 646 733 684 iisuis
754 647 963 683 inferioribus
979 664 987 685 :
1011 660 1117 685 totum
1135 649 1314 699 potentiale
1339 650 1456 683 dicitur
1474 678 1484 693 ,
1515 650 1604 698 quod
1629 649 1686 686 sub
1709 651 1742 687 se

344 698 410 735 suas
427 698 528 735 habet
540 710 664 748 partes,
691 710 726 733 ut
740 698 841 734 homo
854 698 897 732 est
913 710 1020 733 totum
1032 699 1215 747 potentiale
1230 697 1375 747 respetfilm
1387 700 1520 735 Petri&
1538 698 1637 735 Pauli.

380 750 510 786 Deinde
525 760 713 784 concretum
724 746 900 783 universale
911 746 1076 795 praescindi
1092 761 1158 783 non
1179 748 1284 796 potest
1308 747 1328 782 22
1356 746 1501 795 subjecto
1517 746 1745 785 universaliter

345 797 471 848 sumpto
487 814 496 835 ι
518 811 553 834 ut
570 798 670 834 homo
683 796 946 844 abstrahinequit
962 795 1004 831 ab
1017 810 1056 832 eo
1067 798 1156 844 quod
1167 796 1268 832 habet
1281 796 1588 840 humanitatem3sed
1604 795 1742 834 abstrahi

346 851 451 898 potest
460 848 502 883 ab
519 848 580 884 hoc
598 876 608 891 ,
634 846 686 882 vel
701 846 758 881 illo
772 845 926 889 homine,
945 846 1024 881 seuit
1035 846 1180 894 subjecto
1192 845 1428 894 particulariter
1442 844 1578 894 sumpto.

385 899 471 947 Opp.
490 900 578 943 30.1n
600 900 691 931 omni
705 893 924 944 propositione
943 893 1125 930 affirmante
1153 894 1347 931 attributum
1365 896 1437 929 adiu
1463 898 1611 931 continet
1634 897 1745 948 subje-

347 949 434 983 &um
446 976 455 990 ‚
482 952 515 983 ὃ(
531 947 618 980 idem
633 945 675 979 est
690 943 818 978 realiter
828 956 902 978 cum
919 954 959 977 eo
974 958 981 978 ι
997 957 1075 993 ergo
1094 946 1125 978 in
1140 944 1199 982 hac
1212 942 1431 991 propositione
1448 946 1559 979 Petrus
1574 946 1616 979 est
1627 946 1742 992 homo,

345 995 540 1032 attributum
551 994 638 1041 quod
655 994 698 1027 est
710 992 889 1028 universale
905 994 1060 1041 Logicum
1071 1022 1080 1036 ,
1102 995 1175 1028 astu
1192 992 1326 1028 includit
1345 995 1476 1027 Petrum
1495 1022 1505 1037 ,
1523 1005 1630 1041 neque
1642 994 1684 1029 ab
1700 1009 1743 1031 eo

347 1044 555 1079 abstrahitur:
570 1041 671 1077 habet
685 1043 945 1076 enimrationem
958 1044 1057 1076 totius
1069 1041 1220 1085 aetuans,
1252 1042 1341 1088 quod
1367 1040 1387 1075 ἐι
1410 1040 1470 1075 suis
1498 1042 1640 1090 partibus
1660 1057 1744 1093 prae-

345 1093 445 1128 scindi
459 1106 526 1128 non
547 1090 662 1139 potest.
1735 1125 1740 1128 ὴ

383 1145 420 1179 R.
436 1141 519 1186 Dist.
538 1142 632 1186 Cons.
640 1141 754 1175 Homo
767 1141 843 1174 astu
857 1139 990 1174 includit
1010 1141 1144 1174 Petrum
1156 1167 1166 1182 ,
1183 1149 1341 1186 quatenus
1356 1139 1398 1173 est
1414 1151 1484 1187 pars
1500 1140 1744 1189 propositionis,

349 1195 388 1230 C,
409 1191 445 1226 Id
464 1193 550 1225 enim
564 1190 602 1223 ad
616 1200 761 1223 naturam
773 1188 998 1237 propositionis
1020 1186 1207 1223 affirmantis
1235 1191 1398 1236 pertinet,
1428 1200 1461 1222 ur
1486 1189 1662 1237 probatum
1685 1193 1740 1227 est·

350 1247 445 1279 Exti-a
459 1239 557 1289 ipsam
572 1236 844 1286 propositionem,
865 1244 898 1274 &
914 1250 949 1272 ut
969 1237 1070 1273 homo
1096 1236 1267 1272 secundum
1286 1236 1315 1271 se
1334 1236 1494 1284 speetatur
1508 1238 1570 1274 fine
1584 1240 1739 1276 differem.

351 1295 402 1327 tiis
414 1291 585 1327 numericis
596 1318 606 1332 ,
621 1289 665 1323 N.
678 1299 744 1322 tum
759 1286 877 1322 enimin
890 1289 1007 1328 Petro,
1034 1287 1086 1322 vel
1110 1285 1209 1321 Paulo
1228 1284 1367 1320 abstrahi
1397 1288 1509 1334 potest.
1533 1292 1609 1324 Haec
1627 1289 1741 1325 melius

352 1340 571 1388 intelligentur
581 1366 591 1380 ‚
604 1348 676 1371 cum
690 1337 819 1382 quaestio
830 1337 904 1371 huic
917 1335 1056 1372 finitima
1070 1334 1170 1371 soluta
1189 1334 1287 1370 fuerit
1296 1364 1305 1379 ‚
1319 1336 1488 1383 quomodo
1501 1339 1616 1387 gradus
1630 1341 1742 1374 Meta.

352 1389 472 1439 physici
489 1391 573 1424 inter
589 1385 620 1423 se
639 1385 881 1435 distinguantur.

821 1466 908 1513 QU
927 1471 965 1502 ΑΞ
983 1470 1004 1503 s
1027 1470 1058 1504 T
1079 1471 1093 1502 1
1117 1470 1151 1504 o
1193 1469 1279 1505 111.

550 1549 714 1599 Qomodo
728 1548 852 1598 gradus
867 1548 1091 1598 Metaphystci
1105 1551 1193 1583 inter
1210 1549 1246 1594 fi·
1261 1546 1513 1597 distinguantur.

399 1635 461 1670 Am
474 1630 611 1667 celebris
632 1630 704 1674 illa,
720 1633 798 1668 &in
817 1628 931 1665 scholis
943 1629 1080 1664 multum
1097 1630 1218 1677 jafiram
1239 1631 1371 1675 qnaestio
1386 1631 1427 1665 de
1444 1629 1647 1666 distinffione
1668 1643 1743 1678 gra-

400 1685 495 1717 duum
508 1711 516 1725 ‚
537 1682 592 1728 qui
603 1679 820 1729 Metapliysici
834 1678 936 1714 solent
949 1677 1124 1727 appellari,
1141 1678 1278 1712 omnino
1293 1678 1393 1713 soluta
1410 1677 1585 1715 videbitur.
1612 1680 1742 1715 Gradus

355 1735 475 1782 quippe
490 1730 538 1765 illi
554 1729 634 1766 nihil
653 1729 724 1765 sunt
739 1727 1042 1778 praeterattributa,
1065 1740 1137 1774 quae
1150 1727 1189 1761 ad
1207 1724 1372 1762 essentiam
1395 1725 1542 1774 cujusque
1567 1729 1613 1761 rei
1641 1731 1742 1776 perti-

353 1794 432 1818 nent
446 1796 453 1816 ι
475 1780 538 1816 five
553 1779 572 1815 ἐι
587 1779 733 1827 supremo
747 1792 804 1827 per
814 1779 1008 1814 intermedia
1024 1789 1144 1827 genera
1160 1776 1198 1810 ad
1216 1776 1417 1811 individuum
1433 1773 1530 1822 usque
1543 1776 1714 1812 descendas
1731 1795 1742 1822 3

354 1831 407 1867 seu
419 1832 556 1866 econtra
575 1827 618 1863 ab
629 1829 803 1865 individuo
817 1841 874 1877 per
885 1827 1022 1875 speciem
1035 1856 1044 1870 ‚
1057 1832 1090 1863 &
1099 1837 1217 1875 genera
1229 1836 1379 1872 tanquam
1390 1836 1446 1872 pei·
1459 1825 1571 1873 gradus
1581 1826 1620 1859 ad
1633 1824 1742 1870 supte-

355 1894 442 1916 mum
462 1890 562 1928 genus
583 1876 786 1914 conscendas.
820 1879 873 1912 Sic
892 1876 1088 1917 substantia,
1121 1886 1233 1922 corpus
1252 1903 1261 1917 ‚
1287 1877 1400 1908 vivens
1417 1902 1426 1916 ,
1459 1873 1579 1908 animal
1598 1903 1607 1917 ‚
1639 1874 1742 1910 homo

354 1930 424 1966 sunt
441 1928 555 1975 gradus
574 1955 585 1970 ‚
612 1926 729 1975 quibus
751 1927 841 1960 resta
865 1924 1086 1959 descendimus
1107 1924 1146 1957 ad
1163 1925 1328 1958 Socratem
1352 1920 1449 1969 usque
1467 1940 1476 1965 3
1494 1921 1630 1970 suntque
1648 1925 1741 1959 instar

355 1969 456 2015 trunci
473 1977 615 2012 arboris:
634 1974 841 2016 differentia,
862 1973 1191 2020 quaeunumquodque
1206 1984 1303 2020 genus
1319 1973 1479 2014 dividunt,
1488 1984 1522 2006 ut
1534 1985 1741 2021 corporeum,

357 2034 389 2066 ὃ(
408 2031 632 2075 incorporeum
649 2055 659 2068 ,
683 2024 754 2059 sunt
765 2022 868 2058 veluti
883 2024 962 2057 rami
979 2022 1062 2057 iliius
1076 2021 1200 2055 arboris
1217 2050 1226 2064 ‚
1249 2023 1290 2056 de
1307 2020 1425 2068 quibus
1441 2024 1596 2069 praecipua
1610 2023 1741 2069 quaestio

357 2080 493 2113 vertitur
508 2105 517 2119 ‚
540 2088 581 2111 an
593 2074 687 2110 realis
702 2077 852 2108 intereas
863 2099 870 2109 ‚
889 2077 923 2109 &
935 2084 1052 2120 genera
1064 2100 1072 2114 ‚
1088 2083 1122 2106 ut
1138 2073 1219 2105 inter
1235 2069 1394 2106 rationale
1413 2076 1447 2107 &
1468 2070 1740 2114 animal‚intetce-

356 2128 411 2162 dat
425 2127 585 2161 distinfflo
601 2140 608 2159 ;
628 2137 668 2159 an
682 2121 851 2158 discrimen
860 2134 958 2156 omne
981 2120 1000 2156 ὰ
1015 2132 1125 2155 mente
1145 2120 1247 2155 nostra
1265 2122 1405 2157 ducatur.

392 2177 470 2224 Qo
483 2187 591 2210 nutem
605 2174 669 2210 haec
680 2172 808 2221 quaestio
823 2173 914 2207 omni
933 2183 1059 2205 remota
1083 2169 1296 2219 ambiguitate
1313 2170 1480 2217 dijudicari
1505 2168 1598 2216 poslit
1609 2198 1619 2212 ,
1651 2172 1741 2205 varia

359 2225 453 2259 distin
460 2226 601 2259 &ionum
611 2235 729 2269 genera
744 2228 777 2260 ὅ(
789 2223 889 2270 magis
902 2219 1096 2264 usitataJunt
1111 2222 1196 2269 prius
1212 2218 1411 2268 explicanda.
1439 2219 1485 2251 Ac
1503 2221 1643 2265 primum
1661 2218 1738 2253 illud

360 2273 558 2320 perspicuum
570 2264 660 2308 estkea
674 2275 758 2308 inter
778 2270 809 2307 se
822 2271 969 2318 distingui
984 2299 994 2313 ,
1017 2283 1264 2317 quorumunum
1275 2282 1341 2303 non
1357 2268 1399 2301 est
1414 2266 1511 2303 aliud.
1539 2269 1623 2302 Cum
1639 2281 1738 2303 unum

361 2335 428 2356 non
445 2322 487 2355 est
501 2324 587 2357 idem
605 2336 678 2357 cum
698 2322 783 2365 alio,
801 2321 898 2367 idque
913 2322 1043 2354 nemine
1069 2322 1253 2365 cogitante,
1288 2330 1355 2352 tum
1380 2315 1472 2350 realis
1492 2317 1534 2351 est
1552 2318 1739 2359 distinctim

361 2368 423 2406 sive
436 2383 483 2405 res
495 2370 551 2409 siut
569 2372 715 2421 separatae
728 2371 768 2408 ab
779 2372 920 2408 invicem
931 2398 941 2414 ‚
959 2381 994 2405 ut
1010 2372 1159 2405 Socrates
1172 2399 1182 2414 ‚
1210 2374 1243 2406 ὃ(
1253 2367 1346 2404 Plato
1355 2384 1367 2412 3
1381 2363 1443 2402 sive
1466 2363 1526 2403 sint
1542 2369 1717 2416 conjunelae
1727 2394 1739 2407 .
