1857 2745
358 119 420 150 260
818 99 1330 137 PHI'LOSOPHIA

396 157 486 205 Qid
499 167 606 192 autem
623 153 798 200 quaerimus
809 148 868 185 nisi
885 159 921 183 ut
931 147 1047 185 summi
1068 147 1149 186 boni
1169 147 1364 199 posseffione
1383 146 1452 183 haee
1478 149 1604 197 egestas
1619 150 1773 187 detraha-
1824 166 1842 193 'a'

366 221 415 244 tur
432 218 441 242 :2
468 206 542 240 Nec
553 200 678 239 neceffe
689 199 737 234 est
750 210 784 234 ut
798 198 976 233 dele-statio
992 197 1029 232 fit
1042 196 1084 232 ab
1095 211 1207 234 amore
1223 199 1393 234 distincta:
1411 198 1456 232 est
1470 200 1560 234 enim
1587 212 1680 236 amor
1695 199 1774 236 frui·
1829 201 1845 247 Α)

374 257 470 291 tionis
487 282 496 299 ‚
516 266 583 290 non
599 248 747 286 desiderii
760 265 770 294 ·,
781 260 842 284 nec
861 246 975 283 fruitio
991 245 1056 282 fine
1069 247 1240 297 voluptate
1259 246 1399 295 intelligi
1412 245 1530 295 potest,
1856 290 1857 293 Ἴ

876 346 1065 381 Dilnumnr
1083 343 1277 390 objeb'liones.

422 447 531 485 Multa
542 445 647 483 solent
661 457 828 495 opponere
843 474 852 488 ,
876 456 949 493 quae
959 443 1085 479 facilius
1102 441 1249 479 diffolves
1265 473 1271 483 ,
1294 443 1314 479 fi
1328 444 1507 479 adverteris
1519 442 1624 492 primo
1638 443 1782 480 beatitu.
1829 455 1830 458 ’

383 500 494 534 dinem
513 495 575 531 effe
588 495 811 546 poffeffionern
825 496 909 538 Dei,
923 507 989 530 non
999 493 1129 529 civilem
1145 522 1155 538 ‚
1178 493 1263 541 quasi
1280 506 1371 528 mens
1384 493 1479 528 beata
1492 497 1542 541 jus
1554 498 1589 530 &
1602 495 1784 530 dominium
1826 521 1827 525 ,

384 547 523 585 haberet
541 549 575 582 in
589 550 698 582 Deum
710 573 720 587 ,
738 543 790 580 sed
809 544 946 579 vitalem
966 548 1000 581 δε
1012 541 1177 592 Phyficam
1188 571 1198 588 ,
1225 556 1295 591 quae
1313 545 1345 578 in
1360 544 1594 591 conJ'unfflone
1622 543 1787 578 facultatis
1826 544 1828 574 ἱ

387 610 462 633 cum
480 595 615 644 objecto
634 600 668 632 δε
690 593 754 629 fine
773 593 828 629 suo
845 592 995 628 consistit.

424 660 446 683 2.
474 645 512 679 Id
524 657 657 692 quoque
671 643 911 679 observandum
925 672 934 686 ‚
956 642 1047 690 quod
1060 641 1198 677 felicitas
1213 640 1366 677 inchoata
1378 645 1412 678 &
1424 641 1627 691 inadaequata
1644 643 1678 679 in
1695 639 1789 678 vifio.

386 707 429 733 ne
440 724 449 739 ‚
468 693 521 729 vel
534 706 646 730 amore
658 692 827 742 separatim
844 691 943 742 posita
964 691 1000 726 sit
1012 721 1022 735 ‚
1042 705 1109 727 non
1125 693 1253 740 integra
1264 697 1299 728 &
1316 692 1495 739 adaequata,

426 743 597 779 Postremo
613 743 645 777 id
657 742 796 778 fatemur
809 744 893 777 inter
906 745 1014 777 Deum
1026 747 1060 778 δε
1069 751 1217 775 mentem
1234 740 1378 775 nostram
1393 740 1515 776 nullam
1531 740 1591 776 effe
1604 741 1792 789 proportio-

390 805 466 831 nem
475 803 598 828 certam
614 796 647 829 δε
662 790 831 828 definitam
842 820 852 836 ,
872 803 942 839 quae
956 792 1065 825 vocari
1075 788 1154 824 solet
1166 791 1335 838 proportio
1346 791 1492 825 entitatis
1509 819 1518 834 ‚
1534 790 1636 837 qualis
1651 789 1696 823 est
1709 791 1799 825 inter
1830 815 1831 825 1

391 855 432 877 ea
444 854 517 890 quae
535 839 607 876 sunt
619 839 760 890 ejusdem
778 843 904 888 generis
921 853 930 876 t
950 838 1001 875 sed
1017 851 1055 873 ea
1072 839 1114 873 est
1127 841 1297 887 proportio
1318 851 1386 886 quae
1399 839 1517 873 dicitur
1531 838 1729 873 habitudinis
1743 840 1795 874 in-
1834 857 1836 861 >

392 903 441 926 tex
453 890 643 926 facultatem
656 895 690 926 <Sc
701 888 871 937 objectum.
892 892 983 924 Deus
998 889 1085 922 enim
1104 886 1179 921 licet
1193 886 1335 922 infinitus
1352 916 1361 930 ‚
1383 899 1493 922 tamen
1507 890 1588 921 intra
1601 889 1719 922 mentis
1735 886 1794 922 ob-

393 942 517 989 jecturn
533 938 856 986 adaequatum,quod
874 939 974 971 etiam
987 934 1239 984 specificativum
1250 936 1312 969 dici
1329 934 1409 970 solet
1425 963 1434 977 ,
1450 949 1517 970 non
1535 938 1619 971 intra
1631 934 1798 981 objectum

395 989 481 1023 illius
492 987 704 1024 connaturale
724 993 756 1024 δε
776 996 1027 1034 attemperatum
1041 1013 1050 1027 ,
1073 983 1250 1032 cujusmodi
1267 984 1309 1018 est
1327 983 1378 1018 lux
1399 996 1577 1033 temperata
1590 983 1736 1033 respe&u
1747 982 1802 1020 vi-v

396 1038 451 1071 sfis
464 1066 473 1080 ,
493 1040 687 1073 continetur.
706 1039 796 1071 Deus
816 1038 825 1069 i
851 1037 913 1069 itur
923 1034 1025 1068 videri
1035 1034 1138 1081 potest
1150 1032 1192 1066 ab
1204 1031 1382 1076 intellectu,
1396 1045 1463 1068 non
1481 1033 1723 1081 comprehendi.
1735 1035 1800 1070 His

398 1088 511 1131 utique
531 1087 691 1119 annotatis
704 1112 713 1127 ,
734 1095 808 1129 quae
836 1082 928 1116 olent
942 1093 1109 1128 opponere
1124 1108 1134 1122 ,
1161 1079 1305 1115 breviter
1323 1082 1579 1130 perstringamus.
1812 1088 1814 1090 '

439 1135 525 1182 Opp.
536 1146 558 1169 1.
572 1133 746 1167 Beatitudo
757 1130 903 1165 formalis
914 1130 956 1164 est
969 1127 1114 1178 poffeffio
1127 1128 1238 1164 summi
1248 1127 1327 1165 boni
1341 1143 1348 1164 ε
1361 1129 1411 1164 sed
1426 1133 1515 1165 Deus
1530 1130 1572 1165 ab
1584 1130 1718 1169 homine
1727 1132 1802 1182 pos-

400 1182 493 1218 sideri
504 1194 568 1216 non
583 1182 698 1229 potest.
718 1194 741 1216 1.
763 1180 853 1226 Qia
867 1182 957 1215 Deus
976 1191 1043 1214 non
1061 1179 1150 1214 estin
1179 1178 1335 1227 potestate
1352 1179 1510 1223 hominis,
1534 1193 1594 1215 nec
1607 1180 1711 1218 subest
1732 1187 1803 1232 ejus

402 1233 550 1266 dominio
563 1248 572 1273 ·,
587 1245 613 1266 2.
632 1233 721 1265 Deus
739 1228 937 1265 estinfinitus
955 1256 965 1272 ,
986 1240 1078 1263 mens
1097 1228 1201 1263 nostra
1214 1226 1305 1262 finita
1323 1245 1331 1271 ;
1356 1226 1439 1263 finiti
1453 1241 1561 1264 autem
1580 1231 1620 1265 ad
1641 1230 1806 1270 infinitum
1831 1259 1834 1264 .

403 1280 493 1316 nulla
511 1281 554 1314 est
566 1282 745 1328 proportio,
768 1293 795 1324 3.
825 1280 939 1326 Longe
953 1279 1059 1312 minor
1075 1277 1118 1311 est
1136 1278 1307 1326 proportio
1328 1278 1413 1311 inter
1443 1290 1589 1314 mentem
1610 1280 1748 1317 nostram
1762 1282 1811 1318 ὃς

406 1333 517 1365 Deum
532 1358 540 1372 ‚
560 1329 659 1376 quam
675 1331 759 1363 inter
768 1327 897 1362 oculum
907 1339 1101 1410 corporeum
1115 1332 1148 1364 &
1163 1325 1342 1375 Angelum:
1359 1325 1409 1360 sed
1422 1328 1560 1375 Angelus
1570 1329 1671 1363 oculis
1690 1342 1805 1379 corpo.

974 1387 987 1410 t

406 1381 467 1413 reis
486 1377 627 1426 conspici
644 1379 759 1425 nequit
776 1391 783 1413 :
811 1389 889 1426 ergo
904 1389 958 1411 mu
988 1390 1009 1411 o
1033 1378 1139 1411 minus
1162 1379 1249 1411 Deus
1266 1375 1307 1410 ab
1322 1375 1494 1411 intellectu
1508 1388 1618 1412 creato
1632 1378 1736 1414 videri
1745 1392 1808 1429 po·
1840 1399 1842 1406 v

407 1428 468 1462 test
483 1441 490 1461 ε
504 1428 587 1461 unde
600 1425 683 1463 &ab
702 1426 860 1473 Apostolo
877 1423 1044 1460 invisibilis
1061 1425 1186 1458 dicitur.

453 1477 490 1510 R.
500 1477 540 1507 N
543 1488 591 1521 eg.
610 1478 684 1508 min.
697 1476 780 1520 Qae
795 1485 904 1508 autern
914 1472 1118 1521 probationis
1140 1472 1214 1507 loco
1226 1471 1403 1507 afferuntur
1415 1501 1424 1516 ,
1442 1475 1510 1519 jam
1531 1487 1648 1524 magna
1666 1487 1706 1511 ex
1717 1487 1808 1524 parte

408 1523 478 1559 sunt
495 1519 606 1559 soluta.
626 1525 770 1558 Primum
785 1524 874 1558 enim
888 1521 1027 1556 felicitas
1043 1521 1188 1556 formalis
1208 1521 1252 1555 est
1268 1524 1335 1558 Dei
1354 1521 1515 1570 polseffio,
1541 1536 1699 1571 quatenus
1717 1537 1808 1562 mens

409 1586 482 1607 cum
499 1585 540 1606 eo
554 1574 758 1620 conjungitur
774 1600 784 1615 ‚
801 1583 838 1606 ut
853 1571 917 1606 fine
931 1569 984 1605 suo
1002 1575 1036 1607 &
1057 1568 1210 1619 obje&0‚
1225 1571 1264 1605 C.
1285 1571 1330 1605 est
1351 1567 1497 1619 poffcffio
1521 1573 1626 1609 civilis
1638 1603 1648 1618 ,
1673 1586 1744 1622 qnae
1758 1578 1827 1623 jus

412 1627 446 1659 ὃς
466 1621 650 1656 dominium
668 1623 700 1655 in
713 1633 782 1655 rem
804 1619 903 1669 ipsam
924 1619 1059 1655 includit
1072 1648 1082 1663 ,
1108 1622 1152 1656 N.
1173 1620 1253 1666 Qio
1269 1621 1399 1667 quidem
1410 1621 1511 1655 modo
1530 1622 1672 1659 fatemur
1698 1623 1839 1666 Deum

415 1668 563 1719 possideri
580 1683 647 1705 non
658 1668 764 1717 posse:
783 1672 857 1706 Nec
867 1681 957 1704 mens
967 1667 1066 1703 beata
1079 1667 1120 1703 fic
1134 1671 1243 1704 Deum
1258 1667 1419 1717 poffidet',
1443 1681 1478 1705 ut
1491 1683 1602 1707 avarus
1625 1675 1791 1721 pecuniam
1802 1667 1836 1712 ιζ

412 1720 464 1754 sed
477 1721 551 1766 quia
562 1718 656 1754 firmo
671 1725 705 1756 &
718 1720 874 1755 constanti
887 1728 998 1753 amore
1017 1719 1047 1752 ei
1063 1716 1246 1753 adhaerescit
1257 1747 1267 1761 ,
1299 1730 1440 1766 eumque
1453 1718 1536 1754 clare
1549 1721 1691 1757 intuetur
1703 1750 1713 1765 ,
1741 1715 1831 1758 non}

415 1768 665 1816 comprehendit
681 1768 764 1812 3hoc
778 1769 840 1811 est,
865 1780 933 1803 non
948 1764 1076 1802 tantum
1091 1767 1279 1815 cognoscit,
1302 1765 1464 1814 quantum
1479 1769 1629 1817 cognosci
1653 1771 1766 1819 potest.
1828 1762 1829 1766 Ἰ

452 1817 557 1852 Simili
575 1819 720 1861 ratione,
740 1817 828 1864 quod
852 1818 942 1852 aiunt
955 1815 1080 1851 nullam
1093 1814 1154 1851 else
1171 1818 1417 1865 proportionem
1432 1819 1518 1851 inter
1531 1821 1637 1853 Deum
1655 1824 1690 1855 δε
1710 1819 1810 1854 intel-

416 1867 538 1902 leecnm
555 1866 698 1901 nostrum
710 1894 717 1904 ,
734 1867 766 1900 in
777 1878 896 1914 genere
909 1868 992 1900 entis
1007 1893 1017 1909 ,
1036 1865 1076 1899 C.
1094 1868 1128 1900 in
1141 1867 1267 1899 ratione
1288 1869 1355 1912 ejus
1366 1863 1565 1900 habitudinis
1584 1878 1656 1913 quae
1667 1868 1716 1902 int
1736 1880 1751 1901 r
1764 1867 1835 1903 fa·-

418 1915 575 1951 cultatem
591 1920 623 1951 &
634 1914 995 1963 objeauminvenitur,
1006 1916 1053 1950 N.
1070 1914 1113 1948 est
1126 1914 1215 1949 enim
1230 1914 1339 1948 anima
1353 1911 1460 1946 nostra
1477 1916 1586 1962 imago
1599 1918 1665 1951 Dei
1679 1921 1714 1954 &
1727 1915 1815 1961 illius

421 1976 530 2013 capax.

460 2016 546 2061 Qae
560 2011 692 2059 quidem
713 2010 870 2058 responsio
888 2010 1037 2046 adhiberi
1053 2010 1161 2058 potest
1184 2011 1225 2045 ad
1244 2013 1373 2048 tertiam
1397 2011 1638 2060 probationcm.
1667 2014 1814 2066 Longius

423 2064 510 2098 enim
525 2062 617 2096 distat
628 2072 719 2095 mens
730 2062 833 2096 nostra
843 2060 862 2096 Ξι
874 2063 949 2096 Deo
967 2089 976 2103 ‚
1010 2060 1110 2105 quam
1127 2059 1237 2095 oculus
1252 2073 1423 2109 corporeus
1439 2061 1481 2096 ab
1492 2062 1634 2111 Angdo,
1649 2063 1683 2098 in
1719 2076 1817 2101 enere

423 2113 506 2147 entis
520 2140 528 2154 ‚
541 2112 579 2145 C.
599 2112 630 2144 in
644 2111 769 2145 ratione
783 2109 947 2144 facultatis
966 2108 1132 2156 &objecti
1143 2138 1153 2153 ,
1173 2111 1218 2146 N.
1233 2113 1323 2146 Deus
1334 2113 1415 2145 intra
1431 2111 1595 2158 objec'tum
1617 2111 1696 2146 intel
1714 2112 1820 2155 efflas,
1856 2134 1857 2151 l

425 2161 515 2208 quod
529 2161 570 2194 est
580 2170 678 2194 omne
698 2157 923 2204 intelliqibile,
945 2161 1137 2194 continetur.
1155 2159 1295 2206 Angelus
1309 2159 1388 2195 vero
1410 2161 1452 2195 cst
1466 2172 1554 2195 extra
1572 2159 1636 2208 objr
1649 2161 1735 2197 stum
1751 2161 1819 2211 spe·
1856 2156 1857 2161 ¹

425 2208 625 2244 cificativum
638 2207 737 2243 visus·
756 2209 857 2245 Unde
875 2221 941 2244 non
954 2207 1058 2244 solun-2
1073 2212 1162 2245 Deus
1180 2237 1191 2253 ‚
1208 2207 1260 2244 sed
1283 2209 1467 2258 &Angelus
1480 2209 1526 2244 est
1540 2208 1707 2246 invifibilis
1718 2210 1818 2248 oculo
1855 2227 1857 2230 ⁴

427 2270 597 2301 corporeo.

455 2308 537 2353 (ὶῑτρ.
556 2321 580 2341 2-
595 2305 764 2342 &sentiam
777 2307 985 2343 beatitu.li=2is
998 2321 1063 2343 non
1079 2310 1111 2343 in
1128 2318 1238 2343 amore
1253 2333 1264 2348 ‚
1289 2319 1396 2353 neque
1412 2309 1443 2343 in
1459 2307 1698 2352 delectatione,
1717 2307 1817 2344 sedin

424 2352 490 2389 sbla
507 2354 625 2391 visione
645 2356 822 2394 consistere.
843 2369 864 2391 1.
887 2358 977 2406 Qua
993 2357 1071 2395 visio
1085 2358 1132 2393 est
1143 2357 1232 2407 prior
1250 2366 1360 2392 amore
1377 2386 1388 2402 ‚
1405 2362 1439 2395 &
1464 2358 1497 2394 id
1518 2358 1608 2407 quod
1630 2359 1769 2407 primum
1781 2358 1817 2401 5¹!
