1857 2745
504 142 888 185 TRACTATUS
924 141 1197 180 TERTIUS.
1524 146 1578 189 637

204 197 342 233 Certum
356 194 399 230 est
411 191 553 230 secundo
566 192 710 241 Angelos
723 189 784 227 effe
802 203 930 227 naturas
958 191 1133 240 spirirales,
1161 204 1236 226 cum
1259 189 1317 226 lint
1361 190 1575 231 enetrabiles:

170 247 255 282 unde
269 247 342 283 &in
355 243 536 292 Evangelio
551 242 692 278 Christus
705 244 864 277 Dominus
881 241 1049 277 hominem
1063 240 1211 276 liberavit
1232 240 1326 288 pessel
1342 255 1393 276 um
1408 241 1428 277 ἐι
1445 241 1574 291 legione

171 296 353 331 daemonurn
388 299 420 331 &
433 292 525 328 Lucae
541 305 581 338 24
596 291 734 326 ostendit
746 290 774 324 se
792 293 945 339 Spiritum
959 319 967 333 ‚
978 291 1031 325 vel
1050 291 1213 338 Angelum
1225 303 1290 325 non
1303 289 1362 325 effe
1375 320 1384 334 ,
1398 294 1486 338 quod
1500 295 1575 340 Spi-

171 346 250 380 ritus
261 355 388 378 carnem
400 371 411 386 ,
431 347 463 382 &
475 339 538 375 offa
555 353 620 375 non
632 339 762 374 habeat.
788 341 936 374 Fatemur
953 351 1062 375 tamen
1085 338 1195 374 niultis
1214 341 1230 376 ὲ
1255 342 1309 376 SS.
1324 342 1383 376 PP.
1400 339 1498 375 visum
1511 341 1573 377 eise

171 392 313 441 Angelos
325 389 569 426 auttenuiffima
590 386 650 423 effe
674 394 707 425 &
727 388 867 424 aetherea
886 402 1041 437 corpora,
1075 401 1130 424 aut
1150 392 1188 424 iis
1208 388 1318 423 saltem
1343 390 1404 440 esse
1430 391 1571 427 indutos.

171 443 332 489 Qamvis
348 453 402 475 eos
421 452 480 475 nec
493 438 705 485 contrectari,
720 450 781 473 nec
797 439 899 473 videri
911 467 920 482 ‚
944 451 1005 474 nec
1018 440 1149 473 demum
1165 438 1231 473 ullo
1247 438 1332 474 sensu
1351 439 1472 487 percipi
1485 439 1570 487 poffe

171 491 363 526 faterentur.
376 489 475 533 Qiod
487 500 595 523 autern
611 490 643 523 in
662 486 798 540 septimo
813 488 916 523 Conc.
942 487 1163 536 illud-joannis
1181 485 1466 524 Theffilonicenfis
1479 502 1570 524 com-

171 537 327 588 probetur
339 568 347 582 ,
362 537 504 586 Angelos
517 538 644 586 depingi
655 545 805 585 oportere
820 566 831 580 ,
847 537 935 585 quod
955 536 1012 572 {int
1025 539 1172 586 corporei
1184 567 1193 581 ‚
1212 539 1254 574 R.
1276 539 1306 572 id
1325 538 1571 585 quodammodo

170 589 343 636 approbari
359 617 368 632 ,
399 588 508 635 quoad
524 587 643 622 dietum
659 615 668 630 ‚
685 599 751 621 non
778 587 885 632 quoad
903 589 1074 623 rationem.
1116 586 1302 621 Concilium
1322 586 1570 636 Angelospingi

169 648 324 685 oportere
338 637 503 672 assentitur
516 664 526 678 ,
546 638 706 670 rationem
729 634 812 670 vero
824 638 1073 685 quanijoauues
1093 634 1205 679 affert,
1219 638 1252 671 in
1269 638 1379 672 medio
1397 636 1569 683 relinquit,

168 697 275 732 neque
286 688 359 721 eam
368 697 423 720 aut
435 687 548 733 rejicit,
562 697 617 720 aut
627 684 781 720 admittit.
798 687 883 719 Cum
893 687 1005 732 itaque
1017 685 1215 734 Angelorum
1231 691 1438 734 operationes
1449 684 1507 720 lint
1518 688 1569 720 in-

171 734 318 783 telligere
330 763 340 778 ,
353 734 437 770 velle
448 763 457 778 ‚
475 739 509 770 &
525 745 660 770 movere
672 762 681 775 ‚
698 735 832 768 minime
846 732 969 769 neceffe
981 734 1023 769 est
1036 747 1091 770 eos
1105 733 1165 770 effe
1175 747 1347 782 corporeos
1358 766 1368 781 ,
1387 746 1421 770 ut
1431 734 1485 770 has
1496 735 1570 771 fun·

169 784 292 819 &iones
305 795 448 819 exerant.

201 834 258 869 .Ex
285 831 333 866 his
368 831 552 880 colligimus
582 828 744 879 Angelum
783 829 843 866 esse
873 830 1077 866 substantiam
1111 831 1288 880 spiritalem
1301 860 1311 875 ‚
1341 831 1538 880 completam
1558 861 1568 877 ‚

168 886 201 918 δι
220 892 369 916 creatam.
382 881 464 926 Qae
479 880 540 914 hoc
560 880 634 914 loco
652 882 751 926 quaeri
763 878 866 914 solent
882 880 1023 927 reliqua,
1045 892 1101 915 aut
1117 883 1242 927 penitus
1257 893 1316 916 nos
1336 881 1463 930 fugiunt
1479 910 1488 924 ,
1511 894 1567 917 aut

166 940 255 963 certe
266 929 503 977 adTheologos
516 930 702 976 pertinent,
718 940 773 963 aut
787 927 866 963 alibi
879 928 1083 964 commodius
1094 941 1305 978 exponentur.
1327 933 1376 965 Sic
1396 932 1437 965 de
1452 943 1566 966 exten-

167 976 253 1013 fione
268 977 469 1027 Angelorum
481 1006 489 1020 ‚
506 979 537 1012 in
556 979 658 1026 prima
670 989 759 1024 parte
777 977 934 1025 explicare
952 981 1059 1013 conati
1079 977 1202 1022 sumu53
1271 992 1381 1027 uaeque
1400 981 1439 1014 ad
1455 993 1566 1015 eorum

167 1028 390 1075 cognitionem
405 1025 549 1075 spectant
560 1055 570 1069 ‚
589 1024 716 1062 facilius
738 1039 776 1062 ex
795 1029 830 1061 iis
846 1040 918 1075 quae
931 1028 970 1062 de
982 1030 1098 1063 animae
1113 1027 1260 1076 separatae
1275 1031 1462 1078 cognitione
1478 1030 1564 1065 dixi-

167 1088 238 1111 mus
254 1104 263 1119 ,
283 1075 516 1123 intelligentur.

216 1125 397 1174 Qmodo
413 1136 522 1159 autem
538 1123 652 1171 Angeli
662 1123 720 1159 lint
734 1126 765 1160 in
776 1123 850 1159 loco
862 1153 871 1168 ,
887 1123 940 1160 etsi
953 1125 1111 1173 explicatu
1125 1125 1160 1160 fit
1171 1124 1300 1160 difficile
1311 1154 1319 1168 ‚
1332 1138 1386 1161 eos
1397 1139 1506 1162 tamen
1520 1126 1566 1161 es.

166 1171 197 1206 se
215 1171 335 1207 alicubi
354 1185 472 1221 negare
482 1186 547 1208 non
559 1173 736 1220 poisumus:
756 1186 830 1208 cum
848 1186 915 1208 rem
934 1173 1049 1208 nullibi
1069 1173 1129 1209 effe
1146 1177 1284 1209 omnino
1294 1174 1329 1208 fit
1347 1175 1562 1224 impoffibile5

166 1232 202 1254 ac
215 1219 234 1254 fi
244 1233 292 1255 res
307 1220 383 1256 effer
397 1221 533 1265 nullibi,
547 1222 610 1256 haec
625 1222 870 1268 quodammodo
881 1234 972 1256 extra
985 1221 1138 1269 sphaeram
1154 1251 1162 1265 ‚
1173 1235 1208 1257 ut
1219 1226 1263 1257 ita
1279 1222 1403 1269 loquar,
1420 1227 1561 1260 immen-

166 1267 261 1304 fitatis
279 1270 402 1306 divinae
414 1298 424 1312 ‚
453 1282 522 1317 quae
533 1271 580 1304 est
595 1269 718 1316 ubique
735 1268 927 1304 confisteret.
967 1271 1067 1316 Qod
1087 1284 1154 1305 non
1181 1274 1285 1305 minus
1310 1270 1479 1308 absurdum
1494 1275 1561 1317 est,

164 1317 263 1364 quam
281 1330 349 1353 rem
365 1329 506 1352 creatam
519 1330 610 1352 extra
629 1320 732 1351 omnis
748 1319 901 1364 temporis
913 1346 923 1360 ,
941 1329 995 1351 aut
1013 1321 1195 1353 aeterniratis
1214 1319 1373 1354 ambitum
1391 1325 1562 1359 contineri.

164 1367 239 1402 Nec
249 1369 352 1401 minus
365 1365 535 1400 absurdum
548 1367 590 1400 est
606 1378 673 1400 rem
693 1364 754 1400 esse
771 1365 885 1400 nullibi
904 1366 1029 1413 ,quum
1048 1380 1119 1402 eam
1137 1380 1302 1415 nunquam
1319 1396 1329 1411 ‚
1355 1368 1407 1404 seu
1426 1373 1457 1405 in
1471 1371 1560 1406 nulla

166 1417 319 1463 temporis
334 1415 515 1449 differentia
527 1415 666 1451 existere.
687 1417 823 1449 Maneat
838 1417 931 1464 igitur
956 1415 1034 1450 illud
1051 1428 1204 1464 tanquam
1226 1428 1370 1461 certum,
1394 1421 1559 1469 Ange103,

165 1467 199 1500 &
220 1465 360 1499 animam
375 1463 564 1498 rationalem
577 1462 637 1498 effe
651 1466 682 1498 in
696 1463 780 1499 loco.

197 1514 285 1548 Cum
298 1524 406 1548 autem
421 1525 468 1546 res
479 1512 632 1560 spiritales
643 1512 701 1548 sint
717 1511 925 1550 indivisibiles
936 1544 945 1559 ,
960 1527 1005 1549 eae
1018 1515 1150 1563 quidem
1170 1512 1241 1549 sunt
1254 1517 1285 1550 in
1296 1515 1371 1550 loco
1384 1545 1393 1558 ‚
1412 1515 1462 1551 sed
1478 1518 1559 1553 indi-

165 1559 282 1596 vifibili
308 1562 407 1596 modo
419 1578 427 1604 3
441 1560 657 1597 extensionem
667 1561 808 1606 habent,
822 1562 875 1597 sed
889 1564 1062 1599 virtualem
1080 1582 1088 1607 3
1107 1565 1170 1600 five
1196 1563 1231 1598 sit
1243 1564 1468 1612 penetrabili'S,
1490 1566 1558 1604 sive

163 1610 437 1658 impenetrabilis,
453 1621 489 1644 ut
502 1610 626 1659 Angelo
641 1610 793 1646 libuerit:
809 1609 876 1659 quo
889 1618 990 1659 major
1001 1643 1010 1657 ,
1028 1613 1089 1649 hoc
1109 1618 1170 1649 erit
1186 1614 1379 1661 perfeetior,
1394 1620 1426 1651 &
1439 1618 1557 1652 divinae

165 1657 369 1694 immensitati
386 1661 531 1695 vicinior.
563 1662 642 1695 Sunt
657 1662 755 1709 igitur
776 1673 824 1695 res
842 1659 992 1708 spiritales
1014 1666 1046 1699 in
1068 1664 1142 1699 loco
1161 1661 1351 1706 definitive,
1386 1675 1421 1698 ut
1446 1668 1554 1702 aiunt:

163 1719 240 1743 nam
257 1720 368 1743 eorum
385 1707 525 1744 extenfio
536 1709 680 1745 virtualis
690 1708 748 1745 suis
763 1712 905 1746 terminis
915 1715 1111 1752 continetur,
1125 1715 1178 1748 Sic
1200 1714 1306 1747 anima
1333 1723 1420 1747 extra
1439 1726 1555 1763 corpus

165 1769 230 1791 non
242 1758 438 1795 extenditur.
1310 1759 1313 1760 ⁷

770 1949 993 1987 FINIS.

322 2427 409 2463 Tom.
444 2431 469 2462 J.
1287 2440 1375 2478 Llss
