1857 2745
28 172 30 180 '
76 168 178 205 santia
191 169 226 203 in
235 166 276 211 se,
292 167 392 202 autin
403 163 550 203 suacausa
567 165 612 200 est
624 165 825 202 voluntaria:
841 177 876 201 ut
888 167 932 201 est
949 168 1133 215 ignorantia
1146 169 1224 214 juris
1241 133 1464 212 naturalisffg

99 218 216 252 rimarii
228 245 238 260 ,
255 228 396 265 quaeque
408 217 491 251 adeo
505 227 573 250 non
581 213 707 249 excusat
720 243 729 257 ,
747 227 821 250 cum
837 227 874 249 ea
890 214 929 250 sic
937 213 1104 251 vincibilis.
1119 216 1183 251 Sed
1192 219 1250 264 qui
1260 214 1384 251 bonum
1394 228 1464 252 non

74 230 160 301 gene
173 265 256 300 facit
267 295 277 310 ,
288 278 326 300 ac
339 264 509 301 defectum
519 263 612 298 illum
623 276 691 298 non
705 265 807 298 modo
820 277 886 300 non
901 263 1068 313 cognoscit
1079 294 1089 308 ‚
1106 265 1158 299 sed
1173 277 1249 300 eum
1270 276 1330 299 nec
1347 265 1462 313 potest,

73 325 136 350 nec
149 325 275 350 tenetur
286 314 490 363 cognoscere,
501 311 565 347 sive
581 313 620 346 ad
633 317 682 360 jus
692 324 812 348 naturae
823 314 1042 349 secundarium
1054 342 1064 358 ‚
1075 313 1138 349 sive
1154 314 1194 347 ad
1206 312 1378 361 positivum
1390 326 1463 362 per»

74 365 203 407 tineat-,
219 362 283 398 sive
296 361 334 397 fit
353 362 434 399 facti
457 363 637 412 ignorantia
652 390 662 405 ‚
676 374 742 397 non
767 362 896 397 videtur
915 373 1046 410 peccare
1065 375 1072 397 :
1093 363 1271 398 dummodo
1289 364 1377 397 actus
1395 376 1462 398 non

73 410 204 447 aliunde
217 414 411 448 vitietur:ut
426 411 448 447 fi
465 413 520 446 det
536 410 795 459 eleemosynam,
816 424 882 459 quo
895 413 1039 460 inopiam
1050 413 1199 461 pauperis
1217 409 1377 455 sublevet,
1395 425 1463 447 non

70 471 166 500 <vante
183 460 291 508 gloriae
304 460 531 498 ostentatione.

106 509 206 545 Unde
224 511 367 545 actiones
377 509 568 546 multae.sunt
581 509 804 547 indifferentes
816 523 873 560 per
887 509 1034 546 accidens
1044 537 1055 553 ,
1069 514 1103 544 δε
1115 510 1265 557 ρῐειᾶἰςὲ,
1277 519 1313 544 ut
1323 507 1462 555 loquun-

24 591 26 595 ,
74 567 125 592 tur
137 586 148 601 ,
163 559 252 605 quod
273 558 328 594 vel
346 559 423 595 desit
447 559 650 596 advertentia
669 562 801 595 rationis
823 590 835 604 ‚
853 572 954 608 eaque
972 571 1037 595 non
1057 557 1227 607 culpabilis
1239 558 1316 602 57vel
1335 557 1422 606 quod
1435 559 1461 591 is

73 608 129 654 qui
146 620 164 641 a
188 608 212 640 it
223 635 234 650 ‚
248 606 376 642 laboret
392 610 575 657 ignorantia
592 609 702 657 aliqua
717 608 925 645 invincibili..

24 699 25 702 Ἴ
115 657 156 689 In
184 684 192 693 .
207 657 254 691 Ex
274 658 384 705 Apost.
393 658 435 692 ad
456 657 616 693 Hebraeos
637 672 672 694 ιι.
706 661 781 692 Sine
792 657 860 703 fide
872 654 1055 705 impoffibile
1067 653 1107 698 est
1118 655 1245 703 placere
1262 657 1351 694 Deo,
1373 660 1406 692 &
1421 654 1461 689 ad

71 705 174 741 Rom.
197 717 243 750 ¹4·
257 706 356 740 Omne
366 706 454 753 quod
465 719 524 741 non
536 707 576 752 est
585 707 699 754 cxfide
732 717 896 754 peccatum
908 706 964 751 est,
978 711 1012 742 &
1024 703 1103 739 alibi
1113 706 1149 739 in
1164 705 1255 752 epist.
1275 705 1459 740 aci-Titum.

22 754 25 804 '3
73 754 283 800 Omm‘afimt
302 755 565 790 munda.n11mdis
577 782 587 794 ‚
602 757 813 802 coinquinatis
835 766 945 790 autem.
960 753 998 789 (ῥ’
1014 751 1196 799 infidclibus
1211 753 1294 788 nihil
1314 753 1355 798 est
1374 765 1463 787 mun-

73 802 160 837 dum.

21 833 25 867 3
68 875 71 878 -
109 851 198 901 Rqsp.
213 853 287 888 Sine
300 850 365 887 fide
378 849 643 900 effeimpossibile
659 852 786 900 placere
799 855 874 888 Deo
886 881 899 896 ‚
916 854 949 887 in
959 852 1074 886 ordine
1092 850 1132 885 ad
1161 852 1266 885 vitam
1289 862 1461 896 aeternam,

73 899 116 935 C.
135 912 267 949 propter
277 900 462 935 mercedem
479 901 622 948 aliquam
639 901 852 949 temporalem
863 913 917 945 ‚ut
927 901 1067 948 loquitur
1077 898 1387 948 §.AChrysostomug
1409 901 1461 937 vel

72 960 108 983 ut
117 951 227 984 mitius
241 951 413 997 puniantur
423 977 432 992 ‚
442 961 476 983 ut
495 949 561 997 ipse
576 953 606 984 S.
619 950 812 999 Augustinus
823 978 832 992 ‚
845 953 890 986 N.

109 998 217 1032 Simili
228 1000 351 1032 ratione
366 1025 375 1040 ‚
394 1010 493 1033 omne
503 998 592 1044 quod
602 1012 668 1033 non
679 999 722 1032 est
743 1011 785 1033 ex
806 996 870 1032 fide
885 1026 894 1041 ‚
912 1009 1082 1046 peccatum
1093 998 1154 1041 est,
1166 998 1252 1045 quod
1273 1010 1339 1033 non
1361 997 1405 1032 est
1423 1010 1462 1034 ex

72 1044 137 1080 fide
152 1046 278 1094 agendi,
297 1057 331 1080 ut
343 1045 594 1092 loquuntur,hoc
611 1047 654 1080 est
665 1059 774 1081 contra
785 1046 1069 1089 conscientiam‚de
1079 1058 1142 1093 qua
1157 1059 1198 1080 eo
1209 1045 1282 1080 loco
1293 1049 1361 1095 agit
1373 1049 1461 1095 Apo-

71 1093 171 1130 stolus
183 1124 192 1138 ‚
205 1095 246 1130 C·
259 1094 344 1142 quod
359 1107 425 1129 non
443 1094 489 1128 est
500 1093 563 1128 fide
574 1095 747 1137 credendi,
765 1105 932 1142 peccatum
947 1095 989 1128 est
1003 1123 1012 1137 ,
1038 1096 1081 1129 N.

111 1143 280 1179 Postremo
300 1141 484 1178 infidelibus
496 1142 577 1178 nihil
597 1143 640 1178 est
657 1144 810 1178 mundum
821 1171 830 1186 ‚
845 1155 918 1177 cum
930 1154 1030 1191 agunt
1042 1140 1287 1177 eitinfidelitate
1298 1171 1309 1187 ,
1327 1143 1370 1179 C.
1388 1157 1461 1179 cum

76 1191 213 1227 honeste
228 1203 330 1240 agunt
341 1221 351 1235 ,
369 1193 414 1227 Ν.

110 1242 188 1288 Qo
201 1241 332 1288 quidem
348 1241 448 1276 modo
460 1240 688 1290 intelligendus
701 1241 744 1276 est
766 1243 797 1276 S.
830 1239 984 1289 Prosper,
1003 1253 1076 1276 cum
1091 1244 1136 1276 ait
1150 1244 1183 1277 in
1201 1241 1345 1276 carmine
1365 1241 1405 1274 de
1418 1254 1460 1274 113-

73 1292 184 1338 gratis.
216 1289 320 1324 Omne
340 1292 453 1324 etenim
471 1289 641 1338 probitatis
652 1302 740 1339 opus,
753 1289 1023 1336 nifiscmineverae
1035 1294 1180 1324 exoritur
1183 1289 1264 1334 fidei
1273 1317 1281 1327 ,
1296 1299 1461 1337 peccatam

73 1339 132 1384 est,
149 1342 245 1386 inque
267 1350 388 1373 reatum
406 1342 551 1373 ver-titur
564 1367 574 1382 ‚
587 1338 624 1373 (ἒ
641 1340 758 1383 sterilis
775 1338 918 1372 cumulat
934 1337 997 1384 fibi
1013 1339 1119 1387 gloria
1130 1349 1266 1387 poemrm.

110 1389 147 1423 Id
164 1390 286 1435 quippe
301 1400 415 1422 verum
431 1387 553 1422 estcum
569 1387 707 1422 infidelis
732 1387 798 1421 haec
815 1399 913 1434 opera
927 1387 967 1420 ad
986 1386 1015 1421 se
1028 1415 1038 1429 ‚
1060 1399 1095 1422 ut
1113 1388 1153 1421 ad
1186 1387 1337 1421 ultimum
1361 1386 1459 1422 finem

74 1436 176 1472 refert
189 1464 198 1479 ,
212 1447 316 1482 eaque
332 1437 468 1470 omnino
492 1433 549 1469 fibi
569 1436 712 1470 vindicat
735 1449 742 1470 :
760 1446 827 1469 tum
845 1437 931 1468 cuim
947 1447 984 1468 ea
1001 1447 1102 1482 pravo
1125 1434 1243 1470 affeetu
1261 1439 1438 1483 corrumpit
1454 1450 1460 1469 ς

73 1498 141 1520 non
155 1487 265 1532 utique
284 1496 358 1518 cum
382 1484 411 1517 id
431 1485 571 1518 maxime
581 1486 703 1532 cogitat
713 1513 723 1526 ,
737 1495 771 1517 ut
785 1494 960 1530 pauperum
972 1511 982 1525 ,
993 1482 1085 1517 verbi
1096 1486 1198 1531 gratia
1213 1512 1222 1526 ‚
1245 1484 1374 1531 egestati
1394 1485 1461 1518 suc-

60 1545 178 1568 currat
194 1561 203 1576 ,
220 1544 273 1568 aut
287 1532 504 1581 quodfjustum
518 1533 571 1576 est,
584 1538 616 1569 &
631 1534 748 1567 rationi
760 1530 1011 1566 consentaneum
1022 1543 1192 1579 operetur:
1206 1543 1305 1579 atque
1316 1543 1352 1565 ut
1366 1535 1412 1566 ait
1426 1534 1458 1566 S.

17 1587 20 1610 ¹
72 1582 206 1631 Prosper
221 1611 231 1625 ,
246 1594 318 1616 cuni
337 1593 375 1615 ex
390 1580 541 1616 felicibus
555 1592 674 1616 naturae
689 1582 854 1629 principiis
865 1593 930 1614 non
940 1582 1078 1615 omnino
1095 1583 1249 1628 corruptis
1260 1609 1269 1623 ‚
1295 1586 1327 1616 &
1340 1592 1377 1614 ex
1395 1584 1461 1628 pri-

75 1644 131 1666 mo
147 1643 265 1666 naturae
281 1630 405 1665 honore
419 1631 494 1678 agit.
516 1631 578 1664 Sed
590 1631 719 1677 quando
731 1642 811 1664 vana
824 1627 864 1663 sui
886 1626 1084 1677 persuasione
1100 1640 1220 1671 tumet,
1251 1641 1320 1664 tum
1345 1629 1462 1663 vitiosi.

66 1681 118 1716 est
134 1679 189 1715 illa
202 1679 358 1727 sapientia
371 1708 380 1722 ,
393 1691 457 1726 qua
471 1681 502 1713 in
517 1678 546 1713 se
563 1679 738 1727 gloriatur,
755 1690 789 1713 ut
802 1678 920 1712 codem
946 1676 1020 1712 loco
1038 1677 1152 1712 diserte
1173 1677 1314 1725 explicat
1325 1706 1334 1719 ‚
1364 1691 1462 1723 quam

63 1730 201 1778 speciosi:
213 1727 342 1773 fibiest,
361 1728 397 1762 (ᾗ
414 1740 511 1774 quam
529 1729 668 1774 vanescit
681 1731 714 1762 in
734 1727 806 1775 ipfis
820 1742 829 1760 .·
843 1737 906 1773 quae
920 1726 993 1759 licet
1016 1739 1054 1759 ex
1067 1729 1169 1775 primo
1190 1737 1306 1760 natur-2
1322 1725 1461 1760 habean-

75 1788 132 1812 tur
142 1777 252 1810 honore
264 1804 274 1816 ‚
293 1787 355 1810 non
371 1786 476 1810 tamen
495 1777 540 1810 ad
553 1789 662 1810 veram
676 1778 796 1824 possunt
810 1773 982 1823 perducere
994 1776 1110 1810 vitam.

108 1824 297 1872 Responderi
324 1825 422 1858 etiam
446 1825 548 1871 potest
570 1828 678 1860 Deum
701 1824 814 1858 saltem
835 1822 992 1870 implicite
1008 1828 1042 1860 &
1067 1822 1198 1858 confuse
1222 1821 1264 1856 ab
1277 1820 1461 1857 infidelibus

74 1873 224 1922 cognosci
247 1885 303 1921 per
319 1872 426 1920 legem
445 1872 625 1908 naturalem
639 1902 647 1916 ,
659 1886 728 1920 quae
746 1873 789 1906 est
807 1871 885 1919 legis
903 1883 1026 1906 aeternae
1053 1873 1201 1919 quaedam
1235 1873 1441 1919 participatio
1453 1900 1461 1910 ‚

76 1927 110 1959 δέ
128 1923 237 1958 lumen
259 1922 361 1956 divini
377 1921 483 1956 vultus
504 1920 659 1970 signatum
673 1924 706 1956 in
722 1919 884 1956 mentibus
905 1921 1015 1955 nostris
1031 1937 1040 1961 3
1057 1922 1142 1955 unde
1163 1919 1368 1967 &implicite
1391 1932 1463 1967 age-

75 1982 110 2005 re
124 1969 248 2020 possunt
269 1982 402 2019 propter
429 1973 557 2014 Deum,
579 1983 651 2006 curn
666 1982 767 2018 agunt
782 1980 914 2018 propter
928 1969 1132 2004 honestatem
1154 1967 1328 2011 moralem,
1347 1970 1464 2003 verita-

76 2030 145 2055 tem
168 2048 185 2063 ‚.
206 2019 397 2067 sapientiam
423 2036 433 2062 3
455 2017 507 2054 stu
528 2022 605 2067 quia
631 2020 663 2053 id
677 2020 796 2067 Justum
821 2018 864 2052 est
882 2045 892 2060 ,
930 2023 964 2054 δε
981 2019 1076 2052 ῐεὲὶπι
1104 2020 1220 2052 rationi
1252 2019 1462 2054 conveniens.

77 2070 182 2104 Amor
200 2070 253 2102 iste
274 2068 402 2115 just'tiae
431 2069 585 2102 naturalis
615 2068 655 2102 fic
675 2066 862 2104 infidelibus
889 2071 923 2103 &
946 2067 1066 2114 injustis
1091 2064 1186 2101 inelse
1206 2066 1334 2115 potest,
1353 2078 1388 2100 ut
1411 2071 1462 2113 ju-

14 2118 16 2125 ’
61 2117 139 2152 -stos
169 2130 236 2152 non
257 2117 362 2152 faciat.
399 2119 488 2153 Nam
509 2130 583 2152 eum
602 2130 746 2152 amorem
769 2116 937 2164 cupiditati
961 2115 1151 2164 plerumque
1165 2115 1195 2149 su
1218 2118 1345 2162 ficiunt,
1362 2120 1396 2151 &
1411 2114 1463 2149 sae-

78 2168 150 2213 pius
180 2167 332 2214 justitiam
350 2177 460 2200 amant
475 2168 574 2214 magis
591 2168 624 2200 in
656 2165 723 2200 :iliis
738 2178 837 2213 qufni
852 2166 885 2198 in
907 2163 1019 2212 seipsis,
1043 2164 1107 2198 Sed
1126 2164 1157 2197 id
1175 2177 1241 2198 non
1258 2163 1365 2197 obstat
1380 2176 1463 2210 quo-

81 2215 183 2248 minus
209 2214 385 2261 aliquando
404 2215 472 2260 justi
511 2221 544 2252 δε
576 2214 704 2250 honesti
726 2226 836 2249 amore
861 2212 1012 2261 quasdam
1035 2213 1176 2247 aetiones
1197 2223 1330 2246 exerant
1347 2240 1357 2254 ‚
1390 2225 1462 2260 qua:

80 2261 176 2296 bonae
190 2261 277 2301 sunt,
293 2276 359 2298 non
378 2265 562 2299 meritotiae.

115 2311 201 2358 Opp.
219 2313 458 2358 4.Praeceptum
477 2312 556 2347 illud
575 2311 738 2346 referendi
759 2324 872 2346 omnes
883 2312 1028 2346 afflones
1044 2312 1075 2344 in
1086 2313 1193 2345 Deum
1207 2338 1216 2352 ,
1235 2308 1381 2344 naturale
1398 2323 1464 2345 non

80 2357 142 2394 effe
164 2387 175 2402 ,
209 2371 315 2406 neque
337 2371 452 2396 cinnes
482 2360 629 2398 liontincs
656 2360 850 2410 adstringere
929 2372 1002 2395 curn
1042 2370 1200 2407 fi‘accpta
1232 2357 1389 2392 mimalia
1404 2358 1465 2395 sint

1147 2407 1243 2444 Ddd
1279 2408 1298 2453 ij

879 2390 890 2405 ³
