1857 2745
500 109 568 147 DE
615 106 1109 145 PRAEmCAMENTiS.
1424 125 1455 146 ιι

98 172 222 212 ,nquam
231 171 302 210 quae
316 160 437 208 partim
450 172 471 193 o
495 158 686 206 aca‚partim
698 156 859 204 diaphana
869 156 1013 194 lucem&
1022 155 1208 193 transmittit
1223 160 1258 194 &
1268 126 1478 195 reflectunt-f

105 223 169 260 que
186 210 255 246 haec
264 209 304 243 de
317 219 451 256 corpore
462 171 605 255 siinplici.

138 259 264 306 Corpus
275 259 415 293 mixtum
425 256 514 304 quod
532 255 704 290 elementis
714 255 836 290 constat
847 284 857 299 ,
870 267 925 291 aur
941 255 985 291 est
997 254 1230 303 imperfeffiim
1245 283 1255 295 ‚
1272 269 1348 291 cum
1360 253 1478 291 scilicet

99 307 166 342 duo
178 319 232 342 aut
242 306 333 355 plura
341 308 456 340 co'e'unt
472 304 635 340 elementa
652 303 736 338 male
757 304 929 354 colligata:
944 309 1035 353 cujus
1048 307 1174 353 generis
1190 304 1263 340 sunt
1277 305 1416 348 halitus,
1430 306 1486 352 qui

109 368 150 392 ex
170 366 251 390 terra
265 365 439 403 erumpunt
451 382 460 393 ,
478 359 512 391 &
523 367 562 388 ex
579 351 698 400 quibus
719 365 757 387 ea
779 366 841 401 quq
858 354 1005 389 dicuntur
1026 364 1185 396 meteora,
1200 366 1236 388 ut
1249 353 1486 402 pluvie,nube5‚

99 404 327 454 nix,grando,
344 415 480 446 ventus,
506 409 538 440 δε
557 401 618 436 alia
633 401 723 450 hujus
747 404 873 449 generis
896 402 1167 445 formantur3vel
1191 405 1328 439 mixtum
1349 414 1387 436 ex
1415 415 1488 436 om.

100 453 195 491 nibus
212 453 384 487 elementis
404 454 546 487 arctiore
563 462 650 486 nexu
667 453 752 486 inter
765 451 796 487 se
813 452 974 488 devinctis
989 452 1197 499 componitur
1208 479 1219 495 ‚
1247 463 1382 499 tumque
1403 453 1489 486 mix-

106 513 179 538 tum
201 501 382 550 perfectum
402 504 574 536 vocitatur.

135 551 212 586 Hoc
221 553 336 597 utique
353 549 471 597 duplex
483 578 493 594 ‚
505 552 618 586 vivens
634 552 668 585 ὃ(
682 549 899 585 inanimatum
912 563 920 585 :
931 549 1020 598 quod
1038 551 1104 594 vite
1116 548 1159 583 est
1169 559 1282 598 expers
1291 577 1300 593 ,
1313 559 1370 584 aut
1386 560 1429 585 ex
1443 550 1488 583 vi·

104 597 258 634 ventibus
271 600 420 640 oritur,ut
438 597 497 642 lac,
509 611 591 642 cera,
607 595 759 642 sericum,
770 600 885 634 vinum
898 628 908 642 ‚
923 604 956 636 &
969 599 1031 634 alia
1048 598 1140 645 huJ'us
1158 601 1284 646 generis
1302 597 1388 633 bene
1406 597 1490 633 mul-

102 658 136 683 ta
150 664 159 691 3
175 658 230 681 aut
240 659 280 681 ex
291 645 478 682 viventibus
489 662 555 684 non
568 644 800 696 proficiscitur,
816 648 906 694 quod
929 650 964 683 in
981 649 1068 682 varia
1087 648 1204 680 iterum
1223 659 1343 696 genera
1363 646 1490 681 diduci-

103 707 162 732 tur.
183 697 335 742 Precipua
352 694 421 730 sunt
431 695 521 745 lapis,
531 698 590 744 qui
601 695 648 729 est
661 694 785 743 fragilis
797 701 831 732 &
845 697 939 730 durus
954 713 963 740 ;
978 693 1148 731 metallum
1159 723 1169 739 ‚
1186 697 1275 742 quod
1295 697 1413 731 durum
1428 695 1488 738 est,

96 743 267 782 &duffile
289 760 298 787 3
313 742 394 778 succi
405 748 611 788 concreti,ut
625 741 669 776 sal
678 741 1160 792 foffilis‚sulphur‚vitriolum‚&
1172 744 1234 778 alia
1252 745 1345 793 hujus
1363 747 1487 794 generis

104 804 274 828 mnumera

144 843 291 876 Mixtum
303 844 480 877 animatum
493 852 549 876 aut
563 841 609 876 est
625 841 726 878 sensus
745 855 857 892 expers
870 871 879 887 ‚
895 854 931 877 ut
943 841 1052 891 plante
1068 872 1078 886 ,
1100 854 1156 878 aut
1178 842 1279 878 sensus
1299 845 1462 892 particeps
1477 870 1487 884 ‚

103 901 140 925 ut
149 889 267 925 animal
285 909 294 934 3
308 890 489 939 plautatum
499 895 532 926 &
543 891 731 926 animalium
748 894 834 926 varia
843 904 962 939 genera
979 891 1112 939 longum
1123 890 1201 926 esset
1211 904 1398 927 enumerare
1407 920 1416 934 ‚
1429 904 1487 925 ea-

101 950 166 985 que
180 941 291 973 omnia
310 940 511 974 commodius
541 938 739 986 explicantur
755 942 787 975 in
804 938 954 988 Physica:
975 951 1015 973 ea
1038 950 1167 973 tantum
1187 940 1249 974 hoc
1266 940 1340 975 loco
1363 940 1482 974 leviter

102 988 261 1035 attingere
274 987 432 1022 voluimus
443 1017 454 1032 ‚
470 999 507 1022 ut
518 986 651 1036 planum
664 987 757 1023 fieret
768 1001 832 1036 qua
850 991 977 1023 tatione
992 999 1042 1022 res
1060 999 1192 1035 queque
1204 989 1254 1026 ad
1276 987 1363 1024 suum
1383 999 1484 1036 genus

102 1037 247 1072 revocari
261 1035 387 1085 poffint.

550 1086 594 1132 Q
612 1087 648 1123 U
680 1089 717 1120 AE
740 1088 761 1120 S
782 1088 813 1121 T
841 1086 854 1117 1
881 1087 916 1120 O
956 1087 994 1119 11.

651 1150 705 1184 De
723 1151 918 1197 quantitate.

105 1232 351 1316 PRoximum
367 1230 410 1265 est
420 1242 455 1266 ut
465 1231 589 1279 reliqua
604 1231 853 1280 praedicamenta
865 1242 905 1265 ex
919 1229 1032 1265 ordine
1046 1230 1260 1267 decurramus,
1284 1233 1366 1267 Haec
1376 1235 1487 1281 utique

171 1282 281 1315 omnia
303 1282 385 1315 inter
402 1281 583 1316 accidentia
608 1292 816 1315 numerantur
830 1308 840 1322 ‚
857 1279 910 1314 vel
932 1279 1020 1326 quod
1037 1280 1214 1316 inhaereant
1231 1279 1407 1317 substantiae
1427 1312 1436 1326 ‚
1451 1294 1489 1317 ut

103 1330 268 1377 quantitas
279 1327 457 1377 &qualitas
473 1342 560 1377 ,quae
580 1329 699 1364 idcirco
710 1329 889 1363 accidentia
906 1327 1039 1375 Physica
1049 1329 1114 1363 dici
1124 1329 1227 1364 solent
1240 1345 1247 1372 3
1260 1330 1311 1364 vel
1325 1331 1416 1376 quod
1431 1343 1484 1365 ac-

103 1378 245 1412 cidentia
255 1376 314 1412 [int
328 1379 431 1425 logica
441 1407 451 1421 ,
467 1390 541 1426 quae
551 1376 653 1413 adeffe
668 1383 702 1415 &
714 1376 819 1412 abess'e
839 1375 965 1425 possunt
974 1379 1056 1412 citra
1072 1377 1209 1426 subjeffl
1229 1380 1393 1414 interitum
1405 1397 1414 1423 ·,
1424 1392 1480 1415 aut

105 1437 193 1460 certe
208 1425 422 1475 metaphysica
440 1455 449 1469 ,
467 1439 534 1474 quae
549 1425 671 1461 scilicet
688 1426 729 1460 ad
747 1424 912 1461 essentiam
933 1428 978 1459 rei
995 1439 1062 1462 non
1080 1429 1245 1475 pertinent
1260 1457 1269 1471 ‚
1285 1432 1370 1475 cujus
1383 1440 1485 1476 gene,

107 1476 150 1508 ris
161 1472 222 1508 effe
236 1474 349 1509 ultima
366 1474 615 1521 praedicamenta
630 1475 774 1521 plerique
791 1473 997 1508 arbitrantur.
1023 1477 1136 1522 ltaque
1151 1476 1192 1509 de
1214 1478 1394 1522 quantitate
1407 1488 1484 1511 ante

106 1523 219 1557 omnia
240 1522 398 1569 agendum
416 1549 426 1563 ,
442 1534 514 1568 quae
534 1524 617 1556 inter
634 1523 811 1556 accidentia
823 1524 943 1569 primas
955 1532 1065 1564 tenet,
1079 1534 1116 1556 ac
1132 1526 1299 1557 materiam
1317 1522 1485 1569 consequi.

109 1580 159 1603 tur
171 1598 180 1612 ‚
195 1580 230 1603 ut
245 1569 381 1616 qualitas
395 1581 432 1602 ex
456 1569 561 1604 forma
576 1571 654 1603 oriri
668 1569 767 1617 vulgo
784 1570 921 1603 creditur
936 1583 944 1604 :
963 1571 1103 1616 primum
1125 1571 1203 1617 quid
1228 1583 1265 1605 ea
1280 1570 1334 1614 sit,
1349 1583 1484 1619 quaeque

111 1616 170 1652 sint
182 1617 266 1652 illius
286 1619 499 1666 proprietates
510 1618 647 1661 ‚deinde
664 1630 732 1665 quae
748 1616 832 1652 illius
848 1616 965 1666 species
979 1644 992 1660 ,
1008 1618 1140 1654 tandem
1152 1631 1221 1667 quae
1238 1620 1278 1655 ad
1295 1623 1484 1669 quantitatis

108 1668 309 1715 categoriam
325 1668 509 1715 pertineant
530 1678 734 1713 exequemur·

437 1749 467 1784 A
489 1747 819 1784 RT1CULUS
872 1748 1132 1787 PRIMUS.

491 1828 580 1876 Quid
596 1828 643 1873 fit
656 1829 841 1874 quantitas,
865 1828 904 1864 ὠ·
924 1829 1108 1878 quotuplex.

113 1907 360 2004 QUantum
378 1913 412 1945 δε
421 1909 516 1955 quale
529 1908 600 1944 sunt
614 1909 756 1956 quaedam
771 1910 1040 1957 interrogationes
1049 1937 1060 1952 ,
1075 1909 1230 1957 quodque
1249 1912 1287 1945 iis
1299 1911 1482 1959 responderi

211 1957 303 2000 solet,
315 1959 472 2004 quantitas
483 1959 598 1992 dicitur
606 1987 615 2001 ,
626 1969 683 1992 aut
695 1956 839 2005 qualitas.
854 1958 919 1992 Sed
930 1969 1040 1993 tamen
1048 1970 1113 1992 vox
1132 1957 1186 1993 illa
1197 1988 1207 2001 ,
1224 1971 1377 2007 quantum
1387 1989 1397 2004 ,
1414 1974 1481 1998 non

111 2017 179 2040 uno
194 2007 292 2040 modo
309 2008 462 2054 accipitur
481 2021 489 2043 z
505 2019 580 2042 narn
594 2007 634 2041 de
647 2018 681 2040 re
699 2019 893 2054 quacunque
908 2009 1104 2055 interrogate
1123 2006 1281 2054 poss'umus
1298 2020 1418 2056 quanta
1432 2009 1481 2053 fit,

112 2052 175 2089 five
185 2053 222 2089 fit
234 2054 377 2103 spiritalis
387 2083 397 2098 ,
411 2053 473 2089 five
486 2068 660 2103 corporea3
676 2054 845 2090 substantia
862 2068 916 2091 aut
931 2056 1089 2092 accidens.
1104 2057 1158 2090 Sic
1175 2057 1309 2091 dicimus
1337 2070 1482 2094 mentem

112 2115 265 2151 magnam
275 2133 285 2147 ,
294 2115 347 2138 aut
360 2103 524 2140 scientiam
539 2121 549 2148 ς
568 2109 602 2140 &
617 2108 691 2140 Deo
706 2103 760 2152 ipsi
773 2105 1025 2153 magnitudinem
1037 2104 1217 2142 tribuimus,
1230 2108 1405 2153 Qantitas
1418 2109 1483 2142 ita-

112 2163 178 2198 que
193 2151 324 2187 sumitur
337 2152 510 2199 aliquando
521 2166 579 2201 pro
589 2153 810 2201 magnitudine
821 2153 1041 2201 cujuscumque
1056 2154 1264 2202 perfeetionis
1275 2172 1283 2198 3
1294 2167 1425 2202 tumque
1436 2157 1482 2190 di.

114 2201 194 2234 citur
210 2202 370 2248 quantitas
383 2203 517 2236 virtutis.
540 2202 603 2237 Sed
620 2204 747 2249 proprie
760 2204 911 2251 accipitur
924 2216 981 2248 pro
998 2204 1042 2237 rei
1055 2215 1212 2250 corporeae
1224 2202 1416 2248 extensione,
1426 2216 1480 2240 aut

114 2248 162 2282 tei
173 2249 306 2285 extensae
316 2251 536 2298 magnitudine
545 2280 555 2294 ‚
570 2262 675 2297 eaque
692 2251 756 2284 dici
766 2249 845 2286 solet
854 2254 1014 2299 quantitas
1025 2251 1125 2286 molis.

151 2295 235 2329 Cum
246 2309 352 2332 autem
362 2300 573 2347 interrogatio
587 2298 655 2334 fieri
672 2298 769 2334 soleat
782 2300 821 2335 de
841 2313 904 2335 una
920 2313 954 2335 re
967 2329 976 2343 ,
993 2312 1048 2335 aut
1068 2300 1107 2334 de
1126 2299 1252 2336 multis:
1271 2301 1344 2337 hinc
1362 2302 1478 2352 duplex

116 2341 215 2395 vulgo
228 2348 388 2391 quantitas
402 2346 530 2386 affertur
543 2363 551 2386 ι
563 2360 625 2385 una
645 2360 715 2396 qux
734 2349 778 2384 est
788 2352 834 2386 tei
847 2348 1048 2399 magnitudo,
1065 2361 1138 2384 curn
1152 2349 1261 2386 deuna
1277 2363 1313 2389 te
1325 2351 1363 2388 fit
1377 2354 1482 2397 inter!
