1857 2745
120 178 211 216 Proh.
223 193 249 217 2.
265 178 302 214 id
314 179 450 215 minime
463 191 622 228 repugnat
636 191 669 215 ut
678 179 792 214 eadem
806 190 854 213 res
869 183 934 227 jam
955 181 1089 215 existens
1110 179 1342 227 reproducatur
1360 149 1460 222 affl-⁷:

69 234 153 265 mam
168 230 272 278 potest
281 232 369 265 Deus
380 240 432 263 me
444 226 495 263 h'ic
506 229 667 263 destruere
679 257 690 272 ,
706 234 741 266 δε
755 229 871 263 Romae
880 239 914 262 re
939 229 1114 265 reducere:
1136 241 1215 278 ergo
1231 231 1346 279 potest
1357 236 1456 269 etiam

77 290 132 312 me
145 278 195 314 hic
203 277 389 314 conservare
406 306 416 321 ‚
429 282 463 314 &
476 278 591 311 Romae
611 278 832 326 reproducete.
854 241 958 313 Nulla
976 280 1064 313 enim
1086 278 1132 312 est
1148 282 1359 327 repugnantia
1378 285 1459 330 quin(

77 330 168 363 Deus
182 326 271 363 simul
283 332 317 364 &
328 327 527 374 conjunctim
538 325 637 361 faciat
647 355 658 370 ,
670 327 757 374 quod
775 324 908 361 seorsum
922 328 1025 374 potest
1036 325 1175 361 efficere.
1195 328 1357 375 Qamvis
1367 333 1457 367 enim

77 376 264 410 naturaliter
278 376 444 422 loquendo
461 387 508 408 res
525 374 639 411 eadem
656 388 712 424 per
734 387 830 410 unam
849 375 1014 410 &notionem
1033 374 1092 410 fiat
1103 403 1114 418 ,
1134 375 1215 410 nihil
1233 388 1342 413 tamen
1359 391 1457 427 repu-

75 435 157 508 girat·
166 426 336 472 quominus
350 436 407 472 per
420 423 583 473 duplice-m
597 451 608 467 ,
639 436 693 460 aut
717 423 932 473 multiplicem
951 425 1065 460 eadem
1078 424 1150 460 fieri
1166 453 1178 468 ,
1203 436 1260 460 aut
1284 430 1456 475 reproduci

102 483 122 507 o
148 484 182 508 it.

78 485 100 521 P
113 521 215 568 Qod
228 533 336 556 autem
352 521 524 557 Thomistae
536 533 657 570 negant
667 522 754 557 idem
773 534 888 571 corpus
906 520 996 557 simul
1006 523 1041 557 in
1062 521 1206 571 pluribus
1220 521 1299 558 locis
1319 525 1456 559 circum-

71 569 227 618 ·sctiptive
237 568 297 605 esse
309 569 396 619 poffe
408 599 418 614 ,
436 583 503 606 non
519 571 617 605 video
632 584 687 606 cur
698 569 856 606 difficilius
868 570 904 606 fit
914 574 989 607 Deo
1002 583 1115 620 corpus
1128 583 1201 607 cum
1223 570 1277 607 sua
1294 572 1455 608 extensio-

76 630 119 654 ne
129 621 162 653 in
174 618 279 654 multis
294 619 371 654 locis
395 620 589 654 constituere
603 648 612 662 ,
630 620 729 667 quam
747 619 908 669 Angelum
925 649 935 664 ‚
954 631 1010 655 aut
1029 622 1169 655 animam
1181 620 1396 665 rationalem3
1418 634 1456 656 ac

75 666 177 716 posita
194 667 247 702 illa
258 671 304 702 rei
322 667 460 716 ejusdem
471 668 644 716 multiplici
654 668 816 717 praesentia
826 698 837 712 ,
859 668 946 704 nulla
957 668 1001 703 est
1016 667 1183 704 difficultas
1195 671 1275 716 quin
1293 670 1409 705 eadem
1423 683 1457 705 ut

75 715 245 751 definitive
257 746 267 760 ‚
282 719 328 752 ita
340 716 610 766 circumscriptive
630 719 663 753 in
682 717 787 753 multis
800 717 879 752 locis
896 716 957 753 effe
967 717 1071 766 poffit.
1090 720 1179 755 Nam
1202 730 1316 766 corpus
1333 719 1456 754 Christi

75 767 214 800 Domini
228 766 271 800 est
290 768 323 800 in
337 766 413 800 caelo
431 765 699 814 circumscriptive
714 795 724 809 ‚
757 772 792 803 &
807 766 1016 802 nihilominus
1041 769 1077 802 in
1094 765 1202 802 saneto
1217 766 1323 801 altaris
1343 769 1457 802 Sacra-

78 825 190 849 mento
203 826 280 849 vere
303 819 336 850 &
359 813 487 848 realiter
509 812 642 862 praesens
671 815 724 852 est.
750 817 903 863 Qaeque
919 815 1063 851 adversus
1083 815 1298 864 multiplicem
1310 818 1455 865 corporis

73 864 109 898 in
129 864 222 897 variis
241 862 321 897 locis
338 861 607 911 circumscriptive
625 862 718 912 positi
739 862 937 912 praesentiam
954 862 1163 900 difficultates
1180 863 1354 900 afferuntur
1370 893 1380 909 ,
1409 864 1457 901 ha:

76 910 194 946 nullius
210 911 281 946 sunt
293 913 454 947 momenti
470 940 479 954 ,
494 923 565 946 cum
577 910 672 947 semel
686 913 716 946 id
730 911 816 960 posse
828 912 895 947 fieri
910 941 920 956 ‚
936 926 971 949 ut
986 914 1101 950 eadem
1118 925 1167 948 res
1178 941 1189 957 ,
1204 924 1260 948 aut
1283 914 1370 950 idem
1383 926 1455 949 cot-

76 971 133 1007 pus
143 959 312 1004 definitive
322 962 356 995 in
367 959 477 995 multis
496 959 574 995 locis
589 960 721 1005 existat,
736 959 919 996 concessum
933 962 989 997 est.

570 1046 752 1092 Dilnuiztur
772 1057 966 1105 objeHiones.

109 1154 195 1201 Qiae
210 1166 322 1190 contra
331 1154 435 1191 afferri
453 1155 557 1191 solent
569 1185 578 1198 ,
598 1153 725 1189 facilius
737 1152 883 1189 diffolves
898 1183 908 1197 ‚
931 1151 952 1187 fi
966 1154 1151 1188 memineris
1165 1154 1272 1201 primo
1289 1166 1349 1189 nec
1371 1155 1455 1191 divi-

75 1200 196 1238 {ionem
207 1232 217 1246 ‚
228 1216 289 1239 nec
298 1204 479 1240 distantiam
490 1206 617 1253 proprie
628 1203 749 1238 dietam
761 1201 821 1237 effe
831 1202 984 1239 nisiinter
998 1214 1046 1237 res
1059 1203 1196 1237 divetlas
1215 1220 1224 1247 3
1242 1216 1380 1250 cumque
1400 1217 1455 1239 ea-

78 1251 153 1286 dem
163 1252 207 1286 est
219 1264 288 1295 res,
303 1252 389 1287 nulla
399 1254 445 1288 est
454 1256 583 1302 proprie
601 1253 685 1287 dicta
708 1251 821 1287 divifio
842 1263 897 1286 aut
917 1251 1074 1287 distantia.
1096 1252 1246 1288 Secunde>
1258 1281 1268 1296 ,
1291 1252 1370 1287 nihil
1395 1252 1454 1287 ab.

78 1298 158 1334 surdi
176 1299 235 1336 effe
264 1300 285 1336 si
313 1302 400 1336 idem
426 1314 540 1350 corpus
569 1301 799 1349 reptoduffimm
820 1302 994 1336 contrarias
1015 1299 1186 1347 qualitates
1207 1303 1364 1349 excipiat,
1399 1314 1452 1336 ca-

77 1347 181 1383 lorem
193 1363 223 1385 v.
234 1363 282 1399 gr.
294 1355 327 1387 &
343 1350 450 1397 frigus,
463 1353 579 1387 Tertio
589 1350 837 1384 contradictoria
848 1350 888 1383 de
902 1349 1020 1383 eodem
1029 1349 1112 1391 dici,
1123 1353 1157 1385 &
1168 1348 1339 1384 secundum
1354 1351 1452 1386 idem:

77 1408 151 1431 cum
164 1410 272 1433 autem
285 1398 456 1433 secundum
476 1397 611 1433 diversas
624 1398 764 1432 tationes
777 1396 952 1432 afferuntur
964 1424 975 1440 ,
992 1399 1120 1444 proprie
1130 1409 1196 1432 non
1210 1395 1281 1433 sunt
1290 1399 1452 1433 contradi-

78 1446 191 1481 &otim
204 1447 290 1481 Cum
302 1448 397 1493 igitur

114 1495 197 1542 Opp.
211 1509 234 1530 1.
251 1494 316 1530 Effe
328 1497 359 1529 in
376 1494 448 1529 loco
464 1494 731 1542 circumscriptive
744 1493 791 1527 est
801 1495 845 1527 ita
857 1490 916 1527 esse
929 1494 960 1528 in
973 1493 1047 1528 loco
1060 1523 1069 1537 ‚
1084 1505 1119 1528 ut
1133 1492 1178 1527 illi
1198 1491 1232 1528 fit
1246 1494 1367 1542 aequale
1380 1509 1387 1530 :
1400 1495 1452 1531 sed

74 1554 194 1590 corpus
213 1544 301 1591 quod
327 1544 368 1578 est
389 1546 542 1587 Lutetiae‚
562 1542 583 1578 si
608 1545 694 1578 idem
721 1540 758 1576 fit
770 1542 908 1585 Romae,
932 1540 985 1577 suo
1003 1542 1075 1577 loco
1092 1555 1161 1577 non
1174 1541 1380 1590 aequabitur:
1401 1557 1452 1580 er-

79 1604 123 1640 go
138 1596 198 1628 δερ.

110 1641 196 1688 Resp.
208 1653 278 1688 neg.
289 1644 364 1675 min.
385 1640 433 1676 1².st
446 1642 533 1675 enim
551 1639 673 1688 semper
689 1639 808 1687 aequale
822 1639 877 1675 suo
893 1639 980 1677 loco.

118 1692 238 1723 Contra
255 1691 414 1735 inquiunt.
431 1688 510 1724 Illud
523 1689 567 1724 est
579 1687 848 1737 circumscriptive
867 1691 902 1725 in
922 1689 995 1725 loco
1006 1690 1118 1738 ‚quod
1136 1700 1224 1725 extra
1234 1689 1321 1725 hunc
1343 1690 1453 1726 locum

75 1739 332 1785 nonseperitur.

116 1786 201 1832 Resp.
214 1787 243 1819 id
255 1785 367 1821 falsum
385 1786 444 1822 esse
456 1816 464 1829 ,
479 1791 511 1822 &
523 1785 699 1834 supponere
712 1785 800 1833 quod
811 1784 1016 1834 probandum
1042 1787 1095 1822 est.
1114 1789 1203 1823 Nam
1213 1787 1245 1821 id
1260 1790 1293 1823 in
1315 1786 1389 1822 loeo
1412 1789 1455 1824 est

79 1833 350 1882 circumscriptive
361 1864 370 1878 ,
387 1836 475 1883 quod
489 1834 527 1869 sic
545 1846 649 1869 totum
663 1836 785 1882 replet,
805 1846 843 1869 ut
860 1847 966 1883 partes
982 1835 1065 1870 illius
1082 1834 1226 1884 partibus
1243 1835 1308 1870 loci
1325 1836 1456 1885 respon-

80 1883 179 1917 deant
191 1911 200 1925 ,
217 1883 279 1917 five
293 1895 386 1918 extra
403 1897 476 1919 eum
495 1883 603 1918 locum
617 1895 674 1931 per
689 1883 974 1931 reproduRionem
991 1883 1069 1928 fiat,
1096 1883 1161 1920 ssve
1182 1898 1258 1921 non.
1274 1886 1362 1920 Hinc
1382 1897 1455 1920 cor-

81 1943 138 1979 pus
168 1931 288 1967 Christi
310 1933 352 1967 est
372 1931 640 1981 circumscriptive
659 1933 692 1967 in
709 1931 895 1976 cae10,{icet
914 1932 1003 1969 fimul
1019 1932 1106 1970 sitin
1122 1932 1210 1969 sacro
1227 1933 1333 1969 altatis
1345 1936 1456 1969 Sacra-

81 1992 205 2015 mento.

116 2029 200 2078 Opp.
223 2048 249 2069 2.
269 2033 302 2065 Si
322 2031 407 2066 idem
430 2043 542 2079 corpus
563 2027 638 2064 esset
655 2029 742 2067 simul
761 2034 795 2068 in
810 2031 980 2080 multiplici
988 2030 1062 2066 loco
1075 2059 1085 2074 ,
1118 2030 1289 2081 multiplex
1307 2031 1395 2067 foret
1413 2031 1453 2066 il-

81 2077 140 2113 lius
160 2078 297 2114 extenfio
311 2109 320 2123 ‚
338 2092 434 2128 atque
446 2081 527 2114 adeo
544 2082 704 2126 quantitas
718 2081 804 2116 illius
818 2079 895 2116 esset
910 2080 1078 2129 multiplex
1098 2095 1105 2116 :
1119 2082 1207 2128 quod
1224 2080 1404 2118 absurdum,

116 2127 204 2175 Resp.
218 2128 309 2164 Nihil
321 2128 447 2163 absurdi
458 2127 518 2163 effe
527 2127 547 2162 si
563 2127 775 2177 multiplicem
787 2129 1006 2165 extensionem
1016 2128 1360 2164 admittamus:tametfi
1370 2130 1455 2164 idem

83 2174 129 2207 est
147 2176 309 2211 extensum
322 2206 331 2220 ‚
343 2183 376 2213 &
390 2180 504 2212 eadem
519 2179 698 2224 quantitas:
720 2181 859 2214 maxime
870 2178 890 2213 fi
902 2177 1043 2216 extensio
1052 2177 1096 2213 stt
1116 2179 1261 2214 distineta
1283 2178 1304 2213 ὲ
1324 2180 1456 2225 quanti-

83 2234 160 2258 tate.
179 2225 246 2270 Qi
257 2238 366 2262 autem
377 2239 449 2261 eam
463 2240 530 2261 non
551 2225 749 2274 distinguunt
761 2256 769 2268 ‚
792 2228 891 2262 iidem
905 2227 1096 2275 respondent
1108 2239 1204 2262 unam
1221 2224 1282 2261 effe
1297 2225 1454 2262 extensio-

83 2283 170 2314 nem,
179 2283 213 2305 ut
222 2285 319 2307 unum
332 2276 378 2309 est
391 2273 555 2310 extensum
570 2289 577 2309 :
594 2272 645 2308 sed
664 2278 749 2322 prior
764 2275 878 2312 solutio
900 2276 1028 2311 facilior
1040 2276 1094 2309 est.

119 2320 203 2365 Ορρ.
214 2334 235 2363 3.
245 2321 333 2356 idem
351 2323 427 2358 effer
440 2323 574 2357 divisum
586 2322 606 2357 ἐι
616 2322 725 2372 seipso.
1438 2358 1442 2362 ,

121 2367 208 2415 RrsJD.
218 2369 248 2402 id
259 2372 491 2418 neg-indofium
506 2369 616 2406 divisio
626 2371 662 2407 fit
675 2377 764 2410 unius
774 2373 815 2409 ab
828 2373 900 2417 alio,
914 2386 1014 2409 unum
1029 2371 1108 2409 vero
1125 2377 1157 2409 &
1174 2371 1260 2406 idem
1272 2371 1331 2407 effe
1343 2371 1449 2420 suppo·

87 2416 205 2452 nimus-
1130 2421 1165 2463 Q
1177 2432 1198 2468 (l
1213 2433 1235 2468 (Ι
1261 2422 1292 2469 iil
