1857 2745
295 166 334 193 20
702 144 1269 189 ῑΝςτττστῙΟΝες

329 201 432 249 Qiod
445 209 480 234 ut
491 197 604 232 clarius
616 195 673 231 fiat
689 224 694 233 ‚
719 197 897 233 notandum
914 199 975 242 est,
988 201 1160 247 quaestione
1170 202 1279 250 aliqua
1294 200 1507 252 propositam.
1519 216 1550 253 g.
1567 216 1606 239 an
1620 215 1683 239 ter-

296 266 332 288 ra
353 251 389 286 sit
406 248 540 283 rotunda
552 275 561 288 ,
583 247 661 280 duos
672 243 732 281 eise
742 258 905 281 extremos
925 248 1151 296 propositionis
1167 255 1343 296 terminos,
1360 264 1478 287 terram
1490 255 1683 290 &totundi-

296 314 396 337 tatem
406 328 416 342 ‚
430 296 607 345 subjectum
621 297 774 331 nimirum
791 301 824 332 ὃ(
839 296 1053 334 attributum:
1074 299 1258 336 dubitamus
1272 315 1352 336 veto
1365 315 1406 337 an
1420 300 1456 336 sit
1473 302 1583 350 aliqua
1598 305 1682 338 inter

294 362 348 384 eos
367 349 522 383 terminos
541 346 768 388 connexio,·an
786 344 942 380 videlicet
959 358 1046 382 tertae
1056 350 1234 385 rotunditas
1248 354 1434 387 conveniat.
1446 354 1682 387 Inveniendum

293 402 403 446 iraque
417 396 511 432 nobis
523 397 566 429 est
579 406 806 443 argumentum
818 423 828 438 ,
842 393 893 428 seu
906 396 1030 430 medius
1049 401 1202 433 terminus
1219 402 1277 447 qui
1294 414 1367 435 curii
1381 413 1521 448 utroque
1535 404 1683 448 quaestio-

293 451 341 484 nis
356 445 522 497 propositae
535 457 682 480 exitremo
696 442 834 478 seorsum
848 446 892 478 ita
902 449 1052 494 jungatur
1069 449 1104 482 in
1128 448 1308 496 praemiffis,
1328 462 1364 485 ut
1396 462 1542 485 extrema
1561 450 1627 499 ipia
1649 453 1683 486 in

293 497 496 533 conclusione
516 497 598 530 inter
611 494 640 528 se
660 505 813 530 maneant
825 494 1125 543 <leoninamque
1141 497 1200 532 fiet
1213 499 1374 535 conclusio
1395 511 1482 534 certa
1499 529 1508 543 ‚
1537 512 1606 547 quae
1625 513 1683 536 an-

292 559 325 582 te
342 558 410 581 erat
425 545 553 594 quaestio
577 547 712 579 incerta.

327 596 459 632 Medius
474 593 528 628 ille
544 596 697 629 terminus
713 622 722 637 ,
740 593 795 628 vel
810 603 1037 642 argumentum
1053 594 1224 644 multiplex
1251 594 1312 631 effe
1335 598 1454 646 potest:
1479 608 1514 631 ut
1537 599 1570 631 in
1582 597 1683 633 allato

291 645 442 694 exemplo
457 654 684 692 argumentum
703 641 793 690 quod
817 654 899 677 terra
920 641 956 677 fit
982 644 1215 681 rotundarhinc
1244 644 1324 680 sumi
1344 647 1464 695 potest,
1487 645 1577 693 quod
1597 645 1682 680 illius

291 694 409 731 umbra
419 697 451 729 in
461 693 648 728 defectione
659 722 669 737 ‚
682 691 734 726 seu
747 695 781 726 in
799 690 905 740 eclipsi
920 692 1002 727 lunae
1016 691 1053 728 fit
1061 695 1198 730 totrmda
1212 709 1227 730 ¹:
1242 708 1316 730 nam
1331 695 1445 730 umbra
1457 694 1590 744 figuram
1602 708 1683 743 opa-

291 749 322 780 ci
334 747 476 794 corporis
492 744 638 778 imitatur
654 757 662 778 z
683 740 787 790 sicque
811 740 1009 789 syllogismus
1026 742 1144 778 confici
1159 744 1272 792 potest'.

436 828 563 874 Corpus
578 829 667 873 cujus
680 823 795 859 umbra
809 824 851 857 est
861 824 1017 867 rotunda,
1030 825 1072 859 est
1087 826 1201 860 itidem
1223 825 1329 874 figurae
1346 826 1487 861 rotunda:
1501 841 1507 861 τ

434 876 499 909 Sed
512 873 627 908 umbra
639 874 759 908 telluris
771 873 812 906 est
823 874 958 907 rotunda
971 902 980 915 ,
996 877 1054 917 (ut
1071 886 1161 921 patet
1178 878 1208 910 in
1223 875 1300 910 lunae
1318 874 1442 924 eclipsi:
1458 878 1468 917 )

433 927 516 972 Ergo
533 935 615 957 terra
631 923 674 956 est
683 934 817 969 quoque
829 920 934 969 figura*
955 923 1109 958 rotundae.

327 993 439 1036 Qare
455 1001 520 1023 non
536 987 734 1035 syllogismus
750 986 875 1022 tantum
892 1016 902 1029 ‚
922 987 974 1022 sed
989 990 1089 1022 etiam
1105 992 1210 1023 omnis
1234 989 1470 1036 argumentatio
1499 1000 1537 1023 ex
1557 989 1682 1027 duobus

288 1038 487 1087 potiffimum
496 1037 634 1077 constat,
653 1047 692 1068 ex
709 1036 924 1069 antecedente
936 1039 1088 1070 nimirum
1106 1065 1115 1079 ,
1131 1043 1164 1073 &
1177 1035 1404 1084 conseqriente.

312 1087 405 1121 rlllud
417 1087 522 1121 notius
543 1083 603 1119 effe
620 1083 721 1117 debet
735 1089 768 1119 δε
781 1082 893 1117 clarius
906 1098 913 1119 ε
926 1096 964 1118 ex
978 1097 1017 1118 eo
1037 1087 1160 1134 quippe
1175 1087 1205 1120 id
1234 1098 1344 1120 manat
1370 1087 1460 1134 quod
1484 1087 1681 1135 consequens

291 1137 430 1179 dicitur,
446 1146 500 1169 aut
516 1131 686 1169 conclusio.
707 1133 908 1168 Antecedens
929 1136 961 1168 in
975 1132 1159 1182 syllogismo
1178 1135 1298 1183 duplici
1314 1135 1531 1184 propositione
1550 1138 1681 1174 constat.

292 1187 374 1233 Qae
405 1187 487 1219 rimo
501 1183 574 1218 loco
589 1185 718 1232 ponitur
735 1210 744 1222 ‚
767 1194 803 1216 ea
815 1187 917 1231 major
928 1183 1044 1219 dicitur
1061 1201 1070 1227 3
1087 1196 1155 1232 quae
1177 1183 1256 1220 vero
1271 1184 1411 1232 sequitur
1422 1215 1432 1229 ‚
1444 1188 1550 1221 minor
1559 1199 1681 1236 propo„

290 1234 360 1270 sitio
389 1235 456 1270 olet
469 1233 632 1283 appellari.

324 1288 406 1321 Tres
420 1284 479 1321 illae
489 1281 722 1333 propositiones
735 1289 836 1334 major
849 1314 857 1328 ‚
873 1287 980 1321 minor
989 1316 998 1330 ,
1011 1291 1044 1323 &2
1057 1285 1215 1322 conclusio
1227 1288 1397 1322 materiam
1413 1285 1587 1335 syllogismi
1604 1299 1680 1335 pro-

288 1336 409 1370 ximam
422 1332 575 1370 efficiunt.
584 1336 627 1368 Ex
642 1335 678 1367 iis
689 1337 777 1368 enim
788 1333 983 1383 lyllogismus
1003 1339 1227 1385 componitur:
1248 1348 1282 1370 ut
1297 1335 1533 1384 propolitiones
1555 1348 1594 1369 ex
1614 1348 1682 1370 ter-

288 1386 405 1427 minis,
436 1386 494 1432 qui
517 1383 636 1417 idcirco
655 1386 790 1417 materia
808 1383 985 1433 syllogismi
1006 1398 1130 1421 remota
1157 1387 1221 1420 dici
1248 1385 1362 1420 solent.
1389 1385 1680 1432 Qemadmodum

286 1445 391 1481 partes
409 1446 448 1468 ex
466 1431 583 1480 quibus
601 1444 715 1480 corpus
733 1432 910 1467 humanum
920 1435 1059 1477 constat,
1082 1435 1249 1470 suntillius
1273 1437 1408 1469 materia
1429 1437 1595 1482 proxima,
1616 1432 1681 1468 offa

285 1495 355 1530 v.g.
367 1495 459 1525 caro,
478 1483 569 1516 nervi
584 1509 593 1522 ,
619 1494 727 1524 venae,
747 1487 810 1518 &c.
833 1481 996 1517 elementa
1009 1483 1089 1518 vero
1107 1483 1175 1519 sunt
1187 1484 1270 1517 illius
1287 1486 1423 1517 materia
1439 1495 1580 1518 remota.

318 1535 430 1577 Itaque
441 1532 576 1566 materia
591 1529 764 1578 syllogismi
777 1533 935 1565 remotior
947 1531 1017 1566 sunt
1034 1545 1097 1566 tres
1115 1534 1482 1580 termini,major,minor
1497 1538 1531 1568 Sc
1542 1532 1678 1567 medius:

284 1583 362 1617 Tria
378 1580 447 1615 sunt
463 1582 549 1614 enim
562 1607 570 1619 ,
603 1589 638 1613 ut
654 1579 750 1613 docet
768 1580 954 1614 Aristoteles
970 1608 976 1617 ,
1001 1593 1033 1615 in
1051 1584 1144 1616 omni
1161 1582 1433 1616 demonstratione
1449 1610 1458 1624 ,
1473 1594 1543 1629 quae
1557 1581 1601 1616 est
1617 1579 1681 1628 syl..

284 1630 434 1677 logismus
456 1630 605 1663 omnium
624 1627 878 1675 perfeffiffimus,
899 1637 938 1664 10.
953 1629 1142 1676 Subjedfflm
1159 1658 1168 1672 ,
1183 1631 1224 1667 de
1237 1643 1304 1676 quo
1321 1629 1527 1671 attributum,
1543 1629 1594 1664 vel
1608 1642 1680 1676 pro.

283 1682 403 1727 prietas
420 1707 428 1720 ,
454 1677 508 1712 vel
525 1675 657 1711 affeetio
670 1706 678 1719 ,
702 1682 711 1718 (
733 1678 788 1711 ista
799 1681 886 1714 enim
897 1691 996 1713 unum
1007 1684 1040 1714 &
1055 1679 1141 1712 idem
1160 1678 1268 1720 sunt,)
1290 1678 1535 1713 demonstratur.
1555 1686 1599 1713 τ’.
1616 1677 1679 1712 Af-

284 1727 386 1763 fectio
401 1726 467 1775 ipsa
480 1754 488 1764 ,
514 1725 568 1760 vel
584 1725 776 1762 attributum
786 1757 795 1770 ,
820 1728 910 1775 quod
924 1726 1065 1777 subjeao
1075 1727 1165 1762 inest.
1175 1737 1218 1773 3⁰.
1229 1728 1426 1774 Principium
1439 1755 1448 1769 ‚
1462 1725 1515 1760 vel
1525 1725 1608 1761 ratio
1621 1738 1678 1774 pet

284 1790 379 1825 quain
397 1776 540 1824 subjecto
553 1772 648 1810 ineise
663 1779 902 1825 proprietatem
918 1776 1167 1812 demonstramus
1182 1790 1189 1812 :
1203 1787 1240 1811 ut
1254 1777 1287 1812 in
1304 1774 1366 1810 hoc
1385 1774 1581 1824 syllogifiiio.

735 1828 850 1862 Omne
872 1826 1032 1862 rationale
1047 1827 1090 1861 est
1100 1825 1226 1869 docile5

768 1877 833 1911 Sed
844 1878 950 1911 omnis
967 1876 1070 1910 homo
1083 1876 1125 1910 est
1137 1874 1302 1910 rationalis
1317 1891 1326 1918 3

768 1927 854 1972 Ergo
869 1925 976 1958 omnis
996 1923 1098 1958 homo
1113 1924 1156 1958 est
1175 1923 1301 1959 docilis.

321 1977 426 2008 Homo
439 1975 482 2009 est
492 1973 667 2022 subjeffiim
679 2001 688 2017 ,
703 1972 813 2006 docilis
830 1970 1025 2007 attributum
1041 2002 1051 2016 ‚
1076 1975 1247 2007 rationalis
1271 1985 1351 2007 vero
1364 1972 1407 2006 est
1421 1971 1544 2006 medius
1562 1976 1676 2007 termi-

283 2037 358 2066 niis,
375 2023 428 2058 seu
443 2027 526 2058 ratio
539 2036 594 2058 cur
612 2023 714 2058 homo
727 2020 763 2055 sit
773 2021 899 2058 docilis.
925 2022 1120 2056 Communis
1135 2021 1208 2066 ille,
1232 2022 1284 2057 seu
1308 2022 1434 2057 medius
1454 2024 1607 2055 terminus
1628 2025 1676 2057 in·

283 2074 339 2106 star
353 2071 513 2119 cujusdam
525 2071 647 2108 vinculi
658 2070 837 2119 subjeetum
850 2084 925 2106 cuni
937 2070 1097 2106 attributo
1108 2073 1141 2106 in
1152 2070 1314 2121 praemissis
1326 2072 1492 2106 connestit
1507 2084 1513 2105 :
1529 2068 1581 2103 sed
1594 2083 1675 2106 con-

283 2121 454 2156 elusionem
473 2121 571 2172 ipsam
581 2135 648 2157 non
676 2121 863 2170 ingreditur.
887 2121 1060 2168 Postquam
1091 2123 1177 2156 enim
1206 2122 1332 2157 functus
1347 2121 1390 2154 est
1407 2118 1507 2154 veluti
1521 2119 1675 2154 concilia-

287 2182 364 2205 toris
389 2184 521 2206 munere
532 2201 541 2215 ,
564 2183 738 2218 utrumque
753 2173 928 2206 terminum
943 2200 952 2213 ,
971 2175 1130 2215 majorem
1141 2171 1298 2205 videlicet
1316 2176 1349 2207 &
1361 2171 1523 2204 minorem
1536 2169 1675 2204 dimittit

287 2222 318 2253 in
333 2220 532 2255 conclusione
551 2224 752 2269 conjunctos.
774 2218 995 2255 conclusionis
1008 2218 1184 2268 subjeufitum
1201 2249 1210 2263 ‚
1233 2232 1268 2254 ut
1288 2219 1375 2252 homo
1392 2246 1398 2255 ,
1419 2218 1462 2252 est
1485 2229 1591 2252 minor
1609 2231 1674 2253 ter-

281 2270 384 2302 minus
401 2270 630 2314 ;attribtitu·.ii‚
642 2271 750 2305 docilis
761 2297 768 2307 ,
786 2270 829 2304 est
841 2274 943 2317 major
959 2271 1133 2306 terminus:
1147 2269 1236 2317 quod
1247 2268 1438 2317 plerumque
1452 2266 1545 2301 latius
1564 2279 1674 2316 pateat

280 2316 378 2364 quam
396 2316 571 2364 subjffehim
585 2319 805 2355 conclufionis.

314 2369 423 2413 Major
433 2367 609 2414 propositio
621 2382 658 2404 ea
675 2370 739 2404 dici
751 2368 849 2406 solet,
869 2381 937 2416 quae
952 2372 1055 2417 prima
1067 2369 1110 2403 est
1128 2381 1135 2402 :
1154 2370 1279 2411 minor,
1308 2380 1378 2414 quae
1398 2366 1543 2401 secunda.
1569 2367 1632 2400 Sed
1651 2365 1673 2400 fi

280 2427 427 2451 accurate
445 2415 533 2467 loqui
551 2418 715 2466 volumus,
734 2431 772 2456 ea
788 2418 831 2456 est
848 2423 950 2467 major
965 2417 1160 2468 propositio,
1181 2430 1252 2467 quae
1270 2422 1369 2467 majus
1397 2428 1576 2453 extremum
1598 2427 1672 2451 curn
