1857 2745
379 135 441 175 560
808 127 1319 168 ‘METAPH‘YstCAE

379 175 510 214 'infinito
520 175 593 212 adiu
603 178 739 212 omnino
750 177 979 224 praedicantur:
1001 189 1073 212 curn
1084 188 1188 213 totum
1201 207 1210 222 ‚
1230 180 1389 230 quidquid
1409 181 1472 226 est,
1489 180 1541 230 sup
1566 190 1682 217 onatur
1695 182 1771 220 aeliu

382 227 521 261 existere.
549 226 597 260 Est
621 227 707 260 enim
722 223 886 260 infinitum
909 225 1078 274 potentin,
1096 227 1241 263 medium
1262 230 1418 276 quiddam
1434 233 1517 267 inter
1557 232 1661 266 nitum
1672 233 1768 275 actu,

381 281 416 311 ε(
434 273 598 309 infinitum
621 288 629 308 :
652 285 688 309 ut
713 272 839 308 finitum
856 274 900 309 est
924 276 1019 319 adiu,
1042 275 1191 311 ultimum
1222 275 1341 323 habet,
1369 285 1403 316 &
1429 281 1604 316 maximum
1622 295 1636 322 .;
1656 292 1696 314 nt
1713 282 1768 316 in-

381 324 509 406 finittHn
543 325 576 359 in
606 326 755 373 potentia
766 352 777 369 ,
812 334 960 360 neutrum
974 326 1013 360 'ei
1033 329 1198 374 competit
1216 355 1232 370 ¹,
1259 325 1468 376 :sed-ulterius
1485 328 1616 379 >semper
1635 330 1768 365 extendi

404 385 458 408 ote
492 397 497 403 .

381 387 401 421 p
415 424 504 458 Hinc
514 433 582 468 quae
595 420 699 458 solent
715 433 884 472 opponere
896 452 907 468 ,
925 423 999 460 finit
1009 451 1018 467 ,
1037 434 1074 459 ut
1087 422 1188 473 vu'lg'o
1200 424 1314 460 dicitur
1330 455 1340 470 ,
1356 425 1382 462 ’ὲ
1399 425 1550 476 ‘subjecto
1567 439 1634 463 non
1650 424 1768 475 suppo-

380 482 490 507 nente.
504 472 699 519 Supponunt
711 475 798 508 enirn
813 472 935 521 aliquid
947 474 1036 521 quod
1050 473 1256 523 hypothesim
1269 475 1408 519 destruit,
1422 487 1458 511 ut
1470 476 1630 512 infinitum
1648 487 1767 522 poten..

382 523 428 555 tia
439 532 544 556 toturn
557 525 591 556 &
604 520 779 557 colleffive
797 521 875 558 sumi
885 521 970 571 poffe
982 524 1090 570 :quod
1101 523 1231 571 quidem
1243 535 1400 573 repugnat
1410 524 1463 573 ipsi
1473 526 1601 560 notioni
1615 523 1702 572 huJus
1714 526 1766 558 in-

380 569 487 613 finiti,
510 573 595 618 cujus
606 569 698 605 datur
708 570 961 615 ultimumaetu,
986 584 1053 607 non
1074 574 1242 621 potenti&
1272 574 1395 610 &dato
1408 586 1604 622 quocunque
1618 584 1769 613 numero,

380 617 505 668 semper
516 623 620 667 major
635 619 839 669 daripotest:
855 621 954 669 idque
965 620 1036 656 satis
1052 633 1128 670 apte
1153 620 1362 657 indefinitum
1382 623 1566 668 diceretur,
1584 622 1768 657 *dummodo

379 670 487 704 omnis
502 668 718 716 homonymia
741 671 907 707 vitaretur.
922 671 1015 706 Cum
1032 673 1145 719 itaque
1492 688 1495 691 ·

414 718 446 750 Ο
467 728 501 765 p.
511 731 535 752 1-
544 718 629 765 Qae
640 717 802 766 poffibilia
816 719 884 754 sunt
894 749 903 762 ‚
916 720 1030 755 eadem
1044 732 1085 755 ut
1095 720 1393 771 existentia'fingere
1405 720 1565 770 possumus
1581 734 1589 756 ε
1608 731 1685 756 nam
1694 718 1769 768 pos-

380 764 436 801 fibi
450 767 505 802 iin
526 767 635 802 aestum
657 767 791 802 redacto
804 796 813 812 ,
834 768 1109 816 nullumsequitur
1126 769 1312 805 absurdum:
1332 770 1466 806 sedtum
1488 772 1617 805 daretur
1626 770 1701 804 auu
1719 770 1771 803 in-

381 814 510 850 finitum
523 842 533 854 ‚
555 820 590 852 δε
613 827 770 860 numero,
792 818 1059 866 &magnitudine
1080 832 1088 854 ε
1111 830 1189 867 ergo
1207 817 1370 854 infinitum
1387 822 1462 855 actu
1478 818 1539 855 effe
1552 818 1656 868 potest
1677 832 1684 853 :
1709 829 1769 852 ne-

380 877 444 912 que
457 864 490 899 id
507 876 627 914 negare
641 864 801 914 poffumus
815 895 825 912 ‚
838 868 924 915 -quin
941 870 1030 903 Deus
1048 866 1145 917 poffit
1164 867 1272 902 dicere
1286 897 1297 912 ‚
1320 868 1513 916 producatur
1537 866 1698 916 quidquid
1724 867 1768 901 est

380 912 537 962 possibile.
870 936 876 939 ⁴
1458 936 1461 940 ι

414 964 506 1012 Resp.
536 964 604 999 haec
619 969 652 1002 δε
665 964 833 1014 aliajhujus
846 967 971 1014 generis
989 965 1129 1014 plurima
1143 964 1217 1000 ⁴fieri
1236 979 1304 1002 non
1317 963 1423 1014 poffe,
1443 967 1518 1014 quia
1533 976 1699 1012 nunquam
1718 974 1769 999 tot

380 1012 536 1056 existent,
550 1016 628 1061 quin
652 1014 744 1062 plura
760 1013 823 1050 effe
837 1014 955 1062 poffint
966 1030 977 1058 >3
998 1022 1057 1049 nec
1078 1013 1237 1050 infinitum
1255 1017 1290 1050 in
1313 1017 1462 1064 potentia
1475 1013 1647 1050 colleffive
1664 1014 1769 1062 accipi

379 1062 496 1108 potest.
519 1066 630 1111 Quare
644 1062 821 1111 hujusmodi
830 1062 1068 1112 propositiones
1084 1062 1155 1098 sunt
1165 1062 1187 1098 ὲ.
1199 1063 1342 1113 subjecto
1353 1077 1420 1100 non
1429 1063 1644 1112 supponente.

411 1110 492 1151 -Ιηθ,
503 1115 592 1146 Deus
610 1113 700 1146 videt
711 1111 800 1147 fimul
815 1117 850 1149 &e
859 1126 925 1148 uno
940 1112 1112 1161 conspeetu
1123 1115 1233 1147 omnia
1245 1112 1414 1162 poffibilia.
1437 1114 1645 1160 Qae'autem
1655 1112 1748 1148 videt
1758 1140 1770 1155 ,

377 1171 433 1194 aut
444 1157 515 1194 sunt
530 1159 620 1194 finita
633 1189 642 1203 ‚
660 1160 747 1207 quod
761 1173 862 1196 nemo
875 1162 993 1197 dixerit
1007 1190 1017 1206 ,
1034 1173 1089 1196 aut
1098 1160 1244 1198 infinita:
1264 1161 1304 1197 fic
1316 1162 1408 1198 videt
1417 1162 1541 1197 ‘omnes
1554 1163 1769 1210 cogitationes

381 1207 583 1257 Angelorum
606 1220 664 1257 per
687 1220 792 1244 totam
816 1213 1029 1256 aeternitatem
1057 1210 1181 1245 futuras
1202 1239 1214 1254 ,
1239 1224 1321 1259 <quse
1358 1210 1511 1260 profecto
1537 1224 1605 1247 non
1635 1209 1705 1245 funt
1729 1208 1770 1245 fi-

382 1270 466 1293 nitae.

417 1308 506 1355 Resp.
516 1307 600 1353 Dist.
613 1317 677 1342 ant.
689 1310 777 1343 Deus
790 1305 879 1342 videt
890 1310 1090 1344 uno‘intu'itu
1102 1310 1213 1344 omnia
1230 1307 1390 1357 possibilia
1400 1337 1409 1352 ,
1418 1320 1462 1344 ut
1475 1306 1681 1342 distributive
1693 1308 1769 1342 aoht

383 1355 444 1390 esse
460 1354 585 1404 poisunt
598 1385 607 1400 ‚
631 1359 658 1389 C
661 1382 666 1388 .
677 1368 712 1391 ut
721 1356 894 1391 collective
906 1362 939 1393 &
949 1356 1037 1391 simul
1048 1358 1182 1405 produci
1193 1356 1338 1404 possunt,
1353 1360 1408 1393 N.
1427 1360 1507 1392 Sunt
1523 1355 1655 1404 quidem
1668 1353 1769 1404 poffi-

383 1403 460 1439 bilia
473 1407 599 1439 ratione
611 1404 728 1440 divinae
743 1406 897 1453 p0tentiae
910 1433 920 1448 ,
941 1404 962 1440 ἐι
979 1418 1041 1453 qua
1061 1403 1183 1440 habent
1203 1405 1291 1452 quod
1308 1403 1367 1439 fint
1382 1404 1544 1453 poffibilia
1563 1417 1570 1439 :
1593 1403 1647 1437 sed
1661 1406 1706 1438 im
1731 1404 1771 1438 li-

381 1465 434 1489 cat
448 1466 485 1488 ut
498 1453 587 1489 fimul
598 1454 746 1489 existant.
768 1452 889 1489 Namfi
906 1457 994 1490 Deus
1013 1456 1232 1503 omnes-ignes
1244 1452 1406 1501 poffibiles
1422 1464 1606 1503 procrearet
1617 1480 1626 1495 ,
1645 1464 1687 1487 an
1717 1464 1772 1487 ot·

383 1504 415 1538 te
425 1515 493 1541 tum
506 1503 630 1552 lignum
641 1502 774 1537 accendi
785 1515 854 1538 non
867 1502 987 1550 pulset,
1001 1515 1056 1538 aut
1063 1515 1167 1539 novus
1178 1504 1258 1552 ignis
1269 1503 1400 1551 prodire
1414 1513 1424 1539 Ξ
1448 1504 1534 1538 Cum
1556 1504 1664 1548 itaque
1678 1504 1769 1536 Deus

382 1553 472 1587 videt
487 1555 596 1587 omnia
611 1551 772 1600 possibilia
783 1580 792 1595 ,
812 1552 914 1586 <videt
923 1552 1000 1587 atstu
1013 1552 1105 1587 finita
1119 1566 1127 1587 ε
1141 1551 1195 1586 sed
1205 1551 1335 1586 infinita
1350 1553 1506 1600 potentii.
1524 1553 1612 1588 Nam
1622 1551 1772 1598 potentia

383 1601 440 1635 illa
451 1601 568 1636 nonest
583 1602 624 1635 ad
643 1599 939 1637 ae‘tuminfinitum.
963 1603 1015 1636 Sic
1036 1603 1253 1651 cogitationes
1267 1601 1467 1649 Angelorum
1489 1612 1656 1648 nunquam
1676 1610 1772 1634 erunt

384 1652 459 1685 ειξὶιι
471 1649 626 1694 infinitae,
644 1655 686 1686 ¹&
703 1662 871 1697 nunquam
881 1661 977 1685 erunt
988 1663 1105 1696 omnes
1120 1679 1129 1694 ‚
1148 1652 1195 1684 uti
1212 1662 1273 1684 nec
1295 1650 1364 1685 dies
1382 1652 1590 1692 aeternitatis‚
1612 1650 1669 1696 qui
1686 1660 1770 1683 nun-

386 1711 484 1746 quam
494 1711 607 1734 omnes
619 1699 793 1734 collective
812 1692 926 1747 ffimpti
946 1698 1091 1736 effluent.
1112 1698 1242 1734 Deinde
1262 1697 1387 1734 infinita
1408 1699 1585 1734 multitudo
1601 1699 1772 1746 cogitatio-

383 1759 460 1783 num
478 1751 511 1783 in
533 1751 682 1797 potentia
701 1749 842 1795 quidem
852 1750 936 1792 Dei,
955 1754 989 1786 &
1017 1751 1197 1784 aeternitate
1213 1751 1278 1794 ejus
1292 1751 1477 1784 continetur
1490 1778 1499 1792 ,
1521 1761 1590 1794 quae
1608 1745 1678 1781 sunt
1694 1744 1771 1781 infi-

383 1800 477 1834 nitae:
494 1797 545 1832 sed
561 1810 606 1831 eae
629 1810 696 1832 non
712 1795 842 1845 poisunt
861 1797 1041 1841 exhauriri,
1053 1802 1186 1834 &extra
1200 1798 1267 1831 Dei
1284 1800 1469 1846 potentiam
1487 1796 1572 1832 nulla
1589 1794 1768 1830 multitudo

384 1845 512 1882 infinita
530 1845 591 1882 effe
612 1846 728 1894 potest.

426 1896 554 1942 Instant.
575 1899 663 1931 Deus
680 1895 786 1944 potest
797 1893 923 1931 efficere
931 1896 1091 1944 quidquid
1100 1894 1415 1944 cognoscitprad'tica
1427 1895 1633 1944 cognitione:
1655 1891 1708 1926 sed
1717 1902 1768 1926 res

385 1958 500 1980 omnes
521 1944 689 1993 possibiles
708 1946 751 1979 ita
760 1946 871 1981 novit:
887 1958 965 1993 ergo
979 1951 1012 1982 δε
1023 1958 1075 1980 eas
1090 1945 1192 1993 potest
1203 1942 1344 1980 efficere.

429 1996 515 2043 Resp.
529 1994 611 2037 Dist.
625 1997 699 2027 min.
725 1995 831 2030 Novit
850 2006 891 2029 eo
907 1995 1008 2029 modo
1024 2007 1091 2042 quo
1103 1994 1171 2029 sunt
1187 1991 1352 2043 poffibiles
1368 2021 1378 2036 ,
1393 1994 1429 2028 C.
1450 1991 1554 2035 seem,
1572 1996 1606 2028 &
1622 1987 1709 2038 quasi
1726 1987 1767 2024 fi-

384 2044 453 2081 mul
471 2044 605 2091 produci
622 2053 743 2089 queant
758 2071 767 2084 ,
787 2043 839 2079 N.
898 2066 904 2072 .
1131 2065 1133 2069 ι

419 2095 507 2140 Opp.
523 2107 546 2127 2.
562 2094 650 2126 Deus
664 2090 771 2138 potest
780 2092 909 2139 operari
920 2089 1106 2138 ubicunque
1117 2090 1177 2127 est:
1197 2089 1249 2125 sed
1267 2094 1354 2126 Deus
1372 2089 1418 2124 est
1431 2087 1552 2136 ubique
1567 2103 1575 2125 :
1603 2099 1679 2135 ergo
1695 2084 1768 2121 ubi·v

386 2155 448 2193 que
459 2139 564 2190 potest
575 2139 696 2187 aliquid
710 2151 818 2174 creare
832 2168 841 2182 ‚
865 2140 952 2186 quod
966 2139 1120 2187 profesto
1133 2138 1294 2175 infinitum
1307 2138 1450 2173 futurum
1463 2138 1515 2173 est.

424 2193 511 2239 qup.
523 2188 604 2233 Dist.
619 2192 695 2232 maj.
715 2187 884 2224 UbiDeus
899 2188 1023 2231 existit,
1041 2191 1165 2236 operari
1178 2189 1284 2237 potest
1297 2188 1493 2233 inadaequatc
1506 2215 1515 2228 ‚
1531 2189 1566 2219 C.
1580 2185 1764 2231 adaequatq

389 2244 438 2277 N,
451 2236 604 2277 Nammbi
621 2265 628 2275 ,
649 2249 685 2272 ut
702 2240 746 2272 ita
761 2238 865 2272 dicam
879 2266 889 2280 ‚
915 2239 978 2272 Dei
997 2237 1042 2271 est
1067 2237 1149 2271 iilius
1178 2235 1368 2271 immenfitas
1391 2238 1525 2270 omnino
1543 2232 1764 2276 indivisibilis,

388 2293 438 2324 cui
448 2288 618 2335 respondet
634 2287 795 2334 quidquid
806 2286 825 2321 ἐι
838 2289 912 2322 Deo
924 2286 1126 2334 producitur,
1148 2284 1198 2320 sed
1210 2286 1409 2330 inadaeqtmte
1425 2286 1639 2331 tantum-lam
1650 2281 1670 2316 fi
1678 2294 1764 2316 crea-

388 2350 459 2372 rura
477 2335 682 2383 ess'etubique
693 2364 702 2378 ,
718 2348 783 2370 non
805 2333 907 2384 poffet
929 2333 971 2368 ab
985 2347 1024 2368 ea
1042 2334 1234 2369 immensitas
1252 2334 1361 2366 divina
1374 2336 1471 2375 magn
1485 2333 1669 2380 participari
1685 2343 1764 2366 :un-

391 2387 430 2420 de
446 2386 525 2421 nihil
537 2383 726 2421 immensum
738 2413 748 2428 ‚
765 2395 821 2420 aut
833 2383 994 2420 infinitum
1006 2395 1117 2431 praeter
1132 2386 1240 2418 Deum
1260 2380 1320 2417 effe
1334 2382 1452 2430 potest.
