1857 2745
379 152 442 193 296
814 120 1303 185 PHtLosoPfflA

380 197 427 229 let
448 195 536 229 mori.
555 195 608 230 Sic
621 206 817 243 praeceptum
832 195 1261 234 moriendiindifferentiam
1278 210 1346 234 non
1362 198 1493 246 perimit
1514 212 1526 235 τ
1547 197 1595 232 est
1618 200 1707 234 enim
1727 197 1783 234 illa
1833 214 1837 225 ·

382 241 599 278 indifferentia
615 247 702 292 prior
717 245 963 291 quodammodo
977 256 1160 295 praecepto,
1181 252 1215 284 &
1239 246 1406 282 consensus
1428 246 1532 282 Verbi
1556 259 1693 283 aeternus
1718 249 1782 282 im-

382 289 604 326 mutabilitate
623 292 674 327 sua
688 292 770 329 nihil
788 292 932 329 libertati
947 306 1003 329 aut
1023 296 1246 332 indifferentiae
1269 295 1361 330 obest
1373 325 1383 339 ‚
1414 297 1584 345 postquam
1611 296 1715 331 faetus
1733 296 1780 331 est

380 340 492 375 homo,
507 342 585 375 Eam
599 340 660 376 effe
674 341 823 378 mentem
842 342 986 378 Anselmi
1003 345 1136 380 testatur
1157 347 1309 380 Petavius
1323 347 1422 380 Tom.
1435 359 1460 390 3.
1476 359 1508 394 p·
1522 359 1587 393 534.
1623 344 1784 392 vavdo
1834 359 1837 385 ,¹

379 398 480 437 ergo,
499 390 607 436 inquit
625 389 791 427 Ansel-mus
803 420 811 434 ‚
833 392 981 426 voluntas
999 395 1067 426 Dei
1083 394 1174 429 nulla
1197 393 1371 438 neceffitaete
1380 394 1465 438 fhcit
1481 393 1613 441 aliquid
1626 421 1633 431 ,
1650 393 1782 439 fidsuae

378 436 547 485 potestate,
568 437 607 473 ῥ’
627 441 779 474 voluntas
791 439 955 485 illiusfitit
973 442 1125 476 voluntas
1142 443 1207 476 Dei
1225 457 1234 477 ς
1257 443 1348 476 milla
1365 441 1542 486 necessitate
1563 453 1705 477 mortum·
1719 442 1782 486 est‚'
1834 455 1837 458 ’

370 484 578 531 ftdfi’lafim
596 488 758 536 potrflate.
786 489 980 545 Exemplum
999 488 1095 525 affert
1116 495 1184 540 ejus
1199 493 1253 538 qui
1282 490 1447 538 proposuit
1469 490 1582 539 sponte
1608 490 1784 538 aliquid⁴fe
1835 522 1837 537 ἶ

380 533 543 569 fastorum
559 564 569 578 ‚
590 543 624 574 &
642 538 748 584 postea
770 537 921 586 perficit,
936 542 961 573 is
978 539 1051 575 sane
1065 552 1132 576 non
1151 538 1342 584 necessario,
1368 540 1420 575 sed
1441 539 1541 574 libere
1558 538 1679 584 efficit,
1708 542 1785 588 quia

383 581 488 617 libere
504 585 678 633 proposuit.

418 632 503 675 Sed,
531 639 679 680 inquiunt
695 665 697 671 ,
714 648 782 672 tam
794 636 858 672 late
870 649 959 685 patet
968 639 1122 673 merirum
1141 637 1279 680 Christi,
1300 635 1400 684 quam
1416 633 1549 671 libertas
1561 663 1572 680 ,
1590 649 1643 671 aut
1655 636 1784 674 indiffe-
1834 659 1838 675 ο

382 683 508 724 tentia,
523 695 597 728 quae
611 683 697 719 nulla
710 685 773 720 fuit
785 689 816 721 in
836 689 873 720 iis
890 700 962 734 quae
979 687 1159 735 praescripta
1177 687 1246 721 sunt
1259 686 1280 721 ‘a
1296 689 1399 722 Patre.

418 729 506 776 Resp.
523 731 778 769 indifferentiam
788 735 910 782 ubique
923 738 1054 784 reperiri
1073 749 1113 770 eo
1129 749 1197 783 quo
1208 735 1406 784 exposuimus
1420 734 1521 768 modo
1536 747 1544 768 :
1566 747 1674 783 neque
1693 736 1783 770 enim
1834 743 1838 753 '

383 790 580 827 praeceptum
592 781 663 816 huic
675 783 804 819 exitiale
822 784 892 819 fuit.
916 787 955 819 Et
967 783 1041 820 fane
1060 783 1177 819 finulla
1193 783 1257 821 fuit
1271 783 1403 818 libertas
1425 784 1457 816 in
1484 781 1655 818 substantia
1679 786 1783 819 actio-

383 839 462 862 num
475 856 484 871 ‚
502 827 554 863 sed
569 829 696 865 tantum
709 835 742 867 in
760 832 889 868 delectu
901 833 1197 868 circunstantiarum
1222 846 1230 868 ε
1254 845 1331 881 ergo
1342 843 1477 880 operum
1485 830 1657 867 substantia
1669 844 1783 881 expers

385 878 448 910 erit
462 880 569 913 meriti
585 893 592 914 :
610 892 675 925 quo
692 881 770 916 nihil
786 883 849 916 dici
861 881 965 929 potest
977 881 1151 917 absurdiuS.
1169 882 1232 916 Sed
1249 894 1292 917 ne
1308 880 1384 915 illud
1400 880 1536 926 quidem
1559 880 1696 916 dubium
1716 881 1762 916 est
1773 909 1784 925 ,

385 929 422 961 &
433 938 572 961 mortem
582 958 590 971 ,
610 934 643 964 δε
653 933 765 964 mortis
777 930 1018 965 circunstantias
1030 929 1072 964 ab
1084 942 1206 964 :eterno
1220 927 1281 963 ess'e
1303 927 1452 963 definitas
1473 928 1493 963 ἐι
1512 931 1605 963 Patre
1616 958 1626 973 ,
1644 932 1701 977 qui
1711 959 1722 974 ,
1746 942 1784 965 ut

385 976 432 1007 ait
446 975 627 1022 ApostoluS,
633 982 760 1028 proprio
774 979 915 1025 Filiofito
928 977 1205 1027 nonpep-ercitsed
1213 988 1269 1023 pro
1281 976 1366 1011 nobis
1375 975 1518 1010 omnibns
1535 978 1675 1013 tradidit
1689 992 1772 1017 eum.

417 1023 563 1067 Verum,
576 1028 728 1072 inquiunt
740 1056 749 1070 ‚
775 1030 931 1062 meritum
955 1039 1055 1061 omne
1070 1026 1191 1061 Christi
1209 1025 1283 1061 hinc
1293 1026 1434 1073 pendet,
1459 1023 1547 1071 quod
1565 1025 1666 1061 libere
1684 1028 1784 1063 fuerit

387 1070 577 1107 indifferens
590 1079 623 1110 ἃ
637 1079 743 1109 omnis
754 1075 945 1110 necessitatis
957 1086 1070 1122 expers
1080 1103 1090 1117 ,
1113 1075 1134 1109 fi
1145 1075 1250 1108 minus
1269 1075 1378 1120 quoad
1401 1071 1607 1109 substantiam
1625 1088 1761 1124 operum
1771 1106 1783 1121 ,

387 1117 500 1153 saltem
517 1123 624 1167 quoad
642 1124 1000 1157 circunstantiasNemo
1011 1124 1100 1156 enim
1120 1125 1152 1157 in
1168 1124 1206 1155 iis
1224 1133 1366 1156 meretur
1381 1151 1391 1165 ,
1411 1135 1485 1169 quae
1506 1135 1572 1157 non
1595 1125 1699 1172 potest
1715 1139 1783 1162 non

387 1178 496 1215 agere.
517 1169 658 1203 Christus
678 1172 778 1205 Patris
799 1181 960 1218 praecepta
973 1170 1155 1206 detrectare
1171 1183 1238 1206 non
1250 1182 1392 1218 poterat,
1406 1173 1484 1218 quia
1496 1183 1630 1219 peccare
1639 1187 1707 1210 non
1720 1187 1783 1224 po.

390 1227 484 1252 terat.
535 1230 580 1251 uae
603 1220 697 1266 igitur
710 1231 759 1254 tot
773 1222 960 1254 meritorum
969 1219 1076 1256 radix?

422 1264 596 1313 Respondet
606 1269 656 1302 vir
671 1267 794 1305 doctus.
806 1270 841 1305 L.
853 1273 897 1304 V.
910 1280 937 1302 c.
955 1275 997 1305 16.
1014 1274 1048 1305 &
1064 1268 1131 1316 seq.
1149 1267 1216 1303 duo
1228 1266 1290 1303 effe
1308 1269 1417 1303 meriti
1431 1270 1639 1316 comparandi
1649 1283 1780 1320 genera,

387 1326 486 1349 unum
496 1327 615 1350 naturre
632 1317 799 1354 mutabilis
810 1347 819 1361 ‚
837 1331 909 1365 quae
921 1315 978 1352 sibi
994 1316 1160 1366 permissa,
1178 1319 1245 1352 imo
1260 1323 1293 1354 &
1303 1317 1410 1364 adjuta
1420 1328 1453 1351 ut
1466 1316 1588 1353 bonum
1608 1321 1693 1355 velle
1710 1320 1782 1370 pos-

388 1361 442 1405 fit,
463 1362 518 1399 suo
542 1377 622 1400 nutu
642 1367 683 1400 ad
701 1365 824 1402 bonum
843 1368 873 1401 se
892 1369 983 1415 agit-7
1001 1367 1137 1402 alterum
1148 1366 1212 1409 est,
1232 1378 1303 1400 cum
1318 1365 1467 1400 voluntas
1484 1367 1605 1414 justitiae
1620 1369 1782 1418 insepara„

388 1411 496 1446 biliter
519 1411 616 1448 affixa
631 1428 763 1450 omnem
777 1417 933 1465 peccandi
956 1415 1198 1464 possibilitatem
1215 1415 1378 1458 excludit,
1403 1413 1444 1449 eo
1459 1417 1561 1464 magis
1585 1416 1679 1452 laude
1693 1447 1702 1462 ,
1723 1431 1783 1455 aut

387 1463 505 1495 merito
518 1463 613 1510 digna
624 1492 632 1505 ,
656 1463 724 1510 quo
740 1477 779 1499 ex
797 1466 910 1513 majori
925 1465 1045 1512 justitia
1056 1464 1252 1501 &charitate
1267 1465 1334 1511 agit
1351 1477 1359 1499 :
1381 1465 1468 1510 prius
1486 1465 1529 1498 est
1544 1476 1664 1500 naturae
1674 1479 1781 1503 muta-

388 1508 460 1543 bilis
477 1538 486 1552 ,
507 1510 642 1546 alterum
653 1512 876 1548 immutabilis.
888 1515 941 1547 Sic
953 1516 1042 1549 Deus
1058 1523 1262 1562 promeretur
1273 1539 1280 1550 ‚
1297 1524 1366 1546 non
1375 1510 1394 1547 ὲ
1404 1513 1572 1560 Superiore
1583 1516 1781 1563 mercedem,

387 1557 440 1592 sed
456 1557 476 1593 a
487 1558 620 1594 subditis
638 1561 796 1596 honorem
812 1577 819 1597 ,-
836 1574 1039 1611 promeretur
1056 1575 1124 1597 non
1141 1559 1196 1595 fibi
1209 1560 1378 1609 profutura
1389 1590 1399 1604 ,
1424 1560 1476 1595 sed
1494 1562 1577 1598 aliis.

426 1609 507 1642 Haec
519 1611 630 1655 utique
653 1611 799 1646 merendi
817 1613 900 1646 ratio
915 1611 955 1645 ad
973 1612 1136 1647 Christum
1153 1612 1316 1658 pertinet,
1333 1621 1490 1656 quatenus
1509 1615 1576 1661 ejus
1597 1611 1779 1651 humanitas

388 1667 445 1703 per
457 1655 487 1690 se
503 1658 667 1692 mutabilis
683 1659 878 1695 immutabili
897 1658 1012 1695 Verbo
1028 1661 1203 1708 conjuntsta
1221 1659 1272 1693 est.
1312 1660 1362 1693 Sic
1387 1662 1529 1707 corporis
1551 1661 1780 1712 immortalitas

389 1717 488 1751 quam
503 1719 607 1741 morte
623 1711 702 1743 emit
715 1738 724 1751 ,
742 1708 830 1756 prius
848 1708 894 1744 illi
906 1708 1108 1747 debebatur,
1127 1720 1165 1742 ut
1182 1708 1308 1755 peccati
1319 1711 1445 1755 experti
1463 1737 1474 1752 ,
1497 1714 1532 1745 &
1547 1712 1633 1747 Deo.
1655 1711 1706 1748 Ut
1718 1712 1779 1747 ho-

389 1767 447 1788 mo
458 1754 544 1789 illam
555 1755 931 1793 b.1buitindiffcrentiam
942 1788 952 1802 ,
968 1770 1032 1804 qua
1049 1759 1152 1806 potuit
1165 1755 1261 1791 rebus
1277 1755 1298 1790 ὲ.
1312 1758 1406 1791 Patre
1422 1758 1586 1805 imperatis
1607 1759 1778 1805 abstinere,

388 1800 409 1836 si
426 1802 535 1850 ipsein
554 1804 654 1853 seipso
670 1836 680 1850 ,
698 1809 834 1843 &resin
847 1806 949 1856 seipsis
968 1806 1168 1855 spectentur:
1192 1804 1243 1840 sed
1261 1805 1329 1840 haec
1347 1805 1565 1841 indifferentia
1582 1808 1779 1847 charitati&

388 1849 586 1888 obedientiae
597 1857 642 1889 ita
656 1867 724 1889 erat
736 1856 880 1900 addidi-a,
906 1868 942 1890 ut
954 1856 972 1892 a
986 1857 1139 1905 peccandi
1149 1854 1308 1904 potestate
1317 1857 1452 1890 omnino
1467 1854 1545 1890 esset
1563 1856 1667 1891 aliena
1682 1871 1690 1892 :
1706 1857 1779 1893 lon-

387 1912 429 1949 ge
440 1901 523 1935 adeo
541 1902 561 1937 ἐι
580 1905 742 1939 viatorum
756 1916 946 1939 caeterorum
974 1904 1191 1941 indifferentia
1207 1901 1331 1937 diversa
1358 1902 1429 1938 fuit.
1462 1905 1551 1938 Nam
1573 1903 1723 1940 flexibilis
1742 1908 1778 1944 in

387 1960 560 1998 utramque
576 1965 701 2000 partem
714 1952 870 1989 libertatis
889 1952 956 1989 usus
974 1956 1008 1989 in
1020 1954 1136 1989 utentis
1149 1952 1237 1986 cedit
1251 1951 1461 1986 commodum
1476 1979 1486 1995 ,
1508 1965 1575 1987 non
1590 1955 1622 1988 in
1635 1954 1777 1993 aliorum

389 2010 658 2036 em01umentum.

438 2049 550 2095 Itaque
564 2049 800 2085 indeclinabilis
815 2051 876 2086 fuit
889 2051 1079 2085 obedientia
1095 2048 1269 2085 voluntatis
1288 2050 1405 2086 Christi
1417 2052 1557 2099 paternis
1575 2050 1719 2100 legibus,
1738 2059 1776 2091 δε

388 2107 446 2143 per
457 2095 539 2131 hanc
548 2097 641 2132 nobis
655 2102 775 2134 meruit
786 2098 915 2134 salutem
928 2129 937 2142 ,
947 2098 1035 2147 quod
1045 2103 1075 2135 in
1086 2102 1123 2133 iis
1137 2098 1231 2133 rebus
1251 2099 1350 2134 fuerit
1363 2129 1372 2139 ,
1388 2101 1428 2134 ad
1444 2112 1520 2146 quas
1563 2112 1596 2134 er
1610 2101 1640 2136 se
1651 2100 1774 2150 spedha-

390 2155 436 2178 tas
447 2157 515 2180 erat
528 2145 650 2192 prorsus
669 2149 855 2183 indiffi=rcns
872 2166 880 2191 3
893 2154 926 2185 ὃς
938 2152 1078 2184 maxime
1098 2150 1170 2195 quia
1183 2147 1285 2183 Verbi
1298 2148 1395 2197 paffio
1412 2148 1486 2183 fuit.
1505 2113 1574 2183 Sibi
1588 2152 1687 2185 etiam
1699 2163 1776 2198 pro.

390 2197 506 2229 mrruit
526 2195 812 2240 resurrectionem,
834 2200 956 2245 regiam
978 2200 1010 2233 in
1024 2209 1137 2234 omnes
1154 2208 1311 2232 creaturas
1333 2198 1580 2241 authoritatem,
1598 2199 1775 2237 consessum

389 2243 428 2276 ad
440 2255 606 2291 paternam
616 2247 801 2288 dexteram,
820 2245 864 2281 ob
887 2246 988 2282 Verbi
1009 2247 1227 2294 majestatem,
1254 2244 1330 2293 quia
1350 2246 1496 2281 Verbum
1516 2259 1596 2294 quas
1621 2261 1698 2284 ante
1715 2252 1773 2285 ln·

389 2295 606 2328 carnationem
624 2294 738 2330 habuit
754 2298 980 2344 praerogativas
996 2328 1006 2342 ,
1024 2296 1150 2331 easdem
1167 2297 1200 2329 in
1223 2307 1317 2330 carne
1330 2294 1470 2330 illibatas
1490 2299 1620 2333 retinet.
1636 2300 1716 2332 Cum
1739 2301 1776 2333 in

377 2336 488 2379 forma
503 2344 562 2376 Dei
579 2345 645 2390 ,rffst
659 2359 666 2378 ,—
680 2357 740 2378 non
752 2348 894 2393 rapinam
905 2344 1082 2380 arbitratus
1096 2344 1136 2383 es?
1153 2345 1206 2389 effe
1216 2344 1251 2387 se
1271 2346 1370 2386 aequal
1388 2358 1415 2377 m
1433 2345 1576 2389 De0‚fed
1589 2348 1774 2381 exinanivit

378 2389 594 2437 fimetipfitm,
609 2389 844 2441 formamftrvi
864 2395 1034 2443 accipiens.
1067 2396 1214 2430 Mortem
1230 2394 1324 2442 igitur
1339 2392 1437 2429 subiit
1451 2393 1538 2432 nulla
1560 2405 1700 2481 cogenhc·i
1712 2407 1770 2430 ne-

1627 2455 1664 2479 ce
1704 2453 1770 2478 tate
