1857 2745
1 183 3 189 ¹
28 171 65 207 1ae
77 169 118 205 ad
127 180 203 217 quas
215 169 303 217 exigi
320 166 485 211 debeant3
513 173 540 213 30
551 116 756 203 girissilbrii
774 116 1019 214 {gugbquidam
1039 166 1260 208 indifferentes
1287 202 1297 217 ,
1323 139 1424 221 ‹13:2⁷ss

26 221 205 270 poterimus
225 218 398 267 diligenter
411 222 445 253 &
457 215 598 251 dilucide
615 214 774 264 explicare
787 215 986 254 conabimur.

383 299 720 347 QUAEsrio
768 299 1001 335 PRIMA.

513 381 569 414 De
589 377 710 414 affibus
735 381 927 417 voluntatis.

88 471 92 474 ·
123 463 204 497 Ctus
215 461 391 497 voluntatis
409 459 463 496 alii
480 463 563 496 circa
584 459 705 506 finem,
725 461 779 496 alii
794 463 876 497 circa
895 463 1005 499 media
1016 463 1195 501 versantur.
1217 466 1269 501 De
1284 462 1422 513 utrisque

123 511 297 561 agendum.

392 592 767 629 ARTICULUS
821 595 1055 634 PRIMUS.

268 667 322 700 De
335 665 455 702 diibus
473 667 655 701 voluntatis
670 669 728 713 qui
744 669 829 701 circa
837 667 940 714 finem
957 669 1150 715 vezfimtur.v

33 740 187 827 TRes
205 739 304 787 vulgo
322 751 528 775 numerantur
542 768 552 782 ,
575 739 727 774 vo'vntas
741 767 752 783 ,
772 742 977 785 intenti0‚&
991 742 1114 780 fruitio.
1135 745 1298 782 Voluntas·
1311 757 1346 783 tit
1367 760 1424 783 va·

119 791 181 823 rias
196 791 301 823 exerit
319 788 504 825 fui-,ftiones
519 818 528 832 ‚
542 786 671 823 diversis
694 800 830 836 quoque
851 795 1040 839 exprimitur
1059 794 1246 830 nominibus
1261 809 1269 830 :
1295 795 1346 831 sed
1364 795 1422 832 ubi

31 840 66 876 in
83 837 185 874 finem
203 836 293 873 suum
310 836 445 886 firnplici
462 850 555 873 motu
572 839 708 876 nititur.
731 839 908 874 voluntatis
926 854 1047 877 nomen
1071 845 1198 881 retiner.
1215 847 1418 888 Sanitatem,

31 888 142 934 inquit
156 914 166 929 ,
187 887 376 932 Aristoteles
388 915 398 928 ,
418 889 588 921 volumnu
612 887 762 934 eligr'mus
775 899 811 919 ea
821 900 887 934 quae
911 889 1062 935 adfimm
1084 893 1264 928 conducunt.
1283 897 1421 929 Veteres

29 937 139 971 Latini
155 935 361 970 voluntatem
380 933 457 970 sunt*
468 936 668 983 interpretati
680 964 689 977 ‚
713 934 922 972 funaionem
940 940 1127 986 appetitus,
1154 954 1225 988 quae
1244 944 1363 976 Graecis
1377 944 1423 979 est

21 983 110 1024 adnm
124 1001 152 1021 ς.
196 983 383 1018 Scholastici
405 983 594 1018 facultatem
615 982 714 1031 ipsam
729 1010 740 1025 ,
757 982 809 1018 seu
829 987 1011 1033 appetitum
1033 990 1224 1025 rationalem
1242 991 1420 1027 voluntatis

25 1034 158 1068 nomine
169 1030 326 1080 fignarunt
339 1050 348 1076 ς
365 1032 571 1067 funaionern
585 1044 665 1065 vero
674 1033 837 1080 appetitus
849 1034 1042 1070 volitionem
1055 1038 1164 1071 dixere
1174 1067 1184 1081 ,
1202 1052 1241 1073 ne
1253 1039 1420 1089 homony-

27 1084 92 1118 mia
104 1093 162 1118 nos
180 1083 212 1115 in
227 1093 369 1115 errorem
385 1082 550 1115 induceret
562 1092 684 1127 :quani
698 1092 808 1114 tamen
819 1083 873 1115 vix
890 1081 1060 1131 effugimus
1072 1102 1081 1127 ;
1091 1097 1165 1121 cum
1179 1087 1355 1122 voluntatis
1371 1091 1420 1138 ip-

20 1129 104 1175 fius,
118 1141 279 1178 quatenus
300 1130 343 1164 est
356 1129 484 1165 funfflo
497 1129 659 1176 appetitus
674 1158 683 1172 ‚
695 1142 814 1164 nomen
836 1143 902 1164 non
927 1144 992 1166 uno
1010 1134 1112 1167 modo
1141 1136 1332 1171 Aristoteles
1354 1138 1420 1186 ipse

27 1178 165 1228 usurpet.
187 1179 448 1214 haminterdum
458 1191 516 1227 pro
526 1177 869 1226 simpliciappetitione
887 1178 958 1215 finis
971 1209 980 1224 ‚
998 1182 1175 1218 voluntatis
1194 1198 1316 1220 nomen
1334 1190 1420 1221 acci,

29 1231 78 1276 pit
89 1243 96 1265 :
109 1228 221 1277 saepius
239 1240 298 1276 pto
318 1226 467 1263 consensu
482 1238 537 1261 aut
552 1226 788 1276 approbatione
809 1240 920 1264 eorum
931 1242 999 1277 quae
1012 1229 1081 1266 sunt
1092 1233 1284 1268 deliberata.
1324 1235 1420 1271 Unde

28 1277 111 1314 hanc
123 1276 237 1313 definit·
259 1277 437 1313 LRlaetor.
455 1290 481 1311 c.
496 1289 517 1311 1.
540 1279 619 1310 Boni
638 1289 706 1310 cum
723 1278 846 1311 ratione
869 1282 1092 1327 appetitionem
1112 1284 1230 1329 :quod
1246 1282 1365 1318 stiljoet
1381 1297 1418 1319 (ῃ

28 1329 177 1374 ptaeviam
194 1325 318 1374 semper
332 1325 451 1361 habeat
468 1323 750 1361 deliberationem.
770 1326 849 1369 Qo
862 1328 996 1373 quidem
1010 1329 1110 1364 modo
1122 1333 1224 1366 Stoici
1237 1334 1319 1380 apud
1334 1334 1418 1368 Tul-

28 1375 109 1411 lium
118 1374 289 1421 Tuscul..4-
305 1387 376 1409 eam
389 1373 429 1408 sic
443 1372 617 1408 definiunt.
635 1374 792 1407 Voluntas
807 1402 815 1412 ,
835 1376 1004 1421 inquiunt,
1029 1377 1070 1421 est
1092 1392 1155 1424 quae
1177 1381 1257 1425 quz'd
1281 1395 1348 1415 cum
1367 1397 1419 1416 ra-

29 1427 112 1459 tione
129 1423 288 1466 defidemt
305 1439 313 1458 ;
333 1434 397 1468 quae
422 1433 528 1456 autem
543 1421 681 1468 advetsa
696 1424 817 1456 ratione
835 1425 972 1458 incitata
991 1424 1030 1468 est
1053 1426 1271 1462 vehementius
1286 1456 1295 1467 ,
1314 1443 1349 1464 ea
1375 1432 1417 1464 ti-

31 1473 105 1508 bido
124 1471 165 1516 est
178 1499 187 1514 ‚
201 1472 257 1505 vel
275 1473 437 1519 cupiditas
458 1469 617 1516 cffraenara
631 1497 640 1507 ,
656 1482 718 1516 quae
733 1473 766 1504 in
788 1470 929 1506 ommbus
943 1471 1049 1516 stultis
1063 1476 1236 1509 invenitur.

79 1523 179 1557 Aestus
193 1532 302 1555 autem
313 1519 367 1554 ille
379 1532 478 1567 quem
489 1519 664 1554 vo'untaris
678 1521 809 1554 nomine
821 1518 1029 1568 defignamu5‚
1044 1534 1136 1556 amor
1156 1524 1217 1558 dici
1234 1526 1340 1572 potest
1354 1555 1362 1568 ,
1376 1528 1416 1560 ad

31 1582 129 1617 quem
144 1572 251 1604 caeteri
270 1581 384 1603 ornnes
402 1568 587 1602 referuntur
601 1582 608 1603 :
633 1566 732 1614 iisque
744 1568 786 1602 est
795 1568 912 1616 duplex
924 1598 932 1611 ‚
943 1582 1008 1603 non
1023 1582 1056 1603 re
1071 1600 1081 1613 ,
1096 1569 1147 1606 sed
1164 1575 1289 1607 ratione
1310 1575 1418 1609 distin-

31 1620 125 1654 dtus..
136 1617 391 1667 Amorpersonae
404 1620 460 1664 qui
478 1622 510 1653 δ(
526 1617 711 1651 ἀίῐεᾶίοῃίε
725 1634 733 1659 ·,
748 1622 780 1653 δέ
795 1630 886 1653 amor
900 1619 1064 1653 commodi
1077 1648 1087 1662 ‚
1105 1622 1193 1666 quod
1207 1621 1346 1669 personae
1364 1624 1419 1672 ipsi

31 1667 182 1704 volumus
194 1667 282 1711 ,sive
293 1667 325 1700 id
346 1666 423 1700 utile
434 1664 470 1700 sit
482 1695 490 1709 ‚
504 1664 566 1700 five
575 1666 761 1713 jucundum.
777 1667 866 1701 Hinc
880 1666 1002 1702 sancius
1013 1668 1158 1704 Thomas
1171 1698 1180 1712 ‚
1196 1672 1292 1712 amus,
1303 1674 1417 1719 inquit,

24 1716 272 1764 'amorissemper
285 1715 389 1749 tendit
399 1717 432 1748 ln
447 1714 647 1760 dno‚s‹:llicet
661 1717 694 1747 in
707 1713 820 1749 bonum
836 1742 844 1753 ,
857 1717 942 1760 quod
958 1719 1028 1762 quis
1040 1720 1115 1751 vult
1135 1718 1288 1756 alicui&
1300 1723 1332 1754 in
1347 1735 1415 1755 eum

33 1766 82 1798 cui
99 1766 175 1799 vult
184 1763 308 1799 bonum.
330 1765 407 1798 Hoc
416 1765 502 1797 enim
514 1763 558 1796 est
575 1765 703 1810 proprie
717 1776 824 1798 amare
842 1764 986 1811 aliquem
997 1765 1103 1808 ‚velle
1113 1769 1142 1800 ei
1160 1764 1297 1802 bonum.
1313 1769 1420 1804 Caete-

31 1815 56 1847 ri
75 1813 253 1848 voluntatis
269 1815 357 1847 adius
370 1824 409 1846 ex
423 1823 534 1845 amore
548 1810 682 1845 velutex
698 1809 752 1845 suo
767 1812 859 1846 fonte
870 1813 1053 1860 profluunt,
1067 1826 1121 1849 aut
1133 1818 1237 1863 potius
1252 1816 1332 1851 nibil
1349 1817 1419 1852 sunt

33 1874 149 1910 praetet
161 1873 305 1896 amorem
324 1863 378 1907 qui
397 1859 536 1894 diversos
550 1860 656 1894 induit
670 1858 788 1895 vultus.
806 1863 894 1897 Nam
910 1866 943 1898 δε
957 1860 1167 1898 desideramus
1190 1862 1314 1899 bonum
1328 1879 1416 1900 ama-

34 1922 104 1946 tum
118 1940 127 1954 ‚
141 1923 245 1958 eoque
261 1910 451 1956 gaudemus3
468 1914 501 1946 &
511 1908 531 1944 si
545 1908 621 1956 quid
633 1906 727 1942 nobis
741 1908 904 1955 displicet,
915 1923 983 1944 non
998 1911 1060 1946 alia
1078 1912 1109 1946 id
1126 1914 1251 1947 ratione
1267 1913 1430 1961 fit,quarn2

37 1957 122 2007 quod
149 1958 239 1995 bono
257 1958 345 2006 quod
366 1970 507 1993 amamus
521 1987 529 2001 ‚
548 1959 585 1991 ad
593 1956 743 1992 versetur.
767 1961 880 2006 Itaque
899 1957 1031 2006 simplex
1043 1960 1220 2004 voluntas,
1245 1974 1299 1997 aut
1327 1976 1419 1998 amor

35 2021 104 2043 non
115 2019 182 2042 tam
197 2009 252 2042 est:
269 2010 335 2043 <stus
348 2007 368 2041 a
380 2009 501 2041 caeteris
517 2007 685 2041 distinctus
698 2035 707 2049 ,
721 2018 818 2053 quam
836 2007 924 2041 radix
941 2013 974 2044 &
995 2008 1067 2045 fons
1084 2012 1230 2045 omnium
1261 2013 1389 2047 actuum
1408 2041 1433 2056 ‚,

37 2068 133 2104 arque
145 2069 181 2091 ex
194 2070 233 2091 eo
242 2057 481 2091 dissinstionem
498 2068 630 2090 omnem
643 2054 727 2089 suam
738 2057 760 2089 ii
776 2055 953 2092 desumunt.
975 2059 1077 2092 Amor
1094 2070 1202 2094 autem
1219 2060 1266 2093 est
1282 2060 1413 2106 alicujus

36 2103 139 2148 boni,
155 2105 244 2152 quod
261 2108 384 2140 animus
401 2117 436 2139 ut
449 2103 543 2140 nobis
563 2106 762 2138 <onveniens
783 2105 915 2153 judicem
935 2108 971 2141 ln
988 2105 1041 2141 illa
1063 2107 1196 2154 quidem
1217 2111 1417 2144 convenien-

37 2155 81 2187 tia
103 2157 240 2202 primum
256 2153 430 2201 acquiescit
457 2153 605 2188 voluntas
620 2182 629 2196 ‚
648 2164 714 2187 tum
728 2165 838 2188 amore
857 2154 998 2202 quodam
1014 2155 1105 2191 velut
1127 2156 1272 2203 pondere
1293 2159 1326 2191 in
1343 2170 1415 2194 eam

38 2213 108 2236 rem
129 2202 228 2237 fertur
243 2233 251 2246 ,
270 2216 341 2249 quae
354 2201 450 2238 nobis
467 2203 656 2244 commoda,
668 2213 723 2235 aut
737 2200 823 2237 bona
835 2204 1001 2251 judicatur.

69 2251 155 2285 Cum
167 2263 255 2285 amor
267 2251 320 2286 ille
337 2255 370 2287 in
386 2251 516 2299 simplici
529 2249 764 2300 complacentia
780 2279 790 2294 ,
811 2264 847 2286 ut
858 2254 949 2287 aiunt
964 2282 973 2296 ,
996 2256 1076 2288 circa
1091 2252 1258 2302 personam
1277 2255 1415 2304 aliquam

40 2297 112 2334 fistit
126 2328 136 2341 ‚
154 2311 222 2333 tum
237 2300 349 2334 sterilis
369 2301 518 2347 quaedam
534 2301 577 2334 est
591 2298 824 2334 benevolentia
846 2330 856 2344 ‚
872 2314 942 2348 qux
955 2303 994 2336 ad
1010 2303 1216 2339 commodum
1231 2302 1328 2351 usque
1350 2319 1422 2341 non.

40 2350 193 2384 excurrit:
206 2347 258 2383 sed
275 2347 330 2383 ubi
347 2361 437 2384 amor
456 2349 500 2383 est
515 2348 625 2385 efficax
636 2377 645 2392 ,
664 2353 696 2385 &
713 2351 746 2385 in
761 2350 968 2386 commodum
986 2350 1126 2400 personae
1143 2352 1267 2387 dileetae
1282 2366 1418 2401 promo-

1114 2402 1245 2450 Aaaij
