1857 2745
365 142 421 181 174
914 128 944 162 L
960 127 995 163 O
1015 128 1045 162 G
1062 129 1077 163 1
1101 125 1132 163 C
1152 128 1192 163 AE

360 195 432 231 quae
447 179 591 216 formalis
606 179 669 214 dici
684 177 764 213 solet
778 206 788 221 ‚
805 185 970 225 quatenus
988 175 1078 225 ipsius
1088 176 1214 227 objecti
1227 176 1356 213 veritati
1374 179 1556 228 opponitur
1568 208 1579 224 ‚
1597 185 1766 230 quamque

359 233 480 266 idcirco
499 228 700 276 obje&ivani
717 230 910 270 nominant,
930 225 1129 275 potissimum
1139 227 1190 264 h'ic
1199 229 1335 277 agimus,
1349 227 1436 264 Cum
1448 241 1497 264 res
1509 231 1556 265 ita
1565 230 1611 264 est
1624 228 1762 280 cognos-

358 279 464 315 cibilis
479 308 487 321 ‚
509 289 543 311 ut
556 290 669 312 revera
683 278 725 312 est
737 306 746 321 ‚
760 289 829 313 tum
843 274 945 312 habet
952 278 1130 314 veritatem
1140 276 1360 327 ehje-stivam:
1378 290 1416 314 ut
1428 277 1601 328 figurarum
1615 281 1766 328 proprie-2

361 340 441 363 tatxs
454 356 462 370 ‚
489 339 561 374 qiiae
578 328 618 362 de
644 330 683 361 iis
701 326 915 362 demonstrari
932 323 1075 375 possunt.

385 378 465 425 Jim
484 379 600 424 utique
617 379 735 412 veritas
761 375 907 411 formalis
922 405 932 419 ‚
945 387 979 411 ut
991 374 1165 421 &falling
1174 377 1221 412 est
1230 375 1347 426 duplex
1364 376 1589 426 :incomplexa
1600 378 1764 422 nimirum,'

358 440 431 475 quae
448 424 583 474 simplici
595 428 801 476 perceptioni
812 425 916 469 inest3
940 431 975 463 &
991 425 1267 475 complexa,quae
1289 428 1326 462 in
1342 425 1524 463 affirmante
1547 426 1601 463 vel
1625 438 1769 476 negante

360 487 528 525 reperitur.
735 514 739 518 ¹

369 529 416 561 Ex
429 524 549 573 quibus
561 525 849 573 liquetveritatem
861 535 995 559 omnem
1006 525 1039 560 in
1049 524 1191 572 quadam
1201 525 1360 562 relatione
1372 523 1583 561 similitudinis
1592 535 1646 559 aur
1656 534 1774 572 aequam

358 573 459 610 litatis
473 573 535 609 effe
548 574 683 624 politam
700 590 707 611 :
729 574 855 610 siveilla
865 574 1028 622 aequalitas
1048 573 1085 609 sit
1099 576 1183 611 inter
1200 587 1249 610 tes
1265 574 1345 624 ipsas
1356 604 1366 619 ‚
1384 586 1421 609 ut
1439 577 1524 610 inter
1540 572 1719 610 mensuram
1730 577 1766 610 &

356 636 428 659 rem
442 623 658 659 mensuratam
671 641 679 668 3
694 623 759 660 five
782 636 819 658 ea
830 623 866 658 sit
880 625 964 658 inter
978 625 1202 672 cognitionem
1220 625 1358 660 nostram
1370 629 1403 661 δι
1414 622 1582 673 objestum
1606 636 1614 657 :
1638 632 1676 657 ut
1691 633 1776 657 cum,

354 674 468 722 judico
478 672 578 709 solem
596 673 657 709 effe
668 686 750 709 terra
767 677 925 722 majorem
943 689 953 717 ·,
973 672 1027 708 seu
1049 673 1194 723 denique
1208 673 1267 709 illa
1290 672 1455 722 aequalitas
1481 672 1541 709 sint
1562 674 1649 708 inter
1676 671 1766 706 ideas

357 724 477 759 nostras
492 752 502 767 ,
533 723 635 771 qualis
655 722 853 771 potiffimum
877 725 908 758 in
927 722 1171 758 Mathe-maricis
1189 726 1354 760 invenitur
1368 752 1378 767 ,
1402 734 1477 757 cum
1497 723 1639 757 rationes
1650 731 1766 757 nume-z

359 783 473 808 rorum
489 778 522 809 &
539 773 714 822 figurarum
725 776 809 809 inter
822 771 852 807 se
867 771 1076 807 conferimus.
1093 773 1184 808 Idem
1204 773 1248 807 est
1257 772 1297 807 de
1310 771 1446 807 falsitate
1452 771 1619 820 J'udicium.

395 825 485 858 Vera
496 834 607 858 autem
617 822 687 858 sunt
707 824 819 858 omnia
830 823 970 857 veritate
987 820 1277 866 transcenderunt,
1300 826 1336 858 ὃ(
1349 819 1467 856 falsitas
1486 819 1573 856 nulla
1590 819 1637 854 est
1653 816 1709 854 nifi
1728 820 1777 854 in.

358 870 542 907 intelleClm.
575 875 661 920 Qae
677 874 766 906 enim
785 873 821 906 in
845 869 940 905 rebus
956 868 1025 918 ipsis
1040 871 1084 905 est
1096 869 1234 915 falsitas,
1265 882 1304 904 ea
1322 868 1419 905 rebus
1441 882 1510 905 non
1530 867 1611 905 inest
1631 866 1686 904 nisi
1707 879 1771 916 pet.

359 921 671 956 denominationem
682 919 912 955 extrinsecam:
922 930 959 953 ut
974 921 1079 967 paries
1094 921 1210 954 dicitur
1219 920 1332 954 dexter
1342 929 1396 954 aut
1414 917 1530 954 sinister
1542 917 1686 966 respeifil-,u
1695 919 1767 952 ani-

359 969 464 1005 malis.
488 971 542 1004 Sic
552 969 772 1006 aurichalcum
791 980 908 1004 verum
926 968 974 1002 est
990 967 1227 1006 aurichalcum,
1246 968 1300 1002 sed
1319 966 1434 1002 falsum
1451 979 1562 1001 aurum
1575 995 1584 1009 ‚
1604 977 1766 1014 quatenus

358 1031 417 1067 per
434 1017 477 1052 sui
490 1018 629 1066 speciem
640 1021 835 1053 exteriorem
850 1016 1033 1052 intellectui
1043 1016 1169 1064 praebet
1178 1017 1303 1052 errandi
1316 1015 1577 1051 occafionem.,1d
1588 1027 1668 1050 vero
1678 1026 1766 1050 nunc

358 1070 531 1114 querimus
549 1095 558 1109 ,
573 1080 614 1103 an
633 1070 753 1103 veritas
765 1095 774 1109 ‚
785 1078 838 1100 aut
851 1064 969 1101 falsitas
987 1065 1029 1099 ad
1052 1064 1231 1114 simplicem
1249 1067 1368 1100 mentis
1384 1066 1632 1112 perceptionem
1645 1062 1700 1099 vel
1709 1075 1767 1111 ap·

359 1115 607 1165 prehensionem
621 1117 792 1164 pertineat.

390 1167 472 1200 Hrec
490 1164 607 1199 melius
628 1163 872 1212 intelligentur,
894 1161 915 1198 fi
932 1162 1256 1199 funffionesmentis
1270 1191 1280 1207 ‚
1304 1167 1337 1199 δε
1354 1174 1423 1210 quo
1437 1161 1551 1198 ordine
1574 1161 1764 1197 formentur

361 1214 458 1262 paulo
477 1213 663 1262 diligentius
687 1215 880 1249 intueamur.
917 1214 1007 1250 Nam
1028 1213 1116 1259 quod
1143 1210 1278 1260 simplex
1299 1213 1346 1246 rei
1369 1213 1443 1246 idea
1465 1210 1623 1259 fitprima
1645 1212 1766 1246 mentis

363 1265 531 1312 perceptio
543 1292 552 1307 ,
576 1266 627 1297 cui
641 1275 714 1298 cum
728 1262 922 1298 attributum
934 1264 1139 1310 conjungitur
1149 1291 1158 1306 ‚
1178 1260 1214 1297 fit
1221 1261 1376 1311 judicium
1386 1290 1396 1305 ,
1413 1272 1449 1296 ut
1462 1258 1614 1295 discursus
1628 1272 1667 1296 ex
1675 1259 1768 1296 mul-

363 1315 403 1347 tis
416 1313 541 1361 judiciis
557 1312 730 1356 coalescit,
740 1312 896 1360 id'utique
908 1323 1022 1346 ver-um
1037 1312 1080 1345 est
1090 1313 1123 1347 in
1133 1312 1308 1346 nostrarum
1324 1312 1562 1360 cogitationum
1573 1309 1772 1358 explicatio&

361 1375 403 1398 ne
419 1375 425 1396 τ
443 1374 518 1397 nam
531 1361 684 1397 sermonis
697 1362 793 1397 nostri
811 1373 882 1410 pars
901 1358 1125 1410 simpliciffima
1143 1361 1187 1395 est
1201 1372 1336 1402 nomen,
1355 1361 1405 1394 cui
1423 1359 1610 1408 adjunistum
1628 1359 1769 1406 aliquod

353 1409 556 1449 attributum
577 1410 830 1460 propositionem
847 1408 947 1446 efficit
960 1421 1023 1446 :ex
1036 1411 1130 1445 variis
1149 1410 1283 1445 demum
1295 1406 1570 1458 propositionibus
1591 1406 1629 1443 fit
1652 1407 1775 1443 discur-

361 1460 410 1495 sus
435 1474 442 1495 :
464 1459 517 1494 sed
543 1459 629 1496 forte
642 1473 708 1495 non
728 1462 773 1494 ita
789 1458 1001 1508 disponuntur
1028 1461 1198 1494 interiores
1218 1460 1336 1494 mentis
1355 1459 1540 1493 funetiones
1558 1484 1568 1499 ,
1588 1468 1633 1491 ut·
1648 1455 1766 1492 diserte

363 1508 505 1557 explicat
518 1511 566 1542 vir
579 1508 775 1544 doffiffimus
788 1511 831 1545 D.
845 1510 1005 1543 Mariotre
1024 1510 1059 1542 in
1071 1506 1309 1542 tentaminibus
1323 1508 1462 1550 Logicis.
1487 1507 1596 1540 Prima
1612 1508 1701 1540 enim
1716 1507 1772 1541 rei·

364 1557 496 1604 alicujus
509 1557 581 1592 visae
593 1586 602 1600 ‚
630 1569 665 1591 ut
683 1557 764 1591 rosae
781 1557 873 1601 idea,
885 1569 953 1592 non
966 1555 1070 1591 rosam
1090 1555 1283 1599 solitariam,
1303 1554 1355 1590 sed
1373 1545 1429 1591 suo
1441 1555 1552 1590 colore
1571 1555 1718 1598 tinctam,
1730 1559 1770 1592 δε

364 1607 537 1655 multiplici
549 1606 631 1641 folio
644 1606 834 1642 instruetam
847 1605 944 1642 nobis
957 1605 1113 1649 exhibet,
1135 1617 1173 1640 ut
1190 1605 1271 1641 olim
1285 1618 1343 1654 per
1358 1605 1471 1640 oculos
1487 1603 1586 1640 subiit
1604 1607 1764 1641 animum3

366 1668 506 1704 cumque
520 1655 623 1690 rosam
642 1655 773 1691 rubram
793 1655 854 1691 ell'e
869 1656 1006 1690 dicimus
1022 1683 1032 1698 ,
1054 1657 1193 1704 primam
1219 1657 1338 1690 mentis
1353 1655 1461 1689 ideam
1483 1653 1589 1689 verbis
1611 1655 1767 1702 exprimi-

368 1718 438 1740 mus
457 1720 464 1741 ε
493 1705 544 1739 sed
566 1718 639 1739 cum
654 1705 777 1753 aliquid
792 1703 951 1754 praestrea
965 1705 1113 1739 addimus
1125 1733 1136 1748 ,
1155 1705 1245 1752 quod
1266 1705 1299 1739 in
1329 1705 1436 1752 primo
1461 1702 1538 1739 rosae
1553 1701 1684 1750 aspecstu
1696 1715 1766 1740 non

365 1757 568 1798 continetur,
591 1767 628 1790 ut
644 1755 733 1803 quod
744 1758 814 1790 vim
829 1753 952 1790 habear
963 1754 1176 1803 refrigerandi
1193 1783 1202 1797 ,
1223 1765 1292 1788 tum
1308 1753 1460 1801 judicium
1473 1753 1664 1796 formamus,
1675 1751 1767 1800 quod

365 1803 559 1851 plerumque
569 1807 661 1840 unius
680 1815 735 1841 aut
761 1803 950 1853 multiplicis
963 1803 1188 1839 ratiociniiest
1206 1801 1378 1838 conclufio.

398 1855 512 1901 Itaque
524 1882 533 1896 ‚
550 1865 585 1888 ut
602 1853 666 1902 ipse
679 1854 863 1898 existimat,
878 1866 952 1889 cum
963 1866 1033 1888 tem
1046 1851 1184 1888 sensibus
1196 1863 1384 1901 perceptam
1399 1878 1409 1894 ‚
1424 1863 1465 1885 eo
1478 1862 1547 1896 quo
1557 1860 1713 1898 percepta
1720 1849 1766 1886 est

365 1903 465 1937 modo
482 1914 538 1937 aut
551 1905 757 1938 meminimus
770 1933 780 1946 ,
797 1916 851 1938 aut
869 1905 1104 1950 imaginatione
1115 1903 1322 1948 depingimus
1335 1928 1345 1943 ,
1367 1911 1438 1934 tum
1453 1910 1491 1932 ea
1504 1899 1547 1933 est
1556 1900 1662 1948 prima
1671 1910 1763 1933 men-

366 1953 405 1985 tis
418 1955 577 2000 operatio.
600 1952 688 1986 Cum
700 1951 804 2000 plures
820 1952 906 1985 ideas
917 1951 1033 1997 easque
1043 1948 1182 1983 diversas
1189 1950 1351 1997 jungimus
1366 1977 1375 1992 ,
1396 1946 1533 1982 secunda
1559 1950 1678 1983 mentis
1691 1947 1766 1984 fun·

366 2002 432 2037 &10
456 2003 520 2035 dici
546 2001 653 2049 potest
669 2017 678 2044 ·‚
701 2012 737 2036 ut
747 2002 843 2035 tertia
860 2000 922 2034 erit
935 2027 944 2042 ‚
972 2011 1047 2033 cum
1065 2010 1163 2033 unam
1181 1988 1372 2046 qualitatem
1392 1997 1470 2031 ideae
1489 1998 1621 2046 integrae
1637 1996 1764 2045 separa..

367 2053 425 2085 rim
443 2053 654 2099 percipimus,
681 2061 717 2085 ut
735 2049 928 2085 rubedinem
946 2046 1046 2083 solam
1064 2065 1073 2092 ς
1091 2060 1161 2096 quae
1181 2047 1353 2083 abstractio
1372 2047 1436 2081 dici
1455 2043 1537 2081 solet
1554 2061 1561 2083 :
1578 2059 1652 2082 cum
1666 2045 1763 2082 diffie..

366 2103 474 2135 rentiae
498 2113 604 2135 rerum
623 2112 678 2135 aut
690 2099 897 2135 habitudines
914 2098 1098 2147 spe&aiitur
1113 2127 1122 2140 ,
1137 2109 1172 2132 ut
1188 2097 1311 2144 aliquid
1333 2096 1409 2132 inde
1434 2095 1665 2140 concludatur,
1694 2107 1763 2131 turn

366 2153 617 2186 ratiocinamur:
639 2155 725 2195 cujus
753 2150 911 2184 ratiocinii
932 2145 1092 2183 conclusio
1112 2147 1158 2181 est
1175 2147 1351 2198 judicium:
1367 2148 1399 2182 in
1413 2158 1481 2193 quo
1497 2148 1627 2195 proprie
1641 2145 1684 2180 est
1702 2157 1762 2186 ve·,

368 2202 441 2232 ritas
453 2229 462 2241 ‚
485 2212 541 2234 aut
564 2198 691 2235 falsitas.
710 2199 773 2234 Sed
794 2210 959 2246 utcunque
976 2210 1013 2232 ea
1030 2210 1077 2232 res
1094 2196 1141 2234 sit.

408 2250 425 2279 (
441 2262 494 2282 nm
516 2250 670 2295 judicium
708 2262 807 2283 omne
843 2247 1027 2283 intellee'tus
1058 2247 1307 2296 perceptionem
1333 2274 1343 2288 ,
1380 2256 1437 2279 aut
1473 2244 1760 2293 apprehensionem

369 2295 503 2343 subsequ
515 2310 573 2332 ·rur
591 2328 597 2339 ,
628 2304 661 2335 δε
692 2298 827 2343 simplex
853 2299 1020 2347 perceptio
1038 2299 1152 2332 erroris
1178 2295 1343 2332 interdum
1374 2293 1514 2341 praebeat
1540 2293 1739 2331 occasionem
1750 2309 1761 2331 ε

370 2344 433 2378 hoc
451 2348 560 2392 utiquc
581 2346 667 2382 senfii
695 2347 809 2383 fallitas
830 2350 861 2383 in
880 2350 985 2396 prima
1000 2349 1116 2383 mentis
1131 2347 1324 2395 operatione
1340 2343 1401 2379 effe
1418 2344 1530 2392 potest.
1558 2345 1636 2380 Non
1657 2344 1764 2391 potest:

368 2396 453 2429 enim
464 2395 648 2432 intellectus
663 2399 805 2446 judicare
818 2397 912 2434 aliter
923 2409 1023 2447 atque
1033 2399 1063 2433 ei
1079 2397 1339 2443 videtu13neque
1356 2393 1439 2431 adeo
1458 2394 1501 2432 est
1518 2392 1706 2432 indiffetens
1721 2403 1761 2436 ¹²¹?
