1857 2745
336 149 403 178 σοι,
796 137 1305 175 METAPHYSICAE

338 203 404 225 non
421 188 521 224 solum
535 187 632 234 seipsa
655 195 793 221 movent
803 186 912 233 quoad
922 188 1152 221 executionem
1162 187 1280 223 horum
1296 185 1456 230 motuum,
1468 186 1520 223 sed
1539 191 1638 225 etiam
1653 190 1723 226 for.

337 250 403 273 mas
426 237 597 282 acquirunt
606 247 677 282 quae
688 233 747 270 fint
763 246 878 270 eorum
885 246 1034 270 motuum
1045 237 1223 285 principia;
1239 236 1356 286 species
1375 238 1527 271 nimirum
1538 230 1593 280 j&
1604 240 1723 289 imagi-

337 297 393 322 nes
404 297 510 320 rerum
520 296 599 331 quas
615 282 811 333 cognoscunt
821 313 830 328 ,
839 289 873 321 &
887 295 1048 334 appetunt
1065 298 1073 320 z
1088 284 1140 320 sed
1158 297 1266 321 tamen
1276 284 1356 321 fines
1368 296 1479 321 eorum
1492 297 1643 322 motuum
1656 300 1723 324 non

336 334 392 369 fibi
406 334 605 383 praestituunt
614 362 623 377 ‚
636 335 669 368 in
678 345 734 368 eos
745 332 890 368 feruntur
900 332 1038 381 quisunt
1055 334 1075 369 ὲ
1087 345 1198 369 natura
1215 335 1388 384 praestituti.
1403 336 1455 369 Sic
1464 335 1615 371 animalia
1627 334 1725 385 seipsa

338 394 479 420 movent
490 411 500 427 ‚
516 387 550 419 δε
565 382 719 418 nobiliori
737 383 838 418 modo
856 395 954 431 quam
962 382 1090 431 plantae.
1103 385 1146 419 At
1156 383 1257 420 homo
1269 397 1336 420 non
1352 382 1452 418 solum
1471 396 1577 420 motus
1587 387 1724 433 exequi-

339 445 387 468 tur
398 434 466 467 suos
477 461 487 476 ,
504 437 537 468 δε
550 431 670 466 formas
681 443 792 466 earum
805 434 991 467 motionum
1000 433 1145 479 acquirit,
1161 438 1196 470 &
1208 433 1455 481 quodammodo
1468 431 1585 477 efficit,
1603 432 1656 469 sed
1667 445 1724 468 va-

337 484 401 516 rios
416 485 517 516 etiam
529 479 608 515 fines
620 479 747 515 suarum
764 482 993 529 operationum
1003 479 1060 516 fibi
1069 482 1239 529 praestituit.
1252 483 1337 518 Hinc
1347 481 1483 517 meliore
1492 488 1527 520 &
1546 482 1724 531 perfeetio-

339 544 373 566 re
386 531 504 566 fruitur
519 533 600 566 vita.

371 584 494 616 Verum
510 581 662 627 inquiunt
674 607 683 622 ‚
693 591 755 614 una
771 578 886 628 species
900 577 1036 614 alteram
1054 591 1119 615 non
1139 579 1292 618 includit:
1303 581 1356 616 sed
1368 582 1477 617 anima
1494 578 1660 615 rationalis
1675 582 1725 616 in-

340 628 440 665 cludit
455 631 687 677 vegetatn'cem
698 657 707 671 ‚
724 628 975 665 &sentientem

377 677 571 726 Respondent
598 679 739 712 animam
760 676 952 713 rationalem
973 682 1139 714 continete
1166 679 1303 727 reliquas
1327 681 1453 714 animas
1473 689 1515 713 eo
1539 677 1607 713 fere
1624 676 1727 712 modo

340 740 408 776 quo
428 726 607 775 luperficies
627 724 747 760 lineam
760 755 770 770 ,
785 738 843 762 aut
856 730 959 773 major
970 740 1121 763 numerus
1145 732 1304 763 minorem
1318 731 1486 771 continet,
1503 725 1726 768 materia-liter,

341 789 377 811 ut
394 777 484 811 aiunt
499 804 508 819 ,
528 788 594 811 non
611 774 799 810 formaliter-
815 790 822 812 :
837 787 889 811 eas
912 778 1036 825 quippe
1058 776 1272 827 praesupponit
1285 807 1294 821 ‚
1312 790 1379 812 non
1396 789 1437 812 ex
1457 779 1494 811 iis
1522 775 1728 811 constituitur

342 828 451 861 anima
463 823 641 860 rationalis.

375 878 496 910 Verum
509 873 560 909 hic
573 873 703 922 quaestio
720 876 820 909 oritur
832 886 873 909 an
884 872 1096 910 definitiones
1109 875 1224 909 anirnae
1237 885 1308 923 quae
1323 873 1420 922 vulgo
1437 871 1718 914 circumferuntur,

342 926 458 959 animae
478 921 627 959 rationali
642 924 958 960 conveniantzadeo
971 935 1008 959 ut
1025 926 1135 959 anima
1147 921 1185 958 sit
1201 935 1278 958 vera
1294 924 1438 970 corporis
1459 922 1579 957 forma.
1603 922 1651 955 Sit
1669 922 1731 968 igi-

345 985 394 1008 tur

851 1023 965 1057 Prima
979 1019 1153 1067 Conclufio.

451 1120 553 1154 Nima
565 1118 733 1155 rationalis
743 1119 790 1153 est
801 1130 878 1153 vera
887 1119 1027 1154 hominis
1040 1117 1159 1153 forma.

485 1167 616 1203 Probat.
638 1168 698 1202 haec
713 1166 860 1212 conclusio
875 1176 904 1201 ιο
926 1169 1004 1215 quia
1021 1169 1057 1201 in
1077 1166 1184 1204 Cone.
1210 1163 1386 1202 Viennensi
1405 1164 1450 1200 est
1472 1163 1557 1199 clare
1569 1164 1727 1202 definita:

345 1216 429 1250 adeo
440 1219 646 1252 utcontratia
657 1216 816 1251 sententia
827 1225 994 1264 tamquam
1013 1226 1170 1260 erronea,
1190 1221 1225 1254 δε
1239 1213 1315 1249 fidei
1335 1214 1516 1250 Catholicae
1535 1215 1665 1250 inimica
1682 1227 1732 1250 re-

351 1264 515 1313 probetur.

398 1323 431 1349 20
453 1312 609 1361 probatur
632 1311 805 1360 multiplici
829 1315 954 1347 tatione
975 1311 995 1348 ὲ
1013 1312 1042 1346 S·
1060 1312 1190 1347 Thoma
1216 1325 1240 1348 ι.
1257 1323 1340 1360 past.
1364 1311 1470 1359 quaest.
1485 1319 1534 1354 76·
1551 1315 1584 1348 &
1598 1321 1646 1355 79.
1661 1323 1732 1358 quae

351 1363 412 1398 huc
430 1361 499 1397 fere
512 1362 656 1398 redeunt:
674 1362 814 1397 formam
828 1359 889 1396 effe
901 1361 933 1395 id
950 1372 1017 1408 quo
1033 1362 1138 1408 ptimo
1151 1359 1272 1406 aliquid
1289 1371 1458 1407 operamur
1473 1374 1480 1394 :
1495 1359 1548 1394 sed
1563 1362 1670 1395 anima
1690 1360 1734 1395 est

350 1411 382 1445 id
397 1424 463 1459 quo
473 1413 613 1459 primum
626 1409 837 1458 intelligimus
847 1438 856 1453 ,
873 1407 1103 1446 &intellectio
1121 1408 1168 1442 est
1182 1409 1333 1457 precipua
1352 1407 1493 1443 hominis
1509 1411 1656 1457 operatio
1668 1422 1676 1443 :
1686 1420 1735 1443 er-

346 1473 393 1509 go
402 1461 510 1496 anima
525 1459 728 1496 intellectiva
740 1458 786 1493 est
796 1458 939 1494 hominis·
952 1457 1067 1493 forma.
1104 1459 1194 1495 Nam
1202 1455 1227 1492 fi
1235 1456 1418 1492 intellectio
1427 1457 1474 1492 est
1485 1457 1624 1492 hominis
1633 1458 1732 1501 ael-io,

350 1515 387 1547 &
407 1508 544 1557 quisque
570 1511 732 1556 experitur
755 1506 888 1555 seipsum
904 1506 1087 1556 intelligere
1101 1535 1111 1550 ,
1129 1504 1252 1541 necesse
1266 1506 1311 1540 est
1331 1508 1471 1554 primum
1489 1506 1582 1552 hujus
1597 1507 1735 1541 aetionis

350 1560 547 1606 principium
565 1555 627 1592 effe
641 1557 781 1593 hominis
801 1556 962 1592 formam:
975 1567 1048 1591 curn
1066 1555 1172 1591 forma
1187 1553 1224 1589 fit
1239 1557 1378 1603 primum
1398 1555 1516 1603 agendi
1531 1556 1734 1603 principium.

354 1608 446 1642 Hinc
457 1607 489 1641 S.
505 1606 631 1654 August.
642 1606 698 1643 lib.
710 1606 753 1641 de
762 1606 955 1652 Qantitate
965 1606 1081 1640 animae
1095 1633 1105 1647 ,
1120 1602 1160 1639 fic
1170 1615 1242 1638 eam
1251 1602 1370 1640 definit
1381 1632 1390 1647 ‚
1400 1601 1578 1648 ficbstantia
1595 1602 1636 1649 est
1650 1631 1660 1643 ‚
1685 1605 1735 1641 in-

354 1657 446 1704 quit,
469 1656 610 1702 quadam
625 1657 757 1690 rationis
772 1657 933 1704 particeps
949 1682 959 1697 ‚
977 1654 1111 1702 regendo
1128 1656 1251 1700 corpori
1260 1651 1503 1688 accommodata.
1527 1686 1535 1689 s

393 1706 547 1739 Praeterea
557 1716 614 1752 per
624 1702 975 1740 animamrationalem
987 1702 1089 1737 homo
1103 1702 1301 1736 constituitur
1310 1730 1320 1746 ,
1332 1707 1366 1739 &
1380 1700 1422 1736 ab
1440 1699 1593 1735 omnibus
1606 1700 1675 1734 aliis
1683 1699 1735 1734 di-

353 1754 516 1802 stinguitur
531 1782 542 1797 ‚
553 1764 654 1801 atque
665 1754 697 1788 id
713 1752 801 1800 quod
815 1751 873 1787 fibi
887 1753 1027 1786 maxime
1047 1753 1212 1799 proprium
1220 1751 1264 1785 est
1275 1779 1285 1793 ‚
1296 1761 1445 1799 operatur
1458 1750 1524 1792 3est
1542 1751 1622 1783 item
1632 1749 1736 1784 homo

355 1814 461 1838 totum
478 1800 659 1851 physicum,
677 1807 711 1839 δι
728 1813 828 1837 unum
846 1800 962 1849 agendi
970 1801 1269 1848 principiumzergo
1285 1802 1393 1834 anima
1406 1798 1569 1834 rationalis
1592 1797 1639 1832 est
1658 1808 1735 1832 vera

354 1852 497 1888 hominis
509 1851 636 1887 forma:
655 1863 728 1885 cum
746 1849 853 1885 forma
865 1847 1008 1897 cujusque
1021 1850 1066 1883 rei
1086 1861 1125 1883 ex
1140 1850 1268 1896 propria
1286 1848 1369 1883 illius
1388 1848 1579 1895 operatione
1593 1843 1735 1881 innotes-

356 1912 419 1936 cat.
437 1900 502 1935 Sed
520 1903 649 1948 propria
665 1900 804 1935 hominis
813 1897 944 1934 funffio
966 1897 1010 1932 est
1021 1896 1201 1945 intelligere
1212 1911 1223 1932 τ
1239 1897 1326 1944 quod
1354 1898 1452 1945 igitur
1471 1897 1570 1944 princi
1595 1897 1664 1929 ium
1689 1893 1733 1928 est

355 1949 584 2000 intelligendi,
598 1949 736 1998 idipsum
756 1948 803 1983 est
821 1948 961 1983 homims
979 1945 1094 1984 forma.
1116 1946 1164 1981 Est
1180 1948 1279 1980 etiam
1297 1947 1385 1980 astus
1403 1947 1540 1993 primus,
1562 1908 1612 1977 {gu
1635 1939 1734 1977 nobi-

357 1999 471 2035 lissima
485 1998 643 2048 perfestio
657 1999 802 2046 corporis
809 1998 950 2047 organici
957 2023 969 2040 ,
985 1996 1074 2043 quod
1086 1997 1198 2030 animae
1207 2006 1241 2030 ut
1250 1994 1406 2030 idoneum
1419 1993 1666 2028 instrumentum
1677 1988 1736 2027 ob-

359 2050 512 2097 sequitur.

390 2100 474 2147 Opp.
490 2098 710 2146 Operationes
719 2097 831 2130 animae
842 2091 1076 2129 intellectuales
1087 2120 1095 2134 ,
1107 2092 1289 2141 intelligere
1299 2092 1463 2132 nimirum,
1475 2094 1507 2125 &
1519 2088 1604 2124 velle
1617 2118 1627 2132 ‚
1641 2101 1735 2124 com-

360 2148 512 2183 municari
528 2158 594 2182 nou
619 2143 744 2192 poss'unt
756 2145 906 2192 corpori,
921 2154 980 2177 nec
995 2153 1052 2190 pet
1081 2154 1237 2190 organum
1258 2151 1447 2189 corporeum
1473 2140 1636 2173 exerceri:
1658 2150 1737 2186 ergo

358 2209 467 2244 neque
482 2194 582 2244 ipsum
592 2193 652 2229 effe
662 2195 777 2228 animat
790 2190 1016 2227 intelleCkualis
1031 2219 1041 2233 ‚
1061 2190 1147 2237 quod
1157 2203 1221 2225 non
1236 2192 1340 2225 minus
1360 2188 1402 2222 est
1412 2186 1625 2221 immateriale
1635 2199 1737 2234 quam

362 2246 443 2280 illius
453 2246 605 2292 operatio
617 2244 732 2290 ‚recipi
745 2243 778 2276 in
797 2251 1019 2289 corpore,aut
1033 2241 1303 2274 eicommunicari
1325 2235 1390 2270 ullo
1411 2236 1509 2270 modo
1527 2235 1631 2284 potest
1647 2250 1652 2269 :
1675 2246 1734 2270 ne-

363 2307 427 2341 que
442 2295 524 2328 adeo
546 2295 654 2328 anima
668 2292 713 2325 est
729 2292 873 2338 corporis
884 2289 989 2324 forma
1005 2302 1013 2323 ε
1029 2291 1167 2322 mixime
1180 2300 1252 2322 cum
1262 2289 1368 2322 anima
1385 2287 1416 2320 in
1434 2283 1527 2332 seipsa
1542 2285 1663 2326 existat,
1674 2291 1735 2318 nec

366 2341 457 2390 possit
492 2339 553 2377 effe
581 2343 615 2376 in
642 2338 707 2374 alio
723 2340 817 2374 instar
843 2337 953 2373 formae
978 2336 1160 2371 materialis.
1705 2381 1709 2384 .

401 2392 487 2439 Resp.
501 2390 657 2436 dist.confi
676 2390 752 2424 Non
770 2387 877 2436 potest
895 2388 1003 2423 anima
1023 2387 1252 2420 communicari
1278 2386 1423 2431 corpori,
1444 2392 1497 2416 aut
1519 2383 1562 2416 ita
1584 2381 1680 2428 recipi
1701 2391 1735 2413 m
