1857 2745
359 132 410 176 516
801 121 1278 162 METAPHYSICAE

359 188 395 210 ut
407 174 459 210 suo
477 173 551 208 loco
562 173 702 206 dicemus
718 183 843 218 3eaque
856 170 958 206 habet
975 172 1136 206 rationem
1153 170 1266 206 formae
1279 180 1435 219 quatenus
1456 171 1518 207 una
1539 183 1610 207 cum
1633 185 1751 222 corpo-

360 237 393 259 te
406 224 449 257 est
476 223 669 270 principium
684 222 846 268 integrum
857 248 869 264 ,
885 225 918 258 &
942 220 1144 267 adaequatum
1161 232 1272 256 earum
1302 220 1511 257 functionum
1540 233 1619 269 quas
1639 225 1754 259 vivens

361 283 476 306 exerit.

399 319 565 366 Qiaetitur
586 316 724 354 secundo
743 330 784 354 an
802 318 1018 368 compositum
1036 317 1072 354 fit
1091 319 1247 367 quiddam
1264 318 1447 355 distinetum
1469 319 1490 356 ὲ
1504 319 1648 370 partibus
1668 319 1756 356 simui

361 371 472 404 unitis.

400 419 490 466 Kasp.
509 415 738 465 Compofiturn
755 429 822 451 non
841 416 927 452 aliud
937 416 996 452 else
1008 429 1106 464 quam
1124 429 1228 465 partes
1239 415 1331 452 fiinul
1343 420 1448 453 unitas
1464 429 1519 455 :ut
1536 430 1592 466 pai·
1606 430 1758 453 numerus

364 481 393 502 v.
410 479 457 516 gr.
471 466 606 502 senarius
634 465 715 502 niliil
731 466 774 500 est
788 462 842 501 nisi
856 478 936 501 unus
955 473 987 503 &
1006 466 1088 500 alter
1105 479 1256 501 numerus
1271 496 1282 510 ‚
1304 466 1356 501 seu
1379 469 1533 502 ternatius
1555 473 1588 504 δε
1604 469 1759 502 ternarius

363 515 454 552 finiul
475 515 541 551 siim
569 518 732 562 ti·,neque
745 514 843 549 ullam
854 515 951 550 aliam
976 513 1077 550 habet
1087 518 1271 551 entitatem.
1299 517 1344 550 At
1362 514 1382 550 si
1396 516 1573 564 spedkmus
1596 515 1756 564 composi-

363 577 433 600 tum
453 576 487 600 ut
504 529 608 600 halsiet
626 566 683 612 effe-
693 563 909 613 respectivum
923 582 932 609 ·‚
947 576 1017 599 tum
1031 563 1119 598 aliud
1130 566 1258 600 videtur
1273 567 1325 612 ‘ff'
1338 564 1526 614 compositi,
1541 565 1627 599 aliud
1652 576 1759 599 mate-

364 617 417 649 riae
432 626 504 658 ,aut
517 614 638 649 formae.
665 616 745 650 Non
760 615 849 649 enim
859 616 912 662 effe
930 616 1027 649 totius
1042 613 1088 647 est
1100 615 1151 661 effe
1164 613 1278 649 fotmae
1289 629 1296 650 :
1307 627 1381 649 cum
1398 615 1474 650 illud
1495 625 1665 663 genetetur
1675 642 1685 657 ‚
1696 614 1760 648 hoc

364 676 431 699 non
444 665 537 699 item.
556 663 687 699 Deinde
704 665 756 710 effi
778 662 892 698 fotmae
909 664 987 698 inest
1010 662 1189 711 composito
1200 693 1210 707 ,
1225 677 1291 699 non
1308 665 1390 698 item
1404 666 1457 712 effe
1480 661 1667 712 compositi,
1684 675 1760 698 cuni

364 712 446 747 nihil
465 711 501 746 sit
520 715 551 747 in
564 711 685 760 seipsm

424 762 488 795 Sed
506 761 620 795 eadem
631 761 677 795 est
691 763 807 796 entitas
829 760 975 797 absoluta
987 765 1085 798 totius
1099 792 1109 806 ,
1127 774 1196 810 quae
1209 764 1367 810 partium,
1387 775 1459 809 cum
1476 760 1609 797 simul&
1625 767 1759 811 conjun-

366 811 443 845 &im
457 812 664 858 accipiuntur.
681 810 734 844 Est
744 813 830 845 enim
842 823 905 845 una
923 811 1052 847 eise-ntia
1065 824 1135 859 quae
1151 823 1190 845 ex
1217 814 1350 845 materia
1370 817 1404 848 &
1425 812 1532 847 fornia
1546 810 1692 854 constat,
1707 823 1762 845 ea-

365 871 430 907 que
441 858 481 893 ab
493 861 527 892 iis
538 871 579 894 ne
596 861 795 907 cogitatione
812 860 943 906 quidem
960 860 1101 909 separata
1111 862 1238 907 concipi
1254 860 1369 907 potest.

409 908 493 956 Opp.
507 924 526 943 i.
544 908 642 942 Aliud
660 908 705 942 est
721 910 772 956 effe
783 908 923 944 hominis
941 938 949 952 ‚
961 911 1048 944 aliud
1064 912 1117 957 effe
1134 911 1278 956 corporis
1296 914 1327 945 δε
1343 911 1457 944 animae
1473 922 1480 943 :
1502 907 1581 943 illud
1600 912 1685 945 enim
1699 923 1757 959 ge-

366 968 496 991 neratur
506 987 515 1000 ,
528 957 612 991 'cum
632 959 685 1004 effe
704 960 848 1005 corporis
865 969 922 992 aut
937 961 1050 993 animae
1060 970 1117 1006 pei·
1126 960 1372 1005 generationem
1385 970 1452 992 non
1471 955 1536 993 fiat.

394 1006 481 1054 Resp.
501 1006 575 1051 dist
592 1018 661 1042 ant.
672 1006 769 1041 Aliud
782 1007 829 1040 est
841 1008 886 1053 eff
882 1019 896 1039 e
908 1006 1123 1055 respeffivum
1135 1007 1274 1041 hominis
1284 1012 1318 1043 δε
1337 1010 1473 1055 partium
1485 1035 1494 1048 ,
1511 1009 1550 1040 C.
1563 1005 1760 1053 absolutum,

367 1055 419 1090 N.
440 1057 528 1090 Nam
553 1056 609 1102 effe
627 1055 768 1090 hominis
788 1054 1005 1103 respeCfflvum
1024 1067 1196 1105 generatur
1208 1084 1217 1098 ,
1231 1068 1387 1102 quatenus
1407 1056 1453 1089 est
1469 1066 1574 1090 totum
1585 1058 1738 1103 quiddam
1749 1086 1762 1103 ,

366 1108 451 1149 cujus
464 1105 516 1149 effi-
537 1116 643 1150 neque
661 1105 707 1138 est
721 1107 884 1152 corpotiS,
909 1117 1016 1152 neque
1031 1108 1156 1141 animae.
1182 1105 1247 1138 Sed
1260 1106 1313 1151 ‘ff'
1336 1103 1519 1140 absolutum
1535 1104 1673 1141 hominis
1691 1120 1759 1143 non

366 1151 453 1186 aliud
468 1155 649 1200 concipitur
666 1165 766 1199 quani
778 1155 916 1201 partium
928 1152 1016 1188 liniul
1030 1156 1208 1203 junctarum
1221 1182 1230 1197 ‚
1244 1155 1340 1201 idque
1353 1152 1550 1202 potissinium
1565 1155 1604 1189 ad
1617 1158 1760 1192 animam

367 1203 512 1248 pertinet
527 1216 533 1236 :
560 1201 624 1235 liaec
638 1204 726 1236 enim
736 1202 792 1235 dat
803 1204 856 1248 effe
871 1202 1007 1238 homini.

425 1250 501 1293 Inst.
523 1253 631 1284 Partes
642 1249 813 1298 compositi
826 1250 894 1285 sunt
905 1251 1110 1301 inconipletae
1123 1280 1132 1295 ,
1145 1251 1358 1299 compositum
1379 1265 1462 1287 vero
1477 1252 1517 1286 est
1526 1254 1606 1300 quid
1617 1254 1761 1303 comple-

369 1310 435 1332 tum
449 1312 455 1332 :
473 1311 550 1347 ergo
562 1299 649 1333 aliud
659 1300 704 1333 est
724 1299 1056 1348 compofituniqtiam
1074 1313 1190 1349 patteS.
1221 1301 1320 1337 Unde
1336 1300 1524 1336 Aristoteles
1541 1302 1700 1350 triplicem
1710 1305 1758 1338 di-

367 1348 498 1393 stinguit
518 1346 725 1383 substantiam
737 1377 745 1391 ‚
766 1351 953 1392 materiam,
974 1349 1113 1384 formam
1126 1356 1159 1386 &
1171 1348 1392 1397 compositum.

426 1396 516 1445 Reffi·
543 1397 612 1440 dist.
631 1409 698 1433 am.
721 1399 831 1432 Partes
844 1396 1011 1445 compositi
1021 1396 1304 1446 fimtinconipletae
1315 1397 1449 1433 seorsum
1465 1398 1607 1446 sumptae,
1618 1401 1645 1432 C
1649 1427 1656 1435 .
1666 1399 1758 1436 simul

366 1444 494 1494 sumptae
508 1475 517 1489 ‚
536 1448 583 1481 N.
592 1446 692 1482 Unde
707 1451 740 1482 &
752 1449 809 1480 tria
820 1446 990 1495 distinguit
1004 1447 1199 1491 Aristoteles,
1217 1448 1304 1495 quod
1319 1446 1530 1496 compositum
1542 1460 1602 1483 nec
1612 1447 1758 1484 sitniate-

365 1496 409 1527 ria
421 1524 430 1537 ‚
450 1507 509 1529 nec
520 1495 626 1530 fornia
637 1524 646 1538 ,
661 1493 714 1529 sed
729 1507 864 1542 utraque
876 1494 963 1530 simul
973 1499 1071 1531 unita.

425 1545 509 1592 Opp.
522 1560 546 1580 2.
558 1543 782 1592 compositum
792 1545 839 1579 est
849 1558 966 1590 unum,
986 1559 1052 1582 non
1063 1549 1142 1581 item
1155 1558 1262 1595 partes
1277 1559 1374 1595 :ergo
1393 1545 1606 1595 compositum
1625 1548 1668 1582 est
1682 1548 1760 1595 quid

368 1592 553 1628 distinctum
572 1593 592 1628 ἓι
603 1593 761 1641 partibus.

422 1642 505 1689 Resp.
520 1641 590 1687 dist.
605 1653 673 1679 ant.
697 1643 745 1678 Est
756 1655 853 1678 unum
871 1645 998 1679 unitate
1013 1642 1252 1691 compositionis
1266 1657 1359 1687 ‚cum
1381 1657 1445 1679 non
1463 1642 1498 1678 sit
1517 1643 1687 1692 multiplex
1709 1645 1759 1679 es.

367 1689 465 1724 {entia
481 1718 488 1729 ,
506 1693 542 1726 C.
558 1693 679 1726 unitate
699 1691 909 1739 simplicitatis
920 1723 929 1737 ‚
941 1692 1028 1741 quasi
1042 1705 1175 1728 omnem
1194 1693 1435 1729 multitudinem
1450 1691 1759 1735 excludat‚N.Nam

368 1751 404 1772 ex
424 1738 530 1773 multis
542 1740 711 1777 coalescit:
725 1741 807 1776 nihil
819 1753 927 1778 tamen
942 1743 1032 1778 estin
1042 1741 1221 1790 composito
1235 1743 1323 1790 quod
1338 1756 1405 1779 non
1414 1741 1450 1778 fit
1468 1744 1501 1778 in
1511 1741 1653 1791 pambus
1667 1740 1758 1778 simul

368 1799 474 1823 unitis,

957 1840 1013 1873 De
1037 1841 1157 1876 unione.

401 1936 496 1971 Circa
510 1937 665 1971 unionem
683 1966 692 1980 ,
706 1937 759 1972 seu
779 1939 922 1973 niateriae
944 1942 978 1974 &
997 1938 1110 1973 formae
1130 1940 1395 1987 conjunffionem
1412 1937 1515 1973 multa
1525 1936 1627 1972 solent
1644 1935 1756 1985 dispu-‘

369 1996 455 2028 tare,
475 1998 546 2033 quae
562 1986 631 2033 plus
642 1986 765 2021 habent
780 1986 959 2022 subtilitatis
971 2017 980 2031 ,
999 1999 1097 2034 quam
1115 1987 1271 2025 utilitatis.
1302 1988 1462 2034 Qaerunt
1482 1989 1588 2034 primo
1604 1986 1682 2032 quid
1699 1986 1755 2020 illa.

369 2033 403 2067 sit
418 2063 427 2076 ,
444 2047 484 2070 an
494 2035 642 2081 quaedam
659 2038 778 2070 entitas
800 2039 943 2072 materiae
959 2042 992 2073 &
1008 2037 1119 2072 fornice
1138 2035 1352 2080 succoescem,
1366 2049 1437 2083 quae
1455 2035 1569 2071 modus
1593 2033 1754 2071 absolutus

368 2085 554 2118 nominetur
568 2113 577 2126 ,
592 2096 728 2130 quaeque
741 2084 912 2132 compositi
927 2097 1032 2133 partes
1048 2086 1163 2119 intime
1172 2084 1299 2122 afficiat.

416 2134 504 2180 Resp.
516 2132 597 2167 nihil
615 2145 686 2166 eam
702 2131 761 2168 esse
780 2146 892 2182 praeter
922 2135 1055 2170 modum
1081 2132 1295 2181 respectivum
1311 2149 1319 2170 ε
1339 2135 1421 2170 illius
1438 2135 1527 2168 enim
1550 2132 1682 2168 effectus
1708 2132 1752 2166 est

368 2181 577 2227 praedicatum
594 2180 766 2216 relativum
778 2212 788 2226 ,
805 2195 871 2230 quo
890 2195 996 2231 partes
1012 2182 1180 2230 conipofiti
1197 2185 1294 2219 unitae
1309 2213 1319 2227 ,
1333 2197 1370 2218 ac
1386 2194 1491 2218 totum
1510 2194 1548 2217 ex
1567 2185 1604 2216 iis
1630 2180 1754 2216 confla-

369 2239 437 2263 tum
448 2229 563 2264 dicitur
575 2260 584 2274 ,
603 2231 691 2277 quod
703 2244 740 2265 ex
760 2235 895 2267 materia
918 2238 951 2269 &
971 2232 1077 2267 forma
1093 2245 1193 2267 unum
1206 2233 1358 2280 quiddam
1377 2230 1539 2267 essentiale
1561 2237 1594 2267 ὃ(
1611 2229 1754 2265 substan-

368 2277 444 2311 tiale
464 2290 618 2327 emergat.
637 2282 753 2326 Itaque
763 2281 880 2328 duplex
901 2282 943 2316 est
961 2282 1094 2316 effectus
1107 2283 1230 2316 unionis
1245 2310 1254 2324 ,
1266 2280 1348 2315 alter
1359 2281 1502 2329 respedm
1518 2283 1671 2327 partium,
1684 2291 1754 2326 quae

368 2322 438 2358 sunt
454 2330 552 2361 unitae
564 2358 574 2371 ‚
589 2328 669 2363 alter
680 2332 918 2365 tationetotius
936 2331 1044 2377 ‚quod
1068 2328 1106 2364 fit
1124 2342 1222 2366 unum
1241 2344 1249 2365 :
1268 2341 1406 2377 uterque
1437 2328 1570 2365 effectus
1587 2329 1633 2363 est
1647 2328 1752 2375 respe-

369 2374 470 2428 &ivus
485 2387 580 2425 :ergo
599 2378 661 2425 ipsa
671 2380 760 2421 unio,
777 2378 858 2416 nihil
871 2379 915 2417 est
930 2379 986 2418 nifi
996 2378 1108 2417 relatio
1118 2407 1130 2426 ,
1144 2384 1230 2430 cujus
1248 2377 1368 2418 scilicet
1392 2378 1523 2417 effectus
1539 2377 1686 2416 formalis
1703 2376 1760 2414 esp

366 2422 570 2466 praedicatum
590 2426 815 2475 respestivum.
1708 2427 1749 2460 Et
