1857 2745
415 140 469 172 ψ,
847 117 1357 155 PHILOSOPHIA

415 174 506 222 cipiis
520 170 712 207 naturaliter
723 169 812 203 notis
828 169 930 202 oritur
941 195 951 211 ,
969 167 1011 203 de
1029 166 1146 215 quibus
1165 180 1275 204 tamen
1286 181 1354 203 non
1375 167 1613 203 ratiocinamur.

448 222 578 268 Resjuz.
587 218 671 253 Illud
684 214 745 252 esse
763 215 902 252 liberum
918 219 999 253 &in
1015 217 1118 251 nostra
1136 217 1397 265 potestatequod
1416 215 1552 251 facimus
1573 213 1700 263 praecise
1714 219 1806 264 quia-

413 270 565 305 volumus
575 296 585 311 ‚
602 268 645 303 C.
659 266 749 314 quod
769 265 905 301 facimus
916 277 953 301 ex
967 277 1087 301 natutae
1103 266 1218 301 nostrae
1234 266 1445 308 conditione,
1462 275 1517 299 aut
1530 266 1606 312 quia
1617 264 1730 309 finnus,
1743 267 1807 302 N..
1842 280 1847 299 ,ι

413 320 489 354 hinc
504 328 596 352 amor
608 315 818 351 beatitudinis
832 314 852 350 ὲ
875 314 1048 351 voluntate
1061 315 1195 362 quidem
1210 314 1439 364 proficiscitur,
1457 327 1522 350 non
1536 316 1612 361 quia
1627 313 1696 349 vult
1709 342 1720 357 ,
1737 325 1808 349 aut:

415 366 566 403 voluntas
576 366 641 401 est;
660 364 714 400 sed
729 366 804 412 quia
821 365 884 408 est,
898 376 934 399 ut
948 375 1042 399 acute
1066 364 1204 413 explicat
1231 366 1432 406 caietanus,
1449 364 1546 411 idque
1569 362 1706 410 superius
1729 362 1807 397 fuit-

412 415 626 465 explanatum·
640 416 730 451 Nam
744 413 892 449 voluntas
909 414 951 448 est
961 413 1108 461 quaedam
1124 425 1256 450 natura:
1273 414 1359 449 unde
1372 414 1450 449 &in
1465 425 1502 447 ea
1514 411 1559 446 est
1574 411 1684 459 aliqua
1697 422 1793 446 natu-

414 465 488 500 ralis
501 464 670 501 inclinatio
686 492 696 506 ‚
707 462 759 498 sed
769 476 835 498 non
849 461 914 497 sola
928 477 936 499 :
949 475 1024 498 cum
1034 474 1148 510 praeter
1158 475 1229 497 eam
1238 461 1274 497 sit
1286 462 1406 497 electio
1418 461 1538 497 libera:
1553 472 1614 496 nec
1633 461 1741 495 omnis
1756 459 1798 495 il·
1844 488 1847 489 γ

412 513 474 549 lius
493 516 582 550 actus
601 512 684 548 liber
705 513 770 546 dici
788 511 894 560 potest
916 539 927 554 ‚
959 510 1015 547 nifi
1036 511 1224 547 libertatem
1249 524 1325 547 cum
1342 510 1479 546 libentia
1495 509 1748 554 confundimus,
1760 519 1799 544 ut

412 575 486 599 cum
496 564 574 598 dicit
585 564 617 598 S.
628 561 820 610 Augustinus
835 591 846 606 ‚
862 571 1051 610 praeceptum
1074 560 1171 595 libere
1177 561 1307 605 facere,
1325 562 1381 607 qni
1398 558 1543 595 libenter.

449 613 578 648 Eodem
587 611 688 647 modo
709 610 940 658 intelligendus
954 611 997 645 est
1012 610 1234 646 §.Bernardus
1257 608 1312 646 lib.
1332 609 1372 643 de
1391 619 1475 643 orat.
1490 613 1523 645 &
1546 606 1604 642 lib.
1625 606 1721 644 arbit.
1741 582 1805 641 ubi*

413 662 581 708 consuistis,
596 662 723 708 inquit,
741 659 786 695 ibi
805 660 958 694 voluntas
975 674 986 693 .·
1002 669 1096 708 porro
1114 657 1169 692 ubi
1182 659 1333 692 voluntas
1348 685 1358 697 ,
1376 639 1422 691 iffi
1435 655 1592 700 liberta53
1617 655 1655 692 (ῥ’
1683 653 1803 699 honest

412 710 586 758 quodputo
602 710 666 744 dici
681 708 813 743 liberum
837 707 1010 743 arbitrium
1027 723 1038 742 .·
1051 709 1149 756 tpfhm
1170 711 1250 741 enim
1263 709 1463 742 voluntatem
1483 734 1494 745 ,
1516 707 1594 752 quia
1618 703 1804 754 impossibile*
1834 726 1844 745 „b

414 758 456 804 est
477 758 554 805 desb
569 760 636 807 ipsa
652 756 716 804 fibi
736 771 796 791 non
824 756 972 799 obedire,
1004 759 1100 790 ctiam
1124 754 1306 805 impoffibile
1331 755 1373 800 est
1391 755 1453 798 sua
1479 758 1611 802 privari
1637 753 1801 789 libertam
1838 785 1839 790 ,

412 807 484 844 Ubi
495 808 623 842 videtur
640 810 672 841 in
684 818 723 841 ea
739 805 799 841 effe
818 805 976 841 sententia
995 834 1004 848 ‚
1030 817 1165 839 omnem
1187 806 1297 840 aetum
1314 804 1496 841 voluntatis
1515 801 1575 838 effe
1588 800 1800 838 effentialiter

413 856 621 892 liberummt
635 857 722 890 aetus
733 857 882 903 imperati
892 854 963 890 sunt
975 853 1071 888 liberi
1090 866 1146 901 per
1167 855 1461 902 participationem.
1491 855 1581 888 Nam
1592 851 1667 900 lego
1682 850 1801 894 libere,
1838 851 1841 892 J

412 908 489 954 quia
498 905 594 942 volo:
611 903 631 940 fi
652 915 763 939 autem
774 916 895 951 quaerat
906 903 1022 950 aliquis
1037 914 1134 949 quare
1147 902 1299 937 voluntas
1310 903 1438 937 rneaest
1448 900 1570 943 libera,
1593 901 1681 935 idem
1701 900 1801 936 faciet
1839 910 1840 913 ’

412 956 574 1001 quaerenti
595 966 696 1002 quare
717 953 853 988 circulus
883 952 919 987 sit
947 951 1115 988 rotundus.
1148 951 1214 985 Sed
1243 948 1386 986 liberum
1408 964 1483 986 cum
1506 949 1689 987 voluntario
1724 962 1804 1005 con·¹
1840 957 1842 961 ’

412 1003 534 1039 fundit.

455 1053 542 1100 Opp.
559 1068 584 1088 2.
606 1051 849 1087 Beatitudinem
873 1050 1046 1086 neceffario
1067 1050 1252 1097 expetimus
1277 1078 1287 1093 ‚
1306 1054 1340 1085 &
1364 1049 1453 1085 beati
1487 1053 1597 1085 Deum
1621 1046 1797 1083 neceffatio
1815 1039 1843 1079 ”,

412 1111 543 1142 amane,
558 1100 610 1134 sed
623 1113 682 1135 nos
703 1099 804 1134 libere
815 1099 905 1133 beati
917 1096 978 1132 effe
997 1098 1148 1132 volumus
1162 1127 1172 1140 ,
1189 1103 1224 1134 δε
1242 1097 1330 1132 beati
1347 1097 1450 1134 libere
1477 1101 1586 1133 Deum
1610 1108 1741 1140 amant,
1757 1107 1794 1131 ut

413 1147 525 1183 multis
539 1151 571 1183 in
585 1148 662 1183 locis
676 1149 795 1182 docent
808 1149 862 1184 SS.
877 1146 1065 1194 Augustinus
1078 1152 1111 1183 ἃς
1121 1146 1287 1184 Thomas:
1305 1160 1382 1195 ergo
1400 1146 1565 1183 neceffitas
1584 1148 1685 1181 etiam
1700 1156 1796 1180 natu-
1842 1150 1844 1154 ⁴

412 1196 484 1231 ralis
497 1195 716 1232 libertatinon
735 1198 921 1245 opponitur.
941 1197 1054 1229 Minor
1072 1195 1225 1243 probatur
1243 1208 1281 1230 ex
1300 1195 1423 1230 celebri
1441 1200 1472 1233 S.
1492 1199 1576 1244 Aug.
1599 1196 1673 1230 loco
1686 1196 1719 1230 in
1733 1197 1801 1230 En-
1841 1198 1842 1203 ’

415 1245 553 1280 chiridio
572 1260 601 1282 c.
616 1259 684 1291 105.
705 1246 823 1291 Neque
833 1248 915 1280 enim
931 1272 940 1282 ,
952 1245 1071 1291 inquit,
1084 1245 1252 1292 >culpanda
1263 1244 1303 1289 est
1313 1246 1479 1280 voluntas:
1494 1256 1550 1279 aut
1568 1245 1720 1278 voluntas
1738 1256 1800 1278 non
1841 1253 1843 1290 j

413 1293 472 1338 est,
492 1306 549 1329 emt
565 1294 668 1329 libera
686 1294 823 1328 dicenda
836 1307 896 1328 non
911 1293 952 1339 est
965 1321 973 1332 ‚
992 1306 1057 1339 qua
1074 1292 1161 1328 beati
1169 1293 1216 1338 fic
1239 1294 1291 1340 effe
1304 1294 1453 1328 volumus
1464 1322 1473 1333 ‚
1498 1305 1535 1328 ut
1550 1295 1602 1340 esse·
1618 1293 1723 1338 miseri
1740 1304 1800 1326 non

401 1342 507 1388 solitm
525 1346 657 1378 nolimus
669 1343 748 1388 ,sed
759 1355 963 1389 nequaqnam
978 1344 1102 1390 prmfits
1120 1343 1207 1375 velle
1219 1341 1363 1390 poffimus
1383 1357 1393 1375 .·
1408 1343 1493 1388 ficut
1514 1355 1584 1390 ergo
1600 1354 1682 1375 nunc
1702 1343 1800 1374 etiam
1840 1372 1842 1376 ,

413 1394 522 1426 anima
542 1392 643 1438 nostra
659 1392 742 1426 nolle
755 1392 994 1437 infelicitatem,
1023 1392 1071 1424 ita
1098 1403 1178 1425 nunc
1204 1390 1286 1425 nolle
1308 1393 1515 1437 iniquitatem
1527 1393 1652 1439 simper
1669 1387 1801 1424 habitu-
1842 1411 1843 1414 =

413 1442 595 1537 Μὲἶᾎῖεὲ.
607 1492 683 1523 min.
701 1491 739 1523 Et
756 1489 797 1523 ad
807 1488 916 1523 locun]
929 1490 960 1525 S.
974 1490 1056 1536 Aug.
1070 1487 1160 1522 idem
1170 1486 1325 1522 adhibere
1337 1486 1496 1537 possumus
1510 1486 1803 1536 responsum,-quod

412 1538 594 1574 identidem
611 1537 777 1572 attulimus
793 1567 802 1581 ,
831 1536 969 1572 liberum
982 1537 1024 1571 ab
1042 1548 1082 1571 eo
1096 1535 1234 1584 intelligi
1250 1538 1337 1585 quod
1350 1536 1386 1572 fit
1400 1536 1538 1572 libenter
1556 1565 1565 1580 ,
1586 1542 1620 1573 ὃ(
1632 1536 1806 1571 estimmu.
1840 1535 1842 1538 ’

413 1588 484 1623 nea
497 1588 667 1622 coactione
680 1615 690 1628 ‚
701 1592 783 1633 cujus
794 1587 878 1621 adeo
898 1588 1092 1635 principium
1104 1588 1137 1620 in
1153 1584 1248 1621 nobis
1262 1587 1313 1622 est.
1331 1589 1544 1632 Praeterquani
1557 1588 1655 1620 etiam
1670 1586 1733 1619 clici
1745 1597 1804 1633 po-

414 1637 476 1672 test
492 1635 627 1671 liberam
642 1634 702 1670 effe
718 1635 921 1670 voluntatem
936 1638 970 1670 in
979 1635 1083 1670 beatis
1099 1664 1109 1678 ,
1130 1648 1197 1670 non
1213 1635 1339 1682 praecise
1364 1647 1522 1682 quatenus
1542 1638 1615 1670 Deo
1630 1633 1803 1670 arstissimo

412 1688 530 1720 amoris
547 1684 677 1719 vinculo
688 1683 968 1729 adhaerescunt-,sed
976 1683 1066 1732 quod
1081 1683 1183 1718 multa
1198 1683 1314 1732 possint
1325 1684 1413 1719 bon-a
1426 1684 1596 1732 eligere,&
1612 1686 1686 1719 Deo
1696 1683 1801 1718 libere

413 1734 582 1770 obediant.
593 1737 706 1769 Prima
720 1747 790 1781 ergo
805 1733 937 1767 libertas
953 1735 1134 1768 voluntatis
1149 1742 1230 1770 erat,
1246 1734 1326 1782 poffe
1335 1747 1394 1768 non
1407 1743 1550 1782 peccare:
1565 1731 1730 1775 noviffima
1741 1736 1802 1766 erit

414 1784 514 1817 multo
534 1786 636 1828 major
649 1810 660 1826 ,
684 1795 743 1816 non
758 1784 835 1830 POffi'
844 1793 983 1828 peccare.
999 1785 1113 1817 Prima
1125 1783 1352 1816 immortalitas
1373 1793 1443 1816 erat
1454 1809 1464 1820 ,
1482 1783 1558 1831 posse
1569 1795 1628 1816 non
1638 1783 1718 1814 mori
1730 1794 1803 1814 :no-

411 1831 538 1875 viffima
564 1835 625 1865 erit
647 1832 746 1865 multo
774 1835 879 1878 masor
897 1859 906 1869 ,
933 1844 994 1865 non
1020 1832 1096 1878 poffe
1112 1833 1200 1866 morl.
1227 1830 1251 1866 1,
1269 1831 1309 1865 de
1321 1843 1384 1866 cor.
1402 1837 1435 1868 &
1449 1843 1494 1879 gr.
1509 1843 1537 1866 c,
1557 1843 1599 1865 12.
1619 1830 1686 1863 Sed
1699 1829 1803 1863 utalia
1843 1838 1846 1871 ζ

412 1881 458 1915 est
478 1879 610 1915 libertas
629 1882 703 1922 Dei,
718 1879 779 1914 alia
795 1880 949 1921 hominis,
960 1878 999 1913 {ic
1011 1879 1074 1913 alia
1096 1879 1139 1913 est
1156 1878 1285 1914 libertas
1297 1880 1436 1914 hominis
1449 1881 1592 1920 viatoris,
1611 1877 1672 1912 alia
1684 1876 1772 1912 beati
1792 1891 1800 1912 :
1844 1886 1845 1889 ’

412 1930 467 1964 illa
481 1942 554 1963 curn
571 1928 789 1963 mutabilitate
803 1929 845 1963 est
862 1931 1048 1975 conjunCla3
1064 1929 1203 1962 haecnon
1215 1928 1350 1962 itenizde
1366 1925 1500 1961 vocibus
1515 1939 1618 1975 pugna
1634 1926 1680 1959 est
1691 1955 1700 1969 ,
1712 1927 1753 1961 de
1768 1939 1803 1961 re

412 1978 476 2026 ipsa
485 1979 569 2013 inter
583 1990 696 2012 omnes
707 1977 776 2012 fere
786 1979 1060 2015 convenit‚sseatis
1071 1977 1126 2010 SS.
1137 1977 1244 2010 Patres
1257 1975 1440 2010 libertatem
1453 1973 1660 2014 tribuunesed
1672 1975 1768 2010 aliam
1781 1975 1803 2012 a

410 2026 561 2062 libertate
572 2029 876 2061 viatorum.f2tcerte
887 2039 953 2061 non
967 2021 1092 2072 polsunt
1102 2022 1190 2059 beati
1205 2023 1257 2059 vel
1272 2024 1387 2073 Angeli
1397 2024 1562 2072 quidpiam
1573 2025 1803 2073 operari‚quod

411 2075 601 2123 veritasipffi
619 2075 809 2122 autjustitia
830 2087 899 2110 non
919 2076 1069 2121 imperet.
1106 2073 1169 2107 Sed
1187 2074 1257 2109 satis
1278 2074 1375 2109 fuerit
1390 2086 1426 2109 ‘cit
1443 2072 1661 2110 mdia-”cremia
1691 2087 1803 2109 eomm
1845 2079 1847 2081 ’

412 2124 498 2159 salva
512 2124 546 2159 sit
561 2130 593 2161 δε
612 2124 780 2158 incolumis
791 2150 798 2161 ,
826 2123 914 2170 quod
929 2123 1073 2157 :ustiones
1086 2121 1149 2156 ill-:e
1162 2124 1194 2158 in
1205 2122 1306 2172 seipsis
1319 2123 1378 2159 [int
1393 2121 1616 2158 indifferentes
1627 2153 1636 2167 ‚
1656 2122 1741 2158 nulla
1752 2127 1800 2166 vi,

411 2173 498 2209 nulla
515 2170 703 2208 necessitate
715 2172 885 2207 intrinseca
900 2172 1049 2206 voluntas
1061 2183 1173 2206 eorum
1186 2200 1195 2214 ‚
1214 2172 1267 2207 sed
1284 2185 1393 2209 amore
1420 2177 1452 2208 δέ
1475 2173 1631 2207 charitate
1650 2173 1690 2206 ad
1706 2184 1801 2220 agen-

412 2223 489 2257 dum
508 2221 704 2270 impellatur.
731 2225 845 2266 Itaque
872 2220 1005 2256 libertas
1024 2220 1156 2269 Angelis
1174 2227 1208 2258 ὅ(
1230 2220 1334 2257 beatis
1347 2221 1552 2257 concedenda
1566 2251 1575 2264 ‚
1608 2221 1660 2256 sed
1687 2218 1801 2256 nosttae

413 2270 568 2305 diffiniilis
588 2277 622 2308 δε
641 2274 715 2305 Deo
730 2269 896 2305 simillima.

448 2319 532 2364 Resp.
557 2333 589 2354 2.
606 2322 678 2356 Nos
702 2318 802 2354 libere
819 2319 1056 2357 bea-titudinem
1081 2331 1232 2370 expetere
1258 2318 1408 2354 libertate
1426 2323 1566 2355 exercitii
1587 2325 1620 2356 &
1642 2318 1800 2354 contradi.
1852 2337 1857 2345 =

412 2368 526 2414 &ionis
548 2396 557 2411 ,
588 2370 628 2406 C.
649 2368 802 2404 libertate
832 2371 1068 2407 contrarietatis
1086 2399 1096 2414 ‚
1125 2379 1180 2404 aut
1204 2367 1447 2417 specificationis
1465 2399 1474 2413 ,
1509 2372 1552 2406 N.
1582 2371 1671 2405 Nam
1697 2363 1799 2416 potsu-

1833 522 1835 557 ]
1840 521 1855 545 'u
