1857 2745
371 138 431 183 193
887 126 1170 163 LOGICAE

378 186 526 221 animum
543 180 601 216 fati
626 191 724 214 amus.
744 186 772 222 30
785 174 1137 226 Difficultatemipsam
1153 178 1188 211 in
1204 186 1309 225 partes
1327 175 1430 212 stcare
1442 205 1449 217 ,
1468 181 1502 215 &
1517 175 1655 214 seorsum
1673 180 1790 216 intua

376 236 404 269 ri
417 234 578 280 optimum
594 193 701 264 guerit.
718 229 783 264 Vix
795 239 883 261 emm
902 238 994 261 mens
1016 228 1191 274 quicquam
1211 226 1319 275 potest
1344 227 1621 276 comprehendere
1636 258 1646 272 ‚
1670 229 1727 265 nist
1755 229 1790 264 id

383 286 417 317 in
429 291 534 328 partes
551 277 718 313 tribuatur.
742 283 780 324 4³
795 278 1027 324 perceptiones
1055 276 1220 313 nostrae&
1240 276 1360 323 judicia
1375 275 1445 312 sunt
1472 287 1548 325 apte
1566 277 1788 326 disponenda:
1834 296 1838 299 Δ

390 330 473 365 adeo
486 340 521 363 ut
533 327 553 363 ἓι
567 326 770 363 facilioribus
785 326 823 360 ad
835 324 1095 369 difficiliora·,‚&
1108 325 1127 361 ἐι
1137 328 1221 360 notis
1240 326 1281 359 ad
1301 328 1410 375 ignota
1427 327 1587 375 gradatim
1605 328 1791 376 progredia-

389 390 469 414 mur.
483 376 639 426 Exempla
654 379 686 411 in
701 373 839 424 Physicis
856 389 923 412 non
935 375 1073 409 deerunt
1090 388 1108 410 :·
1118 387 1214 410 unum
1225 375 1312 422 quod
1328 378 1477 420 occurrit,
1488 388 1646 424 ponamus
1658 375 1702 410 ob
1713 389 1791 412 ocu-

390 428 450 463 los.
478 427 641 475 Qaetitur
659 425 680 462 a
697 424 791 461 nobis
808 426 884 473 quid
899 422 994 459 causae
1007 422 1043 458 fit
1060 436 1115 459 cur
1130 423 1172 459 sal
1185 436 1241 459 aut
1255 423 1415 460 saccatum
1440 427 1474 460 in
1495 437 1578 472 aqua
1593 424 1790 463 dissolvatur.

390 475 539 514 Primum
550 488 641 511 mens
655 475 763 511 statim
779 475 895 509 'udicat
913 474 994 509 hanc
1010 473 1080 508 {alis
1090 473 1329 510 diss'olutioneni
1348 488 1415 510 non
1429 473 1499 509 fieri
1511 472 1574 510 sine
1584 473 1699 521 aliquo
1716 487 1790 509 mo-

391 537 429 562 tu
441 554 451 565 ,
469 527 526 573 qui
549 538 616 561 non
635 525 681 559 est
693 527 727 560 in
743 489 805 559 saie
816 553 825 568 ‚
842 537 917 559 cum
927 524 1039 558 durum
1056 521 1093 558 sir
1105 535 1218 572 corpus
1237 537 1245 559 z
1268 524 1311 558 est
1323 526 1418 573 igitur
1433 526 1465 559 in
1481 536 1564 570 aqua
1577 552 1588 567 ,
1611 528 1699 571 cujus
1718 534 1794 572 Par.

390 586 439 611 tes
460 577 494 610 in
505 577 569 624 jugi
586 586 679 610 motu
689 573 798 622 pofitae
806 572 978 621 particulas
993 572 1061 607 salis
1072 571 1210 608 subeunt
1225 602 1236 616 ,
1259 578 1293 611 &
1311 572 1483 609 divellunt.
1504 574 1580 608 Hoc
1591 571 1689 607 semel
1703 584 1804 608 com--

390 635 488 674 petto
500 653 510 668 ,
535 625 611 659 hinc
625 622 753 659 infinita
767 623 949 672 colligimus
961 651 970 665 ‚
995 624 1028 657 in
1043 635 1109 670 quo
1122 620 1223 670 posita
1235 621 1272 657 fit
1286 622 1376 658 fluidi
1397 624 1539 671 corporis
1558 633 1691 665 natura3
1713 621 1805 669 quid}

391 674 507 709 durum
521 671 641 708 efficiat
651 685 765 721 corpus
779 701 788 716 ,
805 678 838 710 &
852 672 916 707 alia
933 683 1057 721 quaevex
1065 669 1187 720 analyfi
1198 673 1258 708 rite
1268 672 1431 719 instituta,
1448 684 1516 710 non
1536 669 1600 711 sine
1610 672 1808 710 attentione.-

393 727 435 760 ὃς
444 724 561 761 mentis
582 724 736 760 examine
754 733 931 758 eruuntur„

874 819 1229 869 QU'AEs‘rro
1272 823 1335 859 Ν·

849 919 907 955 De
923 921 1024 956 medio
1049 919 1348 966 Demonstrationi5‚

396 1020 500 1102 M
513 1018 628 1054 Edium
639 1019 926 1054 demonstrationis
941 1019 974 1053 id
984 1019 1103 1053 dicitur
1113 1016 1201 1065 quod
1211 1014 1386 1064 'propofitae
1400 1014 1580 1062 quaestionis
1603 1014 1811 1053 attributum·

515 1080 588 1101 cum
603 1066 744 1114 subjeeto
766 1067 950 1102 consociat:
970 1079 1046 1102 nam
1062 1078 1097 1101 ut
1120 1065 1188 1101 fuse
1207 1067 1239 1099 in
1259 1065 1469 1111 Compendio
1487 1064 1708 1111 exposuimus,
1735 1068 1797 1099 tria

397 1121 432 1152 in
445 1117 534 1150 omni
547 1116 820 1150 demonstratione
831 1126 1018 1150 occurrunt:
1042 1114 1219 1163 subjeetum
1237 1114 1278 1148 de
1287 1126 1354 1161 quo
1375 1111 1410 1147 fit
1423 1112 1657 1148 demonstratio
1670 1143 1679 1157 ‚
1693 1114 1799 1162 quod-

398 1177 462 1212 que
479 1167 582 1199 minus
600 1175 783 1198 extremum
811 1165 970 1199 vocitatur
990 1180 999 1207 ;
1020 1175 1056 1198 ut
1070 1162 1285 1206 attributum,
1308 1162 1358 1197 seu
1374 1163 1550 1209 proprietas
1565 1174 1637 1208 quae
1650 1161 1796 1211 subjecto

398 1212 495 1249 ineffe
505 1213 737 1248 demonstratur
749 1242 758 1256 ‚
779 1217 880 1261 majus
896 1224 1077 1248 extremum
1089 1213 1152 1247 dici
1170 1212 1251 1247 solet
1271 1225 1278 1248 :
1305 1212 1430 1247 medius
1447 1209 1525 1245 vero
1546 1214 1722 1256 terminus,
1739 1213 1798 1260 qui

398 1263 492 1298 instat
512 1261 629 1297 vinculi
640 1261 817 1310 subjesttnm
828 1275 902 1297 cum
916 1261 1074 1297 attributo
1084 1263 1251 1297 connefflt
1266 1290 1276 1305 ,
1291 1269 1520 1310 argumentum
1532 1262 1725 1296 nominatur.
1736 1263 1799 1299 Ars

399 1323 484 1361 pene
499 1312 605 1346 omnis
620 1311 760 1359 logistica
779 1313 813 1346 in
828 1313 1012 1359 argumenti
1025 1311 1108 1346 illius
1127 1312 1319 1345 inventione
1340 1308 1503 1345 versatur..

447 1361 535 1396 Cum
551 1362 638 1395 enim
654 1361 837 1407 quaestiones
851 1359 910 1395 fint
933 1363 967 1395 in
987 1360 1106 1409 duplici
1125 1359 1328 1402 differentia,
1353 1357 1420 1392 aliae
1441 1355 1598 1405 simplices
1615 1386 1625 1400 ,
1651 1357 1796 1395 aliaefiflt

399 1408 582 1458 compositae
598 1427 607 1453 ·,
626 1409 691 1444 111ae
710 1409 900 1456 plerumque
919 1407 1018 1444 solam
1039 1411 1258 1444 attentionem
1273 1408 1314 1443 ad
1339 1408 1428 1443 ideas
1447 1408 1657 1442 terminorum
1675 1407 1800 1442 defide-

397 1470 479 1494 rant.
505 1459 569 1492 Sed
582 1457 770 1506 compositae
782 1458 972 1505 quaestiones
986 1457 1148 1493 solvinon
1166 1456 1315 1505 poffimt',
1329 1455 1384 1491 nisi
1394 1456 1617 1489 ‘terminorum
1630 1456 1711 1490 ideae
1725 1458 1799 1504 qui-

399 1506 459 1542 bus
479 1507 601 1541 constat
610 1505 787 1555 propositio
801 1534 810 1549 ‚
829 1519 902 1541 cum
914 1508 1009 1540 tertia
1020 1507 1160 1554 quadam
1168 1516 1348 1552 autquarta
1359 1533 1369 1548 ,
1396 1509 1429 1541 δι
1443 1505 1490 1537 ita
1503 1504 1652 1553 deinceps
1666 1515 1800 1553 compa-

399 1567 518 1591 rentur.
542 1556 621 1602 Qo
645 1567 755 1590 autern
770 1557 873 1604 magis
892 1553 1045 1602 exquisita
1064 1558 1148 1589 inter
1162 1553 1525 1603 propofitaequaestionis
1533 1564 1685 1588 extrema
1704 1553 1798 1589 habi.

399 1606 480 1639 tudo
498 1607 670 1652 requiritur
681 1634 691 1648 ,
709 1604 772 1639 hoc
786 1604 909 1639 medius
923 1605 1079 1639 terminus
1091 1606 1193 1652 magis
1210 1604 1297 1639 clare
1315 1609 1348 1641 &
1371 1601 1519 1637 distinete
1533 1604 1655 1651 percipi
1668 1602 1770 1640 debet
1785 1616 1796 1638 ε

400 1654 444 1688 est
462 1656 549 1688 enim
561 1654 685 1688 medius
700 1653 757 1688 ille
768 1655 923 1688 terminus
940 1655 1121 1688 communis
1133 1653 1297 1701 utriusque
1309 1653 1446 1687 extremi
1462 1650 1636 1696 mensura,
1657 1664 1726 1699 quae
1735 1666 1798 1688 no-

400 1713 433 1737 ta
453 1701 513 1737 else
529 1702 627 1738 debet
639 1732 649 1747 ‚
675 1714 710 1738 ut
734 1702 961 1738 habitudinem
972 1731 992 1746 ,.
1004 1702 1198 1737 relationem
1209 1731 1218 1746 ,
1245 1713 1298 1737 aut
1314 1702 1580 1736 convenientiam
1594 1713 1664 1748 quae
1681 1700 1727 1735 est
1745 1704 1797 1737 in..

401 1764 450 1786 ter
467 1764 629 1787 extremos
639 1753 818 1800 quaestionis
830 1753 1010 1794 terminos,
1029 1750 1174 1788 definiat.
1194 1753 1246 1786 Sic
1268 1750 1324 1786 ubi
1342 1751 1533 1798 inquirimus
1545 1761 1702 1796 quantum
1718 1762 1799 1799 pan..

400 1814 458 1837 nus
467 1813 576 1849 panno
590 1831 598 1845 ,
621 1814 698 1850 ager
714 1814 791 1850 agro
808 1799 844 1835 fit
859 1805 962 1849 major
976 1830 985 1844 ,
1011 1812 1134 1835 certam
1157 1800 1339 1836 mensuram
1353 1797 1439 1847 quasi
1459 1798 1603 1833 medium
1622 1801 1796 1836 terminum

399 1850 605 1887 adhibemus.
632 1854 744 1900 Qare
760 1853 792 1885 in
806 1849 887 1884 illud
904 1853 1047 1886 maxime
1064 1850 1119 1884 est*
1138 1848 1411 1891 incrimbendtim3
1437 1858 1473 1882 ut
1498 1848 1621 1880 medius
1644 1850 1813 1883 terminus·

401 1898 436 1933 fit
450 1911 544 1935 notus
555 1900 649 1934 nobis
659 1929 669 1942 ,
691 1906 723 1937 &
734 1901 880 1934 distincte
890 1911 1056 1947 perceptus
1069 1913 1077 1933 ε
1090 1897 1174 1932 secus
1190 1897 1278 1932 nulla
1293 1897 1401 1931 futura
1412 1896 1456 1929 est
1471 1893 1638 1941 propofitae
1650 1896 1800 1942 quaestio-

399 1951 448 1984 nis
464 1948 580 1983 solutio
597 1978 605 1993 ,
625 1948 679 1982 vel
704 1948 939 1982 demonstratio
957 1963 967 1990 ;
993 1946 1124 1993 &quod
1137 1944 1214 1995 saepe
1225 1944 1279 1981 usu
1291 1948 1383 1981 venit
1395 1972 1407 1989 ,
1431 1941 1599 1978 obscurum
1611 1956 1667 1992 pet
1677 1944 1796 1982 obscu-

401 2000 463 2032 rius
491 1998 759 2033 demonstramus.

439 2062 471 2083 τ’
486 2048 571 2082 Cum
583 2049 615 2082 in
624 2046 897 2081 demonstratione
909 2043 929 2080 ὲ
949 2047 1046 2093 priori
1061 2044 1186 2081 medius
1202 2045 1355 2079 terminus
1367 2041 1403 2079 sit
1411 2043 1501 2079 causa
1511 2047 1716 2093 proprietatis
1726 2057 1796 2094 qux

401 2096 633 2131 demonstratur
646 2125 654 2138 ,
677 2095 783 2130 danda
797 2095 839 2129 est
857 2107 955 2143 opera
968 2105 1004 2129 ut
1020 2107 1177 2143 quantum
1196 2093 1266 2129 fieri
1286 2094 1393 2141 potest
1412 2121 1421 2135 ,
1450 2097 1577 2141 propria
1596 2097 1795 2144 &proxima

398 2143 487 2179 causa
500 2144 867 2188 afferatur-‚nonremota
882 2144 1053 2188 duntaxat,
1062 2156 1199 2192 quaeque
1213 2155 1284 2178 rem
1295 2141 1356 2178 effe
1371 2142 1527 2186 ostendit,
1541 2141 1591 2178 sed
1607 2156 1661 2178 cur
1677 2143 1713 2179 fit
1726 2158 1795 2181 non

401 2196 515 2240 aperit.
533 2195 583 2231 Ut
593 2194 613 2229 fi
623 2197 694 2241 quis
705 2194 901 2229 demonstret
914 2192 1058 2242 plantam
1069 2207 1134 2229 non
1144 2193 1295 2241 respirare
1306 2222 1315 2235 ,
1342 2193 1418 2238 quia
1429 2204 1495 2227 non
1512 2194 1555 2228 est
1571 2193 1701 2235 animal,
1719 2206 1796 2228 cau.

403 2241 467 2277 sam
482 2243 536 2279 aff<
548 2257 617 2287 ret,
640 2243 690 2278 sed
706 2245 800 2278 nimis
815 2254 975 2278 remotam
988 2272 997 2285 ‚
1020 2248 1053 2280 &
1071 2245 1103 2278 in
1121 2256 1186 2291 qua
1197 2254 1262 2278 non
1284 2238 1455 2287 acquiescit
1466 2244 1589 2277 animus
1607 2257 1614 2277 :
1637 2254 1684 2276 res
1703 2245 1798 2278 enim*

404 2303 470 2325 non
485 2294 604 2327 idcirco
622 2292 776 2334 aspirat,
796 2294 869 2340 quia
887 2293 929 2327 est
944 2292 1061 2327 animal
1077 2322 1086 2335 ,
1115 2297 1127 2336 (
1142 2305 1216 2327 cum
1229 2289 1327 2338 pisces
1341 2295 1374 2326 δέ
1389 2303 1513 2324 vermes
1532 2305 1596 2326 non
1615 2291 1791 2338 respirent,

402 2337 514 2374 saltem
528 2355 562 2375 ut
575 2340 673 2387 vulgo
683 2342 824 2376 creditur
835 2343 863 2384 ε)
883 2341 932 2376 sed
946 2343 1022 2388 quia
1039 2340 1249 2390 pulmonibus
1276 2339 1405 2388 praedita
1425 2340 1467 2373 est
1480 2369 1488 2383 ‚
1511 2342 1631 2375 idcirco
1645 2351 1692 2374 res
1702 2353 1792 2386 φιτ.

397 2399 462 2435 que
478 2388 617 2438 respirat.
635 2392 735 2432 Unde
749 2391 842 2439 hujus
853 2393 981 2442 generis
995 2391 1224 2429 demonstratio
1241 2401 1311 2438 (Γπ
1327 2387 1365 2424 fit
1382 2401 1439 2437 per
1453 2389 1578 2426 causam
1602 2401 1764 2426 remotam
1783 2414 1796 2433 ³
