1857 2745
467 122 830 159 TRACTATUS
871 121 1142 158 TERTIUS.
1400 132 1454 171 567

53 174 179 212 ‘influxu
190 172 344 210 subducto
354 173 388 208 in
398 172 537 208 nihilum
546 171 694 217 abirent,
705 185 777 218 cum
793 171 812 207 a
830 170 885 206 suo
898 173 1036 207 authore
1052 169 1257 207 essentialiter
1270 173 1432 220 pendeant
1445 187 1452 209 :

63 225 151 272 quod
166 226 278 271 utique
291 223 455 271 eleganter
468 222 562 258 Plato
577 225 608 258 in
624 224 750 257 Timaeo
760 223 913 270 exprimit
924 251 933 266 ,
944 221 1000 256 ubi
1018 225 1107 258 Deus
1123 220 1260 256 caelestes
1276 224 1365 257 Deos
1376 251 1385 265 ‚
1403 222 1457 257 seu

64 273 163 310 fidem
175 273 213 308 sic
226 273 410 320 alloquitur.
429 273 490 305 Dii
502 300 512 315 ,
529 273 634 319 inquit
648 301 657 314 ,
672 274 734 307 orti
754 285 794 305 ex
805 272 899 310 Diis,
921 285 1056 318 quorum
1074 270 1180 319 opifex
1205 283 1280 318 ego,
1307 269 1346 305 ό*
1363 281 1458 320 pater

61 325 134 370 firm
153 352 161 364 ‚
181 322 239 355 haec
253 321 421 355 attendite.
456 322 528 367 Qae
549 319 569 355 ιὶ
591 321 820 366 mefaHafimt
836 348 845 363 ,
861 333 910 354 me
926 322 974 353 ita
999 322 1127 354 volente
1143 318 1459 367 indiffivlubiliafimt‚

67 370 321 417 omnefiqnidem
341 369 427 416 quod
443 369 583 404 vinchm
597 370 637 413 est
652 371 756 415 ,fhlvi
771 368 867 418 potest
879 369 953 414 3sed
963 370 1044 403 mali
1071 368 1111 413 est
1128 371 1214 415 quod
1235 369 1367 416 pulchre
1381 383 1462 403 com-

65 420 200 469 posttnm
215 419 375 465 est,scque
389 417 484 452 habet
493 417 577 457 bene,
598 420 685 452 velle
696 418 854 466 diffipare.
880 420 1083 468 Qapropter
1095 421 1174 465 quia
1191 421 1342 467 generati
1362 419 1431 463 estis
1451 436 1460 462 3

67 469 266 505 immortales
277 467 406 515 quidem
423 466 461 502 Θ
477 466 697 516 indzffolubiles
707 480 765 501 non
779 467 866 506 eliis,
877 481 934 503 nec
946 478 1053 501 tamen
1076 480 1221 514 unquam
1238 468 1461 515 dissolvemini,

66 531 121 552 nec
134 519 243 551 mortis
253 518 362 562 fatum
370 514 531 561 fitbibitis.
546 520 637 551 Nam
653 518 801 551 voluntas
820 529 889 551 mea
897 521 1002 561 majus
1013 516 1267 565 praestantiusque
1282 517 1323 559 est
1347 519 1463 551 vincu-

69 566 136 601 lum
159 565 204 600 ad
218 568 290 599 vitae
315 564 484 610 custodiam
502 593 511 605 ‚
537 565 636 614 qulzm
658 578 758 600 nexus
777 566 846 605 illi,
877 565 994 614 quibus
1005 565 1073 611 estis
1086 577 1155 600 tum
1174 578 1243 599 cum
1261 564 1464 616 gignebami-

69 617 125 653 αἱ,
141 616 303 664 colligati*

107 666 233 712 Oppr3..
246 662 310 699 Vel
325 663 527 699 conservatio
543 664 589 699 est
605 666 692 700 actio
709 663 824 698 eadem
842 677 914 700 curn
936 666 1102 699 creatione
1114 693 1124 708 ,
1141 663 1195 699 vel
1217 662 1259 697 ab
1284 664 1397 699 eadem
1419 666 1467 700 di-

73 713 187 749 st-incta
201 726 209 747 ε
222 713 284 748 hoc
296 715 408 760 utique
424 713 488 748 dici
500 727 565 749 non
576 715 679 762 potest
690 742 700 757 ,
715 726 790 748 curn
800 714 914 749 eadem
931 713 967 749 fit
978 713 1068 748 causa
1078 742 1089 757 ,
1104 714 1237 750 &idem
1251 712 1396 758 effeetus,
1409 727 1468 750 nec

72 764 160 799 ‘estio
177 761 214 797 fit
230 761 273 796 ab
287 774 426 809 utroque
443 762 584 810 sejuncta
600 764 670 799 :sed
680 775 787 810 neque
798 764 913 798 eadem
926 763 987 799 effe
1002 763 1110 811 potest
1126 775 1200 799 cum
1211 763 1468 807 cre-etionesstim

73 813 197 847 creatio
211 809 268 854 ,sit
292 823 332 846 ex
348 811 473 855 nihilo,
492 811 695 847 conservatio
710 824 778 847 rem
794 816 861 859 jam
877 811 937 849 effe
949 812 1196 861 praesupponat3
1214 814 1336 847 creatio
1351 811 1387 848 fit
1401 827 1470 849 mo·

74 859 477 904 mentanea‚conservatio
489 861 545 896 diu
563 861 754 910 perseveret.

110 909 364 958 RespAEamdem
376 907 437 944 effe
449 912 617 946 actionem
633 924 686 955 re,
704 910 756 945 sed
771 913 892 945 virtute
906 916 939 947 &
951 912 1151 960 cogitatione
1167 909 1381 960 multiplicem
1397 927 1405 949 ε
1423 912 1471 946 di-

75 957 167 995 versa
187 960 275 993 enim
286 958 449 1006 utriusque
462 960 504 994 est
513 958 662 995 definitio
673 989 683 1003 ‚
703 965 736 996 &
752 958 883 994 diverat
900 958 970 994 sunt
982 989 991 1003 ,
1006 972 1042 995 ut
1052 960 1223 1007 loquuntur
1236 989 1246 1004 ,
1266 964 1473 997 connotatio-

78 1020 145 1044 neS.
157 1009 247 1043 Nam
266 1010 388 1042 creatio
405 1020 474 1044 rem
488 1020 565 1043 ante
577 1022 643 1044 non
662 1007 753 1044 fuisse
764 1038 774 1052 ‚
788 1007 993 1044 conservatio
1002 1022 1071 1044 rem
1089 1008 1181 1044 fuiffe
1199 1014 1264 1057 jam
1277 1011 1472 1059 productam

78 1057 204 1092 indicat
215 1055 282 1092 :sed
298 1056 386 1092 idem
396 1057 440 1092 est
456 1057 619 1105 utriusque
630 1060 804 1101 terminus,
821 1058 907 1092 idem
927 1061 1121 1107 principium
1132 1088 1141 1102 ‚
1158 1060 1247 1106 quod
1260 1061 1422 1095 interdum
1441 1062 1475 1094 in

79 1108 185 1155 prima
202 1106 403 1154 poduffione
415 1106 493 1141 alias
506 1107 609 1142 causas
620 1121 686 1143 non
697 1105 858 1150 excludit,
882 1117 1016 1155 tumque
1041 1110 1141 1156 magis
1161 1111 1347 1155 generantis
1377 1120 1476 1156 quarn

80 1156 220 1190 creantis
234 1153 508 1190 habetrationem
523 1170 530 1191 :
549 1169 624 1192 cum
636 1159 722 1192 enim
739 1167 777 1190 ex
793 1155 897 1191 nihilo
920 1159 1008 1191 Deus
1024 1169 1092 1191 rem
1114 1168 1263 1204 procreat
1274 1186 1284 1200 ,
1308 1169 1377 1192 tum
1395 1158 1476 1193 solus

81 1215 243 1253 operatur.
257 1204 307 1240 Est
321 1206 418 1253 igitur
429 1203 630 1240 conservatio
649 1207 836 1241 continuata
858 1210 892 1242 δ(
905 1218 973 1240 non
994 1207 1170 1253 interrupta
1188 1208 1234 1239 rei
1252 1209 1375 1241 creatio
1386 1236 1395 1249 ,
1409 1219 1479 1254 quae

83 1266 147 1337 ung
169 1253 215 1289 est
236 1283 246 1298 ,
265 1266 331 1288 non
348 1253 519 1303 multiplex
538 1257 625 1291 aetio
638 1269 650 1291 :A
667 1265 773 1303 neque
794 1254 825 1288 id
843 1254 1052 1290 concedimus
1071 1256 1238 1291 actionem
1259 1268 1395 1291 omnem
1418 1253 1478 1291 esse

85 1314 117 1338 in
147 1314 330 1339 antaneam.

587 1354 884 1400 QJAEsTto
934 1354 991 1388 11-

252 1449 412 1496 Qomodo
425 1449 517 1483 Deus
538 1458 706 1483 concurrat
721 1460 790 1482 cum
808 1448 907 1495 causis
911 1449 1060 1496 secundis
1078 1447 1117 1484 (θ’
1130 1450 1312 1496 necefflrriis.

191 1548 333 1583 Actenus
353 1546 426 1582 huic
444 1546 624 1594 quaestioni,
636 1557 702 1592 qua
717 1546 806 1582 nulla
821 1546 867 1581 est
883 1549 914 1582 in
929 1546 1136 1596 Philosophia
1156 1552 1278 1596 major,
1301 1558 1358 1582 aut
1380 1552 1481 1598 magis

190 1595 395 1632 controversa
409 1624 419 1639 ‚
436 1593 523 1643 quasi
547 1593 735 1643 praelufimus
754 1610 762 1631 :
782 1608 868 1631 nunc
885 1610 982 1644 quam
1005 1598 1184 1646 poterimus
1201 1596 1368 1632 enucleate
1382 1626 1393 1640 ‚
1409 1610 1481 1633 eam

92 1646 320 1683 tractabimus:
345 1657 382 1679 ac
404 1647 545 1693 primurn
562 1655 602 1677 ne
620 1657 702 1693 vaga
729 1643 765 1679 sit
787 1650 820 1682 &
839 1646 1064 1689 tumultuaria,
1082 1657 1117 1680 ut
1137 1645 1328 1692 plerumque
1343 1650 1459 1681 evenit
1474 1676 1483 1691 ,

93 1695 265 1746 disputatio
277 1724 286 1738 ,
300 1694 378 1741 quid
395 1705 519 1728 certum
539 1693 576 1728 fit
589 1697 642 1735 ‚&
659 1693 701 1728 ab
724 1693 875 1730 omnibus
893 1695 963 1731 fere
989 1692 1169 1731 concessum
1182 1721 1192 1737 ‚
1212 1692 1357 1730 breviter
1381 1702 1414 1733 ἃ
1436 1697 1485 1730 ὼ-

95 1747 205 1783 stinste
219 1744 264 1780 est
283 1742 521 1791 explicandum.
540 1744 588 1779 Sit
601 1744 710 1790 itaque

634 1844 748 1876 Prima
772 1843 946 1889 Conclufio.

133 1942 221 1976 Deus
247 1938 437 1973 immediate
451 1941 612 1974 concurrit
635 1952 709 1975 cum
730 1939 825 1975 causis
839 1939 1010 1975 ‘secundm

139 1987 234 2022 Proh.
249 1989 346 2023 concl.
363 1989 441 2023 Non
452 1986 553 2021 solum
567 1988 652 2037 polle
662 2001 770 2038 agere,
779 1988 831 2023 sed
845 1991 944 2024 etiam
959 1989 1032 2023 aCm
1042 1990 1169 2036 operari
1179 1988 1223 2023 est
1232 1986 1392 2037 perfeetio
1405 1999 1490 2035 quae-

101 2038 177 2072 dam
189 2036 258 2072 :sed
269 2039 374 2072 omnis
396 2035 560 2084 perfectio
574 2038 594 2074 ὲ
606 2041 681 2074 Deo
693 2050 748 2082 ,ut
759 2038 779 2074 a
793 2040 896 2086 prima
914 2037 1004 2072 causa
1020 2036 1246 2087 proficiscitur:
1263 2040 1346 2086 Ergo
1362 2048 1490 2071 creatu-

102 2099 138 2121 ra
152 2084 191 2120 fic
206 2086 352 2135 pendeta
364 2089 461 2129 Deo,
474 2099 546 2121 cum
564 2099 735 2136 operatur,
761 2098 798 2123 ut
819 2087 904 2122 illius
923 2085 1072 2123 concursu
1088 2093 1122 2124 δε
1141 2086 1260 2122 auxilio
1280 2088 1414 2121 omnino
1440 2087 1490 2122 in-

105 2136 226 2183 digeat.

145 2192 177 2219 2⁰
190 2184 378 2233 Cumgcausa
389 2185 525 2220 secunda
537 2186 604 2234 agit
616 2191 668 2226 ,ὃς
683 2184 840 2233 quiddam
855 2183 958 2221 efficit
970 2215 979 2230 ‚
992 2185 1073 2221 illud
1092 2186 1204 2231 utique
1218 2195 1255 2220 ut
1278 2183 1341 2218 tale
1353 2195 1408 2218 ens
1424 2212 1434 2227 ‚
1458 2197 1491 2219 v.

105 2244 152 2281 gr.
162 2243 199 2266 ut
214 2234 257 2267 est
270 2236 352 2281 ignis
366 2262 375 2277 ‚
386 2247 453 2270 non
465 2246 500 2269 ut
515 2235 558 2269 est
571 2233 767 2282 simpliciter,
786 2247 936 2282 procreat
948 2249 956 2271 :
966 2248 1032 2270 non
1045 2236 1133 2269 enim
1153 2235 1234 2282 ignis
1256 2231 1293 2267 fit
1313 2245 1352 2267 ex
1371 2232 1491 2276 nihilo,

107 2278 161 2326 seu
171 2293 212 2316 ex
223 2294 289 2316 non
302 2294 376 2317 ente
385 2282 635 2332 fimpliciter,sed
650 2296 689 2319 ex
699 2296 765 2319 non
774 2295 850 2319 ente
862 2282 1029 2318 secundum
1039 2281 1183 2331 quid,seu
1194 2295 1233 2318 ex
1245 2295 1310 2318 non
1324 2284 1493 2330 igneAErgo

108 2329 165 2376 ubi
181 2329 300 2378 aliquid
318 2328 458 2366 efficitur
470 2361 480 2376 ,
494 2331 616 2368 necesse
636 2333 679 2368 est
691 2345 727 2367 ut
746 2334 850 2381 prima
868 2335 1014 2368 omnium
1029 2332 1117 2367 causa
1140 2331 1269 2367 effectui
1289 2330 1320 2365 id
1340 2331 1468 2379 praestet
1483 2357 1495 2373 ,

110 2379 199 2426 quod
224 2377 313 2416 causa
326 2378 458 2416 secunda
469 2381 543 2417 dare
564 2394 630 2418 non
650 2382 777 2431 potest,
796 2384 951 2419 nimitum
969 2380 1030 2418 else
1051 2380 1233 2430 simpliciter
1246 2410 1255 2424 ,
1273 2391 1328 2415 aut
1346 2392 1494 2415 commu-

1130 2428 1248 2466 Bbbb
1287 2432 1306 2477 ij

709 2503 734 2510 x
