1857 2745
369 176 422 212 530
748 160 757 167 “
813 159 1313 199 METAPHYSICAE

373 224 447 259 quae
458 210 497 245 ad
511 209 676 259 Physicam
693 209 848 245 videntur
860 212 1034 259 pertincte,
1043 223 1148 259 eaque
1169 210 1238 247 sunt
1250 221 1368 260 magna
1379 221 1418 244 ex
1432 219 1525 258 parte
1533 205 1612 244 falso
1627 210 1766 247 credita·

376 262 427 298 Ut
440 259 528 306 quod
552 261 640 294 aiunt
653 260 693 293 de
711 257 874 303 basilisco,
888 261 945 307 qui
965 258 1095 309 aspeestu
1119 261 1290 297 oculorum
1310 257 1452 301 occ'idit3
1471 259 1512 292 de
1527 271 1674 303 remora,
1690 273 1762 308 quae

377 321 476 345 naves
487 319 667 343 remoratur
681 325 690 352 ;
709 307 749 342 de
766 309 885 344 vetulae
897 308 1107 345 fascinatione
1120 339 1130 354 ‚
1143 310 1183 345 de
1196 309 1330 345 occultis
1341 307 1474 343 fiderum
1488 307 1655 344 influxibus
1664 337 1674 352 ‚
1692 312 1765 356 qui-

380 357 440 392 bus
451 357 581 391 metalla
594 357 647 393 vel
660 359 693 392 in
712 369 804 392 terrae
813 356 983 393 visceribus
1001 371 1209 406 procreantur
1224 376 1233 402 3
1254 360 1295 393 de
1307 357 1440 407 pulvere
1454 356 1690 406 sympatethico
1702 387 1711 401 ,
1723 358 1765 392 de

380 419 447 454 quo
459 418 570 454 praeter
591 419 723 442 caeteros
736 408 782 442 vir
797 408 922 455 alioqui
938 407 1050 442 doetus
1066 413 1098 445 ὃ(
1110 408 1234 444 illustris
1260 411 1366 455 Eques
1387 405 1542 454 Digbaeus
1563 406 1683 454 Anglus
1702 418 1768 442 tam

381 455 480 490 multa
498 454 695 504 conscripsit:
713 461 801 504 cujus
813 456 884 491 sane
895 455 1035 505 pulveris
1048 469 1104 491 aut·
1117 458 1198 492 nulli
1212 456 1283 492 sunt
1304 454 1440 491 effeetus
1457 484 1467 497 ,
1483 467 1539 490 aut
1555 457 1576 488 ii
1594 455 1662 490 sunt
1677 465 1771 490 natu-

379 503 469 539 rales.
487 506 538 538 Sic
550 504 606 539 effi
616 507 683 540 etus
698 505 844 552 plerique
854 508 909 552 qui
919 505 1104 553 sympathia:
1118 506 1215 541 tribui
1227 505 1330 540 solent
1340 503 1421 540 nihil
1432 503 1511 547 sunt,
1523 515 1559 539 ut
1575 505 1623 537 vir
1637 516 1771 551 pereru-

381 553 466 588 ditus
479 551 648 597 observat,
668 566 782 602 praeter
795 553 894 589 aniles
913 557 1111 589 caecutientis
1125 554 1337 604 philosophice
1362 551 1489 588 fabulas
1501 581 1511 595 ‚
1538 552 1657 600 quibus
1676 555 1770 588 nimis

379 602 507 636 credula
522 606 698 650 antiquitas
716 602 813 638 fidem
827 603 924 638 fecit:
943 602 994 638 sed
1014 605 1055 638 de
1072 605 1110 638 iis
1128 603 1181 639 suo
1197 604 1271 639 loco
1288 601 1469 639 dicendum.

419 650 493 686 Aha
509 650 644 687 afferunt
658 655 784 687 veriora
798 680 809 695 ‚
825 652 877 686 sed
894 665 931 687 ex
942 652 1012 686 aliis
1023 652 1117 689 causis
1130 654 1226 689 dueta
1238 665 1326 700 ‚quae
1344 651 1479 699 quidem
1497 648 1592 691 catilin
1612 661 1647 685 ut
1670 651 1772 700 pluri-

381 712 470 735 mum
489 700 569 735 nihil
587 698 657 735 sunt
674 713 789 749 praeter
801 701 1021 736 substantiales
1031 700 1166 737 effluxus
1180 731 1190 746 ‚
1207 704 1262 750 qui
1283 713 1322 735 ex
1337 703 1433 734 certis
1456 697 1642 747 corporibus
1655 703 1771 750 jugiter

381 760 523 783 manant.
543 751 595 783 Sic
604 751 762 798 Torpedo
774 749 908 785 brachio
917 749 1082 799 piscatoris
1101 752 1264 800 stuporem
1280 751 1381 798 injicit
1394 763 1402 784 ε
1414 749 1503 796 quod
1512 760 1643 796 nuperae
1659 748 1771 784 obser..

381 799 530 832 vationes
550 800 595 834 Fr.
612 800 701 832 Redi
715 798 918 835 confirmant.
943 802 996 834 Sic
1015 801 1138 849 naphta
1155 812 1227 847 quae
1243 800 1289 833 est
1316 798 1482 832 bituminis
1496 808 1594 844 genus
1613 796 1772 833 subtiliffi-

382 859 472 882 mum
482 875 492 890 ,
507 849 615 895 ignem
628 850 771 896 concipit
785 877 794 891 ,
808 847 990 896 priusquam
1006 847 1059 883 fax
1070 849 1283 884 admoveatur
1294 864 1302 891 3
1315 847 1462 881 eamdem
1475 845 1519 879 ob
1534 847 1693 880 rationem
1704 845 1772 882 suc-

380 897 488 929 einum
515 895 621 944 paleas
637 926 647 940 ‚
661 908 794 944 magnes
815 897 936 932 ferrum
952 897 1059 932 trahit.
1085 900 1185 942 Haec,
1203 900 1334 944 inquam
1349 924 1358 938 ,
1375 897 1483 929 omnia
1507 906 1564 940 per
1589 894 1779 930 tenuiffimav

381 944 640 993 corpusculorum
651 945 809 994 profluvia
824 975 834 990 ‚
852 944 937 980 autsi
956 945 1046 980 malis
1057 959 1114 995 per
1126 946 1298 994 qualitates
1318 943 1457 978 occultas
1470 942 1674 989 perficiuntur
1688 958 1696 979 :
1716 944 1771 979 sed

381 1005 440 1041 per
453 995 661 1041 inteiJeCmm
672 995 814 1030 medium
825 993 1049 1030 diffunduntur
1065 995 1163 1030 :licet
1181 997 1215 1030 in
1231 1007 1270 1029 eo
1284 992 1409 1029 nullum
1426 991 1581 1027 effectum
1593 989 1773 1029 sensibilem

383 1054 554 1089 procreent
567 1045 675 1092 :quod
689 1045 722 1079 id
734 1057 799 1079 non
810 1043 845 1079 fit
862 1042 1036 1092 subjeetum
1047 1045 1201 1079 idoneum
1214 1072 1224 1087 ,
1235 1046 1268 1078 in
1281 1042 1368 1090 quod
1384 1043 1468 1076 vires
1477 1041 1544 1076 suas
1560 1053 1770 1089 expromam:

382 1090 443 1126 ista
456 1105 534 1126 vero
545 1099 579 1129 &
588 1093 651 1128 alia
670 1093 761 1141 hujus
768 1096 895 1143 generis
907 1093 1042 1141 plurima
1056 1095 1090 1129 in
1099 1093 1197 1128 alium
1212 1093 1318 1127 locum
1329 1090 1382 1125 res
1379 1101 1532 1125 ervamuS.

426 1142 497 1188 Qi
512 1152 740 1190 negantagcns
759 1144 858 1176 etiam
872 1154 929 1189 per
946 1141 1132 1177 miraculum
1143 1171 1153 1186 ,
1168 1144 1201 1177 in
1217 1154 1285 1176 rem
1301 1139 1471 1175 distantem
1480 1150 1576 1187 agere
1591 1137 1677 1187 poffe
1691 1168 1701 1183 ,
1714 1151 1774 1188 op-

382 1201 509 1237 ponunt
521 1218 531 1232 ,
541 1190 628 1236 quod
641 1189 728 1224 causa
743 1204 809 1225 non
822 1188 915 1238 poffit
931 1202 1027 1238 agere
1038 1189 1094 1225 ubi
1108 1205 1175 1225 non
1184 1191 1240 1233 est,
1254 1202 1314 1224 nec
1325 1201 1381 1237 per
1394 1187 1524 1237 seipsam
1537 1216 1546 1230 ‚
1559 1200 1620 1222 nec
1639 1200 1695 1236 per
1707 1191 1772 1224 vir-

384 1249 487 1272 tutem
499 1237 586 1273 suam
600 1251 613 1272 :⁷
624 1241 713 1286 atqui
727 1238 748 1273 fi
760 1238 849 1273 causa
867 1249 978 1286 ageret
988 1241 1021 1275 in
1030 1239 1168 1283 distans,
1179 1238 1225 1273 ibi
1239 1237 1423 1287 ageret‚.ubi
1440 1250 1506 1273 non
1520 1234 1619 1281 effer,
1638 1249 1698 1273 nee
1713 1249 1771 1286 per

382 1286 434 1329 se,
453 1299 513 1321 nec
525 1299 582 1334 per
594 1286 681 1322 suam
699 1290 875 1323 virtutem:
895 1290 979 1335 Ergo
991 1292 1084 1330 ,δια

431 1336 518 1384 Resp.
530 1335 655 1370 causam
669 1335 716 1370 ibi
730 1335 790 1372 effe
807 1348 864 1384 per
879 1334 965 1370 suam
977 1338 1151 1379 virtutem,
1164 1334 1221 1371 ubi
1239 1337 1283 1371 est
1304 1336 1472 1385 quidpiam
1491 1333 1645 1371 effeetura
1665 1352 1674 1379 3
1702 1348 1770 1373 tum

384 1386 471 1418 enim
486 1386 640 1419 virtutem
657 1385 741 1419 illius
757 1384 854 1419 causae
867 1396 938 1431 quae
956 1384 1003 1418 est
1020 1384 1206 1420 indiffirens
1228 1398 1264 1419 ut
1278 1397 1351 1432 agat
1366 1387 1398 1420 in
1421 1384 1483 1418 hoc
1504 1386 1607 1431 potius
1623 1397 1721 1431 quam
1739 1388 1773 1421 in

382 1432 461 1467 illud
476 1432 655 1481 subjedlmm
666 1463 676 1477 ,
695 1437 785 1469 Deus
798 1432 1029 1467 determinabit
1045 1434 1086 1468 ad
1106 1433 1168 1468 tale
1179 1432 1356 1480 subjeetum
1373 1446 1380 1468 :
1400 1444 1471 1466 cum
1487 1435 1575 1467 Deus
1590 1433 1771 1483 inidagere

383 1480 484 1529 poffit
504 1494 561 1530 per
573 1495 644 1517 eam
656 1484 833 1524 afflonem,
847 1494 1014 1530 perquam
1024 1494 1097 1517 cum
1119 1494 1265 1517 crea-tura
1282 1483 1439 1517 concurrit
1450 1495 1466 1517 t·
1476 1486 1508 1518 &
1533 1480 1612 1516 licet
1625 1481 1713 1517 nulla
1735 1481 1770 1518 sit

383 1533 431 1563 vis
449 1533 480 1565 in
501 1531 591 1566 causa
617 1530 754 1565 secunda
774 1542 811 1565 ut
827 1530 972 1578 subje&o
992 1530 1119 1565 distanti
1136 1531 1334 1580 applicetur,
1350 1543 1387 1565 ea
1405 1541 1512 1564 tamen
1522 1530 1696 1578 applicatio
1705 1544 1772 1567 non

384 1581 543 1627 exigitur,
555 1579 609 1614 nisi
629 1592 664 1614 ut
680 1580 768 1614 causa
778 1592 850 1627 quae
869 1580 1047 1627 alioquiest
1063 1579 1248 1616 indifferens
1265 1608 1276 1622 ,
1289 1580 1545 1622 determinetur5
1573 1591 1675 1627 eaque
1694 1583 1772 1616 citra

384 1628 635 1675 applicationem
649 1629 754 1677 potest
773 1628 792 1664 ὲ
812 1632 888 1665 Deo
904 1630 1122 1666 determinari.

420 1677 481 1710 Sed
497 1705 507 1718 ‚
522 1680 682 1723 inquiunt,
702 1679 906 1713 conditiones
919 1677 1060 1726 physicas
1081 1682 1170 1714 Deus
1191 1677 1221 1712 su
1250 1677 1338 1725 plere
1350 1679 1464 1725 nequit
1481 1690 1567 1714 :non
1588 1680 1674 1712 enim
1690 1690 1725 1714 v.
1739 1691 1770 1727 g.

385 1726 487 1771 potest
499 1725 643 1774 supplere
658 1725 859 1775 praesentiam
869 1729 1020 1770 materiae,
1030 1733 1063 1764 &
1073 1728 1183 1763 formae
1196 1742 1203 1762 :
1217 1691 1268 1762 ssd
1284 1739 1344 1760 con
1351 1729 1450 1762 taetus
1469 1727 1516 1760 est
1527 1727 1674 1761 conditio
1689 1727 1773 1776 phy..

384 1772 442 1808 fica
454 1803 462 1816 ‚
482 1787 550 1822 quae
564 1777 609 1809 rei
620 1788 766 1811 naturam
778 1774 983 1822 consequitur
998 1787 1005 1808 :
1018 1788 1095 1824 ergo
1108 1779 1132 1810 is
1145 1775 1282 1824 suppleri
1299 1776 1317 1810 ἐι
1339 1778 1415 1810 Deo
1431 1789 1498 1810 non
1513 1775 1628 1824 potest.

434 1824 519 1872 Κεφ.
534 1824 650 1858 multas
662 1823 720 1859 effe
733 1826 935 1859 conditiones
950 1823 1109 1872 physicas,
1126 1838 1196 1873 quae
1208 1825 1227 1860 a
1241 1828 1315 1860 Deo
1328 1824 1464 1873 suppleri
1481 1823 1609 1872 possunt
1623 1839 1631 1861 :
1650 1823 1689 1860 fic
1708 1837 1770 1873 po-

386 1872 445 1906 test
465 1871 604 1908 formam
618 1875 698 1922 ignis
716 1874 864 1908 inducere
876 1875 907 1907 in
921 1876 1090 1909 materiam
1104 1888 1170 1909 non
1188 1872 1387 1922 dispositam3
1409 1871 1499 1908 simili
1515 1875 1642 1908 ratione
1664 1885 1771 1908 remo-

388 1923 436 1955 tio
449 1921 760 1969 impedimentorum
775 1923 821 1957 est
842 1922 988 1957 conditio
1005 1921 1068 1958 sine
1089 1936 1152 1971 qua
1171 1935 1262 1967 non3
1286 1935 1322 1957 ut
1337 1925 1479 1957 remotio
1496 1922 1636 1969 corporis
1657 1923 1769 1969 opaci,

384 1982 452 2016 quo
466 1969 518 2004 lux
530 1973 702 2019 trajiciatur
715 1986 723 2008 :
741 1970 917 2022 subJecstum
928 2001 937 2015 ,
947 1982 983 2006 ut
995 1972 1134 2007 diximus
1152 1975 1183 2007 in
1195 1972 1284 2020 quod
1299 1971 1388 2006 causa
1401 1971 1544 2008 effistrix
1553 1971 1620 2017 agit
1632 1997 1642 2013 ,
1660 1970 1702 2005 est
1712 1972 1769 2013 iti·⁴

384 2019 461 2053 dem
479 2020 627 2055 conditio
644 2019 708 2055 fine
730 2033 792 2068 qua
803 2033 869 2057 non
882 2032 970 2066 :quae
980 2023 1090 2056 omnia
1104 2021 1242 2069 suppleri
1257 2020 1276 2056 ἐι
1285 2025 1359 2057 Deo
1369 2019 1501 2069 possunt.

420 2069 492 2104 Nec
505 2080 615 2102 verum
631 2070 674 2103 est
690 2070 777 2115 quod
789 2068 933 2104 nonnulli
951 2067 1091 2105 afferunt
1102 2100 1110 2112 ‚
1125 2081 1192 2104 tam
1210 2069 1414 2105 neceffariam
1428 2067 1488 2103 effe
1514 2068 1768 2117 applicationem

384 2114 480 2150 causae
490 2116 528 2149 ad
542 2130 549 2148 1
561 2115 695 2152 {festum
711 2117 963 2165 procreandum,
974 2130 1072 2164 quam
1091 2118 1174 2153 illius
1194 2119 1404 2153 existentiam.
1416 2118 1482 2152 Res
1496 2119 1582 2153 enirn
1591 2130 1767 2165 antequam

386 2165 500 2198 existat
515 2193 525 2207 ‚
542 2166 621 2201 nihil
643 2166 689 2201 est
701 2195 710 2209 ‚
725 2172 758 2203 &
771 2180 838 2201 non
859 2168 939 2200 entis
950 2166 1043 2200 nullae
1055 2166 1124 2203 sunt
1138 2170 1346 2215 proprietates
1359 2165 1457 2201 reales
1471 2179 1478 2200 ε
1491 2165 1542 2200 sed
1559 2165 1653 2201 causae
1663 2165 1768 2215 appli-

386 2215 473 2247 catio
492 2225 532 2247 eo
547 2225 673 2251 tantum
688 2216 729 2250 cst
749 2213 918 2250 neccffaria
932 2226 985 2258 ‚ut
998 2215 1087 2251 causa
1107 2217 1359 2252 determinetur:
1379 2220 1530 2263 jamvero
1548 2215 1690 2253 fatentur
1709 2215 1766 2250 ad-

386 2260 513 2298 versarii
529 2264 732 2302 conditiones
750 2264 1003 2301 determinantes
1017 2263 1037 2300 a
1054 2268 1129 2303 Deo
1144 2264 1279 2315 suppleri
1297 2261 1396 2313 posse.
