1857 2745
610 134 651 168 M
670 134 707 169 O
722 133 754 168 R
770 132 799 169 Α
821 133 874 169 LI
895 135 932 170 S.
1410 152 1420 173 1

43 187 164 236 :jusque
181 184 321 234 potestas
334 212 343 227 ‚
355 194 409 220 aut
431 189 482 234 jus
499 182 543 217 est
556 181 638 219 illius
655 182 803 218 voluntas
822 196 830 219 :
855 195 933 231 ergo
949 182 1022 217 aCtu
1041 185 1075 219 ὅ(
1086 183 1127 217 de
1139 180 1308 226 factost-eu
1317 194 1352 218 ut
1369 151 1417 219 1305.

50 246 204 284 quuntur‚
223 233 367 269 formalis
377 236 489 283 injuria
501 234 624 269 nemini
641 231 696 268 nisi
712 234 816 269 invito
833 231 903 268 fieri
918 232 1025 280 potest
1040 246 1048 268 :
1068 245 1105 267 ex
1123 246 1189 281 quo
1209 232 1245 268 fit
1262 234 1361 268 etiam
1381 246 1419 270 ur.

48 297 145 322 nemo
155 282 175 320 ὲ
189 283 220 319 se
232 282 300 332 ipso
314 285 456 329 injuriam
468 285 617 332 patiatur.

72 333 315 379 sed‚inquies,
336 344 410 369 cum
435 335 506 380 quis
523 330 816 381 pollicitationibus
837 330 971 366 laetatur
988 336 1022 368 δε
1048 330 1213 366 blanditiis
1234 360 1244 374 ‚
1266 344 1319 368 aut
1330 345 1419 369 metu

37 381 251 430 rcompellitur
265 392 337 424 ,aut
350 379 370 414 fi
383 384 533 429 ignorans
551 381 709 430 decipitur
726 409 735 424 ‚
748 392 804 416 aut
817 380 952 429 pupillus
967 409 977 424 ‚
989 379 1042 416 vel
1056 382 1114 428 qui
1125 379 1252 416 infirmo
1270 383 1313 416 est
1326 385 1417 430 inge-

36 433 102 467 -nio
118 433 152 466 in
166 430 312 465 fraudem
326 429 466 474 illicitur,
483 431 557 466 huic
572 430 649 466 licet
667 428 974 478 volentifitinjuria:
989 442 1068 479 ergo
1080 428 1193 466 volens
1204 432 1351 478 injuriam
1360 444 1418 479 pa.

36 482 70 516 *ti
83 480 196 529 potest.

92 529 180 578 Refp.
193 531 281 565 Tum
299 528 524 578 imperfeRam
537 528 598 565 effe
621 530 826 566 voluntatem
842 534 910 577 ejus
922 529 978 575 qui
998 537 1054 562 aut
1071 539 1133 575 prae
1151 538 1246 562 aetate
1259 556 1268 567 ‚
1284 541 1340 564 aut
1353 542 1417 578 prae

46 580 226 627 ignorantia
239 607 249 622 ,
269 590 325 613 aut
344 591 405 627 prae
419 581 542 627 ingenii
557 579 784 615 imbecillitate
800 580 956 626 decipitur
969 594 978 621 3
990 578 1112 623 quique
1124 576 1277 612 damnum
1293 578 1394 614 infert
1410 608 1419 622 ‚

45 626 122 662 dolo
139 627 227 662 malo
242 638 369 662 tenetur
384 641 390 662 :
410 627 532 663 tametsi
546 629 698 664 damnum
714 631 820 677 potius
834 657 844 672 ‚
864 625 965 675 quam
988 626 1135 673 injuriam
1151 625 1233 660 alter
1247 629 1317 675 pari
1328 628 1419 665 vide-

35 686 94 710 vtur
105 703 114 717 ,
127 688 282 723 quatenus
304 675 403 712 sciens
421 689 458 710 ac
476 677 590 712 volens
605 690 677 714 eam
690 680 816 725 accipit.

78 724 202 774 Qrit
216 727 316 760 etiam
329 725 516 760 Aristoteles
530 739 638 761 utrum
651 728 776 776 gravius
787 725 823 761 fit
835 727 902 775 pati
914 725 1076 774 iniuriam,
1092 736 1132 761 an
1150 724 1268 761 facere.

91 773 247 822 Responfio
263 773 364 808 facilis
379 775 440 817 est,
454 777 581 822 gravius
601 773 662 810 effe
672 775 796 810 malum
812 777 960 823 injuriam
979 773 1106 810 facere:
1128 774 1159 808 id
1172 777 1262 810 enirn
1280 774 1327 809 est
1345 786 1418 811 curn

42 821 191 868 injustitia
213 824 419 870 conjunctum
434 840 443 867 3
456 825 513 870 qui
527 835 606 857 vero
622 827 739 874 accipit
755 826 925 873 injuriam,
939 825 965 857 is
982 826 1064 858 vitio
1078 852 1088 867 ,
1102 824 1296 872 &injustitia
1313 836 1416 859 vacar-

79 872 150 919 Qii
170 883 247 906 vero
259 871 397 907 alterum
410 873 527 918 injuria
543 870 734 916 afficit,illud
745 872 765 909 ὲ
774 875 926 921 Sapiente
935 873 1057 907 dietum
1068 883 1179 908 mente
1192 872 1348 908 revolvat.
1386 876 1421 907 ιιι·

40 919 260 954 calumniatur
268 930 445 968 pauperum
461 931 498 954 ut
507 932 625 968 augeat
634 922 773 956 divitias
784 949 793 960 ,
803 921 896 956 dabit
908 923 968 969 ips}
979 922 1090 955 ditiori
1104 919 1142 956 ὠ·
1156 919 1265 969 egebit.
1287 923 1359 958 Pro.
1371 937 1414 958 22.

77 970 203 1003 Verum
212 970 294 1002 circa
307 969 456 1016 justitiam
466 970 631 1004 vindicem
642 974 744 1017 major
753 982 810 1004 nos
825 980 939 1004 manet
949 967 1117 1004 difficultas
1127 998 1137 1012 ,
1153 981 1193 1004 an
1208 969 1309 1018 judex
1319 973 1418 1006 etiam

1438 998 1460 1012 ι.
1486 991 1513 1014 de

42 1017 76 1051 in
88 1015 218 1064 capitali
238 1014 395 1052 sententia
408 1028 521 1051 contra
533 1019 693 1065 propriam
706 1017 869 1053 scientiam
885 1030 925 1052 ex
938 1016 1084 1064 allegatis
1094 1023 1128 1054 &
1137 1017 1280 1066 probatis
1295 1020 1417 1066 judica-
1436 1026 1495 1053 Re?-

41 1075 77 1098 te
95 1075 252 1100 teneatur.
273 1065 358 1110 Qae
374 1065 507 1111 quidem
520 1065 657 1112 quaestio
670 1078 706 1100 ut
718 1066 824 1100 dirimi
835 1065 961 1099 facilius
1009 1064 1084 1100 offic
1095 1093 1105 1108 ‚
1122 1078 1170 1100 res
1192 1066 1235 1100 est
1254 1067 1351 1114 paulo
1372 1067 1414 1102 ab

41 1112 149 1147 altiori
165 1115 320 1161 principio
338 1113 535 1149 deducenda.
558 1113 647 1148 Cum
664 1114 797 1148 societas
813 1113 921 1148 secura
941 1077 1007 1147 ess'gy
1014 1126 1081 1148 non
1092 1112 1186 1160 possit
1199 1113 1254 1148 nisi
1269 1127 1417 1151 conven-

41 1160 183 1197 tionibus
198 1167 232 1198 &
243 1163 344 1209 paffis
357 1172 475 1196 mutuis
490 1159 651 1206 firmetur,
669 1175 708 1196 ea
721 1165 832 1211 pacta,
849 1167 915 1209 jura
929 1163 1058 1210 proprie
1079 1162 1230 1198 dicuntur
1240 1191 1250 1206 ,
1260 1176 1322 1199 nec
1335 1167 1415 1200 citra

42 1211 192 1257 injuriam
206 1210 378 1246 violantur.
395 1212 441 1245 Ac
454 1210 539 1259 leges
549 1210 591 1245 ab
610 1210 764 1258 ejufinodi
782 1211 885 1260 paffis
901 1212 1031 1246 initium
1043 1210 1180 1255 duxere,
1198 1224 1274 1247 cum
1295 1211 1417 1250 scilicet

41 1259 76 1293 id
87 1258 165 1293 utile
175 1258 359 1295 hominibus
370 1258 471 1293 visum
488 1260 534 1295 est
545 1289 554 1303 ,
570 1271 606 1295 ut
624 1263 667 1294 ait
686 1261 780 1296 Plato
790 1290 800 1305 ‚
815 1259 933 1309 pacisci
948 1270 1063 1295 mutuo
1091 1273 1132 1295 ne
1147 1260 1290 1298 facerent
1301 1291 1310 1306 ,
1324 1274 1417 1311 pate.

40 1319 215 1354 renturque
231 1310 393 1355 injuriam.
408 1309 517 1343 Prima
526 1320 634 1344 autem
648 1312 827 1345 conventio
838 1322 876 1344 ea
888 1309 1015 1344 videtur
1027 1307 1117 1344 fuiffe
1129 1339 1137 1352 ‚
1151 1323 1215 1357 qua
1236 1310 1327 1347 suurn
1347 1314 1417 1346 cui-

41 1367 107 1403 que
129 1356 364 1391 distribueretur
377 1373 387 1400 ·,
400 1357 514 1391 deinde
527 1371 567 1392 ne
583 1356 813 1394 imbecilliores
827 1359 938 1406 praedae
955 1355 1054 1392 eisenr
1067 1358 1286 1397 validioribus.
1303 1361 1414 1409 Qam

40 1403 173 1451 quisque
194 1404 309 1440 habuit
322 1405 504 1440 vindicandi
514 1405 705 1441 facultatem
718 1436 727 1450 ‚
740 1410 773 1442 in
782 1406 1025 1444 multitudinem
1041 1418 1095 1441 aut
1105 1410 1211 1455 potius
1226 1411 1260 1443 in
1272 1422 1347 1445 eum
1358 1414 1415 1457 qui

40 1452 203 1500 praeesset,
214 1453 369 1489 transtulit
384 1464 439 1494 ‚ut
449 1452 505 1488 ille
519 1455 717 1501 provideret,
733 1467 773 1490 ne
789 1454 938 1502 cujiisque
946 1459 992 1502 jus
1005 1455 1189 1490 violaretur.
1215 1459 1303 1492 Hinc
1321 1459 1418 1494 docet
1435 1492 1478 1514 ffb

40 1501 232 1536 Aristoteles
242 1501 323 1537 nihil
334 1499 393 1536 effe
404 1500 487 1535 aliud
499 1504 793 1550 principem‚quam
802 1503 969 1537 custodem
979 1504 1061 1549 iuris.
1072 1504 1181 1550 Judex
1192 1517 1270 1539 vero
1281 1517 1336 1540 aut
1344 1519 1415 1541 ma-
1433 1501 1488 1550 &¹52
1508 1499 1528 1520 ς’

37 1549 186 1598 gistratus
206 1552 238 1586 in
254 1550 426 1599 judicando
447 1552 599 1600 principis
612 1551 718 1586 locum
728 1556 864 1596 tenet‚&
877 1549 1045 1599 publicam
1058 1551 1227 1599 personam
1243 1556 1340 1602 gerit.
1352 1557 1413 1590 His

39 1598 216 1635 inteneekis
228 1628 239 1644 ‚
252 1599 288 1635 [it

532 1649 678 1685 Secunda
699 1648 870 1695 Conclusio.

72 1746 178 1793 judex
198 1757 326 1782 tenerur
337 1758 450 1783 contra
460 1749 621 1796 propriam
640 1747 803 1783 scientiam
820 1749 854 1782 in
877 1747 967 1784 causa
983 1747 1111 1798 capitali
1127 1754 1210 1797 juxta
1225 1749 1361 1798 probata
1379 1755 1414 1788 δε

39 1793 178 1842 allegata
188 1797 327 1842 judicare
342 1825 351 1839 ‚
361 1809 398 1830 ex
415 1797 459 1844 hy
471 1832 474 1833 ⁷
484 1794 583 1830 othesi
601 1797 691 1842 quod
705 1795 897 1832 sententiam
907 1798 1000 1834 ferat.

78 1843 170 1878 Proh.
186 1845 279 1880 concl.
302 1845 411 1893 Judex
424 1858 465 1893 pu
492 1844 587 1880 licam
601 1845 768 1892 personam
780 1847 864 1894 gerit
877 1875 887 1889 ‚
906 1852 939 1884 ἃ(
953 1846 1081 1895 publica
1100 1846 1258 1894 potestate
1282 1848 1316 1881 in
1329 1847 1413 1893 judi·

41 1891 143 1925 cando
165 1891 305 1940 fungitur
317 1922 326 1937 ,
343 1905 497 1940 tanquam
520 1894 770 1929 instrumentum
795 1896 876 1942 reip.
893 1907 931 1930 ut
943 1896 1088 1943 loquitur
1110 1894 1230 1930 saueius
1248 1895 1413 1931 Thomas:

40 1950 118 1987 ergo
137 1953 203 1975 non
220 1954 258 1976 ex
273 1945 402 1991 propria
413 1971 423 1985 ‚
435 1941 489 1978 sed
503 1955 542 1977 ex
553 1941 684 1991 publica
700 1942 846 1986 scientia,
863 1955 920 1991 per
931 1945 1027 1979 testes
1051 1946 1199 1979 nimirum
1212 1973 1221 1988 ‚
1239 1949 1273 1982 &
1292 1943 1412 1992 proba-

39 1989 164 2031 tiones,
179 2001 248 2025 non
263 1990 355 2026 aliter
366 1990 431 2025 acsi
442 1991 519 2040 resp.
535 1990 653 2028 adeffet
668 2020 678 2035 ‚
693 1990 794 2027 debet
809 1993 954 2040 judicare.

78 2036 221 2078 confirm·
241 2041 317 2075 H'oc
329 2041 375 2075 est
383 2041 495 2087 J'udicis
507 2038 649 2076 officium
663 2045 711 2089 jus
729 2042 836 2076 dicere
849 2070 860 2085 ,
875 2054 942 2077 non
955 2048 1002 2093 jus
1014 2042 1109 2085 (ἶπες
1124 2041 1230 2090 legem
1255 2044 1411 2091 interpre-

40 2087 102 2119 tari
119 2114 129 2128 ,
145 2099 210 2120 non
231 2089 391 2125 condere:
407 2101 484 2137 ergo
501 2090 620 2124 eodem
649 2091 749 2125 modo
765 2090 908 2138 judicare
925 2091 1026 2127 debet
1040 2104 1077 2126 ac
1097 2089 1118 2125 si
1143 2090 1259 2126 adeffet
1280 2091 1357 2140 resp.
1372 2105 1411 2128 ex

41 2133 179 2180 publicis
187 2138 337 2172 nimirum
348 2137 594 2187 probationibus
608 2168 617 2182 ‚
637 2139 878 2182 instrumentis,
896 2151 933 2174 ac
954 2139 1082 2176 testibus
1095 2153 1103 2175 :
1117 2144 1202 2188 juxta
1225 2140 1306 2176 illud
1319 2143 1411 2177 Deu-

45 2192 148 2219 teron.
166 2197 208 2229 19,-
229 2188 266 2220 In
283 2200 333 2221 ore
353 2187 486 2221 duorum
501 2199 558 2222 aut
575 2189 671 2222 trium
688 2187 811 2233 testium
819 2187 919 2233 stabit
931 2202 1021 2225 omne
1032 2187 1170 2224 verbum.

576 2286 690 2321 Tertia
710 2286 886 2332 Conclusio.

77 2379 182 2426 Judex
197 2391 322 2416 tenetur
333 2381 353 2417 ἒι
368 2383 501 2419 ferenda
510 2384 663 2419 sententia
679 2412 689 2428 ,
700 2382 719 2418 fi
731 2382 824 2432 poffit
836 2413 845 2429 ‚
862 2384 1023 2421 abstinere
1033 2413 1043 2427 ,
1059 2383 1336 2432 auti-nagistratum
1348 2397 1409 2432 po-
