1857 2745
286 124 318 151 12
687 109 1271 148 INSTITUTIONES

279 162 397 212 positio
414 159 543 210 simplex
570 159 635 197 est:
654 158 721 195 haec
733 160 844 195 autem
869 159 958 195 foret
977 159 1173 210 composita,
1202 159 1386 197 Alexander
1406 160 1470 196 fuit
1490 163 1676 213 Principum

279 211 469 248 fortiffimus
479 239 488 253 ,
500 216 533 246 &
551 211 632 245 vicit
641 211 790 246 Darium.
821 213 908 243 Vera
924 210 1082 245 tstautem
1094 210 1272 261 propositio
1285 210 1460 259 composita
1472 240 1482 255 ,
1493 211 1676 248 dummodo

280 275 363 297 verae
385 260 442 296 sint
460 257 694 307 propositiones
714 257 886 308 simplices,
904 250 942 292 eil
960 259 1078 307 quibus
1097 273 1135 295 ea
1147 258 1320 295 coalescit:
1336 259 1414 296 falsa
1425 261 1535 296 futura
1548 264 1601 307 est,
1618 261 1676 298 ubi

279 323 388 345 earum
401 309 499 344 altera
514 307 591 343 falsa
608 309 708 344 fuerit
719 323 726 345 :
737 319 869 355 tumque
885 311 996 357 negari
1012 313 1134 357 poterit
1147 309 1346 359 simpliciter.

317 359 477 408 Qaedam
492 360 593 393 etiam
605 356 841 407 propositiones
855 357 1008 393 videntur
1018 357 1174 408 simplices
1189 365 1222 396 ὃς
1237 359 1447 407 incomplexae
1461 389 1470 403 ‚
1484 371 1552 406 quae
1562 371 1675 394 revera

277 408 349 444 sunt
360 406 825 457 complexae:hujusmodisunt
840 405 900 441 illae
920 420 1033 442 omnes
1055 410 1087 443 in
1105 408 1223 456 quibus
1247 411 1404 443 terminus
1422 411 1652 445 connotativus
1665 437 1676 453 ,

277 458 522 506 veladjeotvus
541 460 716 505 reperitur:
731 470 796 493 vox
808 458 895 491 enim
907 460 1120 492 connotativa
1132 488 1141 502 ‚
1155 458 1297 506 utjustus
1315 487 1324 501 ,
1337 470 1406 493 rem
1424 461 1476 493 cui
1495 458 1573 492 inest
1585 459 1675 506 justi-

278 509 323 541 tia
339 536 347 550 ‚
360 507 504 549 confuse,
519 507 669 555 justitiam
682 505 761 542 vero
780 507 927 542 distinete
936 505 1093 555 significat
1104 521 1112 542 :
1123 519 1263 554 cunique
1276 507 1350 541 dico
1365 537 1375 551 ,
1392 507 1493 542 homo
1502 508 1606 555 justuS,
1621 508 1676 542 du-

277 555 356 605 plici
378 556 431 591 illa
444 568 526 590 voce
538 556 603 590 haec
616 555 792 605 propofitio
802 557 1000 600 continetur,
1011 556 1112 590 horno
1124 559 1181 604 qui
1191 558 1234 591 est
1254 556 1360 601 justus,
1386 558 1478 590 Hinc
1489 559 1595 591 omnis
1614 568 1676 590 ter·

277 609 382 640 minus
397 609 627 640 connotativus
637 635 646 649 ‚
669 619 768 641 omne
782 604 965 654 epithetum
980 604 1232 653 propositionem
1253 606 1416 652 quandam
1437 604 1571 639 includit
1583 634 1592 647 ‚
1606 618 1677 652 quae

277 654 448 703 principali
460 653 672 703 propositioni
686 656 871 705 adjungitur
885 683 895 698 ,
908 667 1050 702 caniquae
1070 653 1148 704 saepe
1169 654 1339 690 clariorem
1354 651 1476 690 efficit:
1499 652 1677 701 cujusmodi

279 704 324 739 est
337 703 392 739 illa
404 705 488 754 apud
509 707 697 742 Horatium.

444 754 586 789 Prudens
592 755 705 799 futuri
727 755 874 802 temporis
897 754 1022 788 exitum

442 804 627 849 Caliginosa
651 805 736 838 nofz‘e
756 804 872 852 premit
891 804 996 837 Deus.

317 853 407 886 Deus
421 881 430 895 ‚
448 852 489 886 est
499 848 679 898 subjeetum
692 853 780 900 hujus
796 849 1024 899 propositionis
1039 879 1047 891 ‚
1058 850 1207 898 adjund‘m
1217 851 1297 887 vero
1308 851 1484 900 propositio
1502 863 1584 887 voce
1603 852 1668 897 illa,

278 901 416 947 prudens
429 930 438 944 ‚
460 903 664 936 continetur:
681 914 781 948 atque
810 900 898 934 idem
917 899 982 934 sola
996 897 1098 933 efficit
1115 911 1152 932 ac
1170 904 1260 936 Deus
1277 903 1331 947 qui
1347 902 1389 934 est
1410 902 1547 948 prudens
1561 929 1570 939 ‚
1588 913 1676 937 tum-

277 961 341 995 que
356 961 394 982 ea
407 962 470 984 vox
486 962 553 984 non
565 949 763 985 determinat
773 960 827 984 aut
845 949 1004 997 restringit
1022 947 1199 996 subjeetum
1214 978 1223 993 ,
1251 948 1304 984 sed
1319 961 1429 985 manet
1454 951 1487 983 in
1509 954 1598 985 omni
1622 949 1676 985 sua

279 996 479 1033 extensione.

330 1047 432 1092 Qod
452 1045 472 1080 si
484 1058 540 1081 aut
552 1048 702 1096 adjuneta
717 1045 961 1095 propositi0,aut
980 1047 1136 1080 terminus
1151 1046 1326 1092 adJeetivus
1340 1045 1520 1094 subjeetum
1533 1076 1541 1090 ,
1561 1047 1613 1082 vel
1623 1059 1675 1082 at-

279 1093 440 1129 tributum
455 1096 651 1132 determinet
665 1125 676 1140 ,
690 1107 761 1130 tum
798 1108 838 1130 ex
860 1095 1023 1130 incidente
1056 1094 1240 1143 principalis
1251 1095 1396 1142 quaedani
1410 1094 1587 1144 propositio
1609 1110 1675 1132 non

278 1141 425 1179 efficitur.
442 1146 494 1178 Sic
508 1148 541 1180 in
562 1145 622 1180 illa
638 1144 871 1193 propositione.

443 1195 504 1228 Vis
528 1195 647 1240 confilii
672 1205 785 1243 expers
803 1195 883 1229 mole
898 1196 964 1230 ruit
977 1196 1053 1240 sua,

313 1243 372 1275 Vis
390 1254 460 1288 quae
473 1244 516 1278 est
527 1243 646 1291 consilij
660 1256 771 1292 expers
785 1273 795 1288 ,
823 1257 958 1292 quaeque
978 1244 1022 1278 est
1039 1243 1182 1278 incidens
1203 1241 1401 1291 propositio,
1426 1246 1585 1291 praecipua
1607 1256 1674 1279 non

277 1291 381 1339 potest
394 1290 477 1329 fieri.
502 1292 693 1342 Composita
707 1295 820 1340 itaque
845 1292 1022 1342 propositio
1039 1305 1076 1327 ea
1103 1293 1145 1327 est
1163 1306 1235 1340 quae
1254 1294 1285 1327 in
1310 1292 1415 1340 plures
1436 1291 1672 1340 propositiones

277 1339 395 1375 resolvi
414 1343 528 1389 potest.
546 1346 654 1390 anue
672 1342 727 1377 vel
744 1344 787 1378 est
799 1344 951 1391 explicite
969 1341 1146 1391 composita
1158 1355 1250 1384 ,cum
1263 1340 1383 1376 scilicet
1402 1342 1509 1390 plures
1532 1341 1675 1391 proposi-

280 1394 387 1424 tiones
406 1392 438 1425 in
457 1405 494 1426 ea
506 1404 668 1428 contentae
687 1393 853 1428 manifeste
876 1404 1052 1441 apparent:
1067 1391 1120 1426 vel
1140 1392 1184 1426 est
1204 1390 1361 1440 implicite
1389 1390 1583 1439 composita,
1601 1404 1675 1428 curn

279 1438 451 1487 multiplex
466 1440 643 1489 propositio
659 1445 692 1476 in
704 1454 741 1475 ea
752 1441 921 1478 delitescit.

311 1487 473 1535 Explicit&
502 1490 678 1539 composita
712 1490 811 1539 vulgo
836 1492 980 1526 statuitur
998 1489 1218 1538 quadruplex,
1241 1488 1674 1537 copulativa,disjun&iva,

278 1537 508 1573 conditionalis
521 1568 530 1582 ,
545 1545 578 1576 δε
594 1539 732 1574 causalis.

318 1584 498 1634 Propositio
512 1588 700 1633 copulativa
718 1600 755 1622 ea
777 1589 896 1623 dicitur
911 1593 995 1637 cujus
1015 1588 1138 1624 diversa
1156 1587 1298 1636 subjeeta.
1311 1591 1345 1623 Sc
1362 1585 1520 1620 attributa
1538 1592 1674 1635 conjun-

278 1635 388 1669 &ione
406 1636 514 1684 aliqua
526 1636 711 1672 affirmante
728 1649 782 1672 aut
795 1650 935 1687 negante
954 1637 1145 1686 copulantur
1157 1655 1166 1681 3
1180 1639 1332 1672 nimirum
1354 1635 1403 1668 his
1418 1635 1603 1681 particulis,
1622 1643 1671 1680 &‚

277 1695 407 1729 neque,
423 1690 455 1721 δε
469 1685 636 1723 fimilibus.
654 1690 738 1735 Qiae
759 1688 1003 1736 conjunfflones
1019 1685 1097 1735 siepe
1111 1688 1337 1735 exprimuntur
1354 1710 1364 1724 ,
1378 1693 1413 1716 ut
1430 1682 1532 1717 horno
1551 1697 1617 1719 non
1631 1687 1674 1720 est

279 1744 392 1766 avarus
402 1732 493 1770 simul
514 1737 721 1786 &prodigu5.
741 1737 907 1773 Interdum
927 1734 1152 1784 intelliguntur
1172 1734 1307 1783 quidem
1321 1759 1331 1775 ,
1346 1744 1413 1767 non
1432 1734 1667 1780 exprimuntur,

280 1781 379 1828 idque
400 1783 566 1833 eleganter
580 1815 588 1829 ,
610 1798 666 1830 ut,

437 1836 556 1882 Sperat
571 1835 712 1881 infaustis
726 1864 735 1875 ,
751 1838 865 1870 metuit
882 1835 1031 1882 ficundis

474 1884 632 1918 Alteram
648 1887 758 1923 ffirtem
777 1885 851 1918 bene
867 1894 1077 1932 praeparatum
1094 1882 1210 1928 perflue.

311 1935 397 1967 Item
414 1932 467 1967 illa
491 1934 692 1981 panegyrici.
721 1931 835 1966 Habet
862 1933 918 1965 has
938 1934 1024 1965 vices
1048 1930 1186 1966 conditio
1207 1928 1409 1973 mortalium,
1430 1940 1466 1964 ut
1476 1931 1613 1981 adver-[22
1633 1947 1672 1969 ex

269 1983 423 2027 ficundis
440 2010 445 2016 .
467 1995 506 2016 ex
525 1980 816 2027 adverfissbcunda
828 1982 1009 2016 nastanrnr.

319 2033 370 2066 Sic
384 2031 476 2080 plura
490 2029 559 2067 sunt
574 2029 750 2078 aliquando
760 2041 829 2064 tum
843 2028 985 2077 subjecita
997 2058 1005 2072 ,
1021 2040 1090 2065 turn
1100 2029 1258 2065 attributa
1272 2057 1282 2072 ,
1298 2038 1336 2062 ut
1353 2029 1385 2063 in
1408 2027 1463 2065 illa

425 2107 507 2140 Non
531 2104 640 2139 domus
657 2103 696 2138 (ῥ’
709 2103 835 2148 fundus
848 2132 858 2147 ,
875 2117 935 2138 non
957 2108 1024 2140 aeris
1039 2117 1175 2139 acervus
1196 2105 1234 2139 &
1254 2106 1327 2139 auri

426 2155 579 2202 eAEgroto
600 2153 722 2189 domini
740 2153 877 2188 deduxit
904 2165 1030 2203 corpore
1031 2153 1139 2200 ftbres
1152 2181 1163 2197 ,

417 2204 496 2236 Non
514 2205 618 2238 animo
637 2214 740 2239 curas.

316 2273 491 2310 Refcllitur
503 2277 686 2326 copulativa
697 2275 873 2325 propositio
884 2305 893 2319 ,
905 2289 976 2310 curn
993 2289 1127 2327 negatur
1142 2277 1206 2326 ipsa
1223 2279 1482 2325 conjunstio,aut
1495 2280 1515 2315 si
1528 2293 1598 2330 pars
1612 2282 1672 2317 ali-

280 2335 345 2369 qua
360 2325 586 2372 propositionis
599 2325 712 2362 nonsit
731 2338 828 2362 vera:
847 2337 882 2360 ut
899 2327 1001 2360 virtus
1018 2333 1051 2364 &
1068 2341 1106 2362 aes
1129 2325 1200 2362 sunt
1213 2329 1289 2374 quid
1308 2327 1510 2374 praeclarum:
1532 2330 1610 2368 falsa
1629 2333 1673 2368 est

277 2372 343 2407 haec
356 2373 533 2423 propositio
546 2390 552 2412 :
565 2389 640 2415 narn
655 2378 759 2415 virtus
770 2377 871 2413 etiam
887 2373 952 2412 sine
979 2389 1040 2412 aere
1056 2378 1100 2414 est
1116 2377 1193 2425 quid
1211 2375 1406 2425 praeclarurn.
