1857 2745
570 92 732 129 PAR'S
787 91 1056 130 TERTIA:
1432 111 1488 133 zor

99 143 236 184 scientiae
247 141 471 192 adaequatum}
487 142 577 191 quod
598 148 630 177 ιο
643 144 759 180 Unum
779 141 839 177 esl'e
853 142 978 186 debet,
998 143 1109 178 saltem
1122 145 1243 178 unitate
1262 141 1415 192 analogice
1434 125 1488 180 vt'l

98 195 215 230 ordinis
225 210 235 237 3
247 205 355 242 neque
366 195 455 229 enim
463 189 586 228 necesse
607 192 650 226 est
661 203 696 226 ut
704 191 873 240 objeCRum
891 191 1031 228 scientiae
1048 191 1085 227 fit
1102 205 1201 227 unuin
1216 204 1271 240 per
1291 192 1340 235 se,
1353 204 1406 227 ant
1416 197 1488 230 uni-

73 282 78 286 ,
99 255 201 279 tatem
220 241 339 278 habeat
350 244 533 278 univocam.
543 243 633 278 Nam
647 244 736 277 entia
753 244 852 277 etiarn
865 254 923 290 per
935 243 1081 276 accidens
1092 242 1137 275 ad
1150 239 1295 276 scientias
1332 253 1490 279 ertinent:

99 303 138 328 ut
146 304 299 328 numerus
311 292 352 327 ad
363 291 613 326 Arithmeticam
626 319 636 335 ,
653 293 767 326 civitas
783 290 823 325 ad
847 291 1033 329 Politicam.
1055 304 1087 325 20
1102 289 1282 338 Obje&i{111
1299 254 1437 327 seientia:
1452 295 1496 327 ita

97 340 392 377 commensuratum
401 339 462 376 esse
471 339 573 375 debet
586 369 597 384 ,
611 352 648 375 ut
664 339 794 376 tantuin
807 351 935 388 pateat,
947 339 1109 388 quantum
1122 338 1253 374 scientia
1265 339 1338 387 ipsa.
1358 349 1389 384 30
1447 355 1493 377 uae

97 392 133 425 in
145 403 183 425 ea
197 392 371 426 tratstantur
386 390 518 425 scientia
531 418 540 433 ‚
559 390 601 424 ad
619 389 788 438 objectum
801 389 882 424 illius
898 390 1012 424 referri
1030 387 1173 431 debent,
1193 388 1247 422 vel
1266 400 1303 423 ut
1319 392 1495 439 principia,

96 439 149 475 vel
164 451 200 474 ut
209 441 443 488 proprietates:
464 439 550 475 unde
562 444 597 476 &
609 438 777 488 objecstum
792 437 1014 473 attributionis
1034 439 1099 472 dici
1113 436 1295 484 solet,quod
1310 440 1339 471 ei
1351 437 1497 474 tribuan-

96 499 147 523 tur
157 490 266 523 omnia
276 490 524 537 quaetraduntur
533 490 567 523 in
577 487 719 525 scientia.
730 497 781 534 4⁰
795 486 977 536 Objestum
994 486 1073 523 illud
1086 484 1294 521 neceffai-ium
1306 487 1365 521 effe
1378 487 1490 531 debet,

94 536 280 574 necessitate
294 537 450 573 videlicet
457 536 683 587 propositionis
701 544 736 575 δέ
746 536 881 574 essentia:
893 566 902 580 ,
924 550 991 572 non
1001 536 1186 571 existentiae.
1200 537 1290 570 Hinc
1307 535 1347 569 de
1359 548 1425 571 nori
1439 549 1497 572 cii-

95 585 184 621 tibus
198 587 267 621 dari
277 586 407 622 scientia
417 588 540 636 potest,
558 598 715 634 quatenus
734 587 775 621 de
788 589 825 621 iis
839 585 909 621 fieri
944 584 1050 621 offunt
1065 583 1359 619 demonstrationes
1375 598 1383 619 :
1399 597 1434 619 ut
1454 587 1495 621 de

96 635 184 670 malo
198 637 230 669 in
241 635 376 680 Ethica3
391 636 431 671 de
445 648 521 672 ente
538 638 671 671 rationis
686 638 721 671 in
745 598 970 683 Metapliyssca
982 663 992 678 ‚
1012 645 1069 669 aut
1087 635 1207 682 Logica
1228 649 1238 676 ;
1259 633 1299 667 de
1316 632 1443 668 umbris
1464 637 1496 670 in

95 685 227 732 Optica.
257 686 424 720 Postremo
450 685 620 732 objectum
640 684 778 732 speciem
792 686 867 719 dare
880 682 984 718 debet
997 713 1006 727 ‚
1028 689 1063 721 &
1078 683 1321 717 distinctionem
1343 681 1499 728 scientiae,

94 744 165 783 quae
178 745 218 768 ex
229 733 346 769 ordine
361 732 532 770 intrinseco
544 746 643 781 quem
660 733 761 768 habet
777 734 819 768 ad
840 731 1010 780 objectum
1023 761 1034 776 ,
1058 730 1146 769 suam
1163 729 1303 779 speciem
1320 734 1447 780 repetit.¹

520 822 958 861 ARTICULUS
1019 824 1068 860 11.

532 890 592 923 iDe
610 891 704 936 causa
729 887 877 935 effellrice
896 889 1052 925 Sciemiae.

94 977 327 1065 PRaecipuae
341 990 377 1014 ut
393 978 696 1023 demonstrationis,
715 978 755 1014 fic
775 979 914 1015 scientiae
935 979 1085 1028 cujusque
1110 978 1207 1013 causae
1233 977 1302 1013 sunt
1319 980 1493 1020 certitudo‚'

167 1033 201 1064 &
221 1029 395 1065 evidentia.
418 1030 479 1061 Per
494 1029 724 1062 certitudinem
738 1027 780 1061 ab
799 1030 956 1076 opinione
972 1056 982 1070 ,
1000 1039 1057 1073 per
1071 1027 1269 1061 evidentiam
1290 1027 1309 1061 ὲ
1331 1026 1395 1060 fide
1407 1027 1494 1062 divi..

93 1076 180 1111 ditur
192 1090 201 1112 ε
219 1077 302 1111 adeo
311 1088 346 1111 ut
353 1077 514 1111 certitudo
524 1082 557 1114 &
568 1077 734 1112 evidentia
745 1089 812 1111 non
831 1088 897 1111 tam
915 1076 955 1109 ad
970 1074 1168 1110 effectricem
1177 1103 1186 1118 ,
1207 1074 1307 1122 quarn
1319 1075 1357 1109 ad
1368 1075 1491 1111 forma-

93 1123 161 1160 lem
175 1124 314 1161 scientiae
326 1125 450 1160 causam
462 1128 625 1174 pertinere
640 1126 829 1161 videantur:
852 1124 927 1160 cum
942 1123 1070 1159 scientia
1085 1123 1212 1159 definiri
1226 1123 1327 1159 soleat
1347 1126 1493 1172 cognitio

93 1185 181 1208 certa
191 1179 225 1211 &
237 1175 371 1210 evidens
385 1177 432 1209 rei
444 1173 619 1211 ncceffiiriae
635 1187 693 1224 per
704 1174 790 1210 suam
802 1173 938 1210 causam.
963 1173 1014 1209 Ad
1030 1172 1227 1209 effecti-icem
1248 1183 1356 1208 tamen
1368 1172 1494 1208 causam

93 1222 207 1258 referri
224 1222 352 1272 possunt
372 1251 381 1266 ,
399 1236 559 1271 quatenus
576 1225 618 1259 ad
633 1224 944 1260 demonstrationem
958 1225 1143 1272 pertinent,
1165 1235 1238 1270 quae
1258 1221 1420 1258 scientiam
1436 1235 1496 1272 ge-

93 1284 192 1308 uerat
202 1300 212 1315 ,
231 1278 266 1309 &
276 1284 422 1308 mentem
431 1274 471 1308 ad
481 1272 716 1309 aisentiendum
729 1273 924 1308 conclusioni
939 1272 1163 1307 determinant.

123 1322 296 1357 Certitudo
310 1334 380 1369 quae
388 1325 546 1371 praecipua
557 1324 599 1358 est
619 1322 758 1358 scientiae
773 1335 851 1358 nota
870 1321 958 1357 simul
979 1327 1013 1358 ὃς
1027 1320 1136 1364 causa,
1163 1320 1279 1370 triplex
1306 1319 1405 1369 vulgo
1433 1320 1493 1354 sta-

93 1373 190 1406 ruitur
202 1400 212 1414 ‚
232 1369 366 1418 subJ'effl
378 1401 387 1415 ,
399 1370 531 1418 objecti,
545 1378 578 1409 &
592 1372 685 1421 ipsius
700 1374 905 1421 cognitionis.
918 1373 1024 1406 Prima
1040 1370 1087 1405 est
1104 1369 1195 1405 firma
1210 1367 1345 1405 adhaesio
1360 1368 1491 1404 intelle-

95 1420 168 1455 &fis
187 1422 264 1454 citra
279 1419 379 1455 ullam
396 1424 509 1455 erroris
523 1421 752 1464 formidine-m,
771 1422 983 1467 undecunque
1004 1418 1057 1453 illa
1074 1416 1196 1454 oriatur
1212 1447 1222 1461 ‚
1250 1432 1290 1453 ex
1311 1417 1374 1466 ipsa
1393 1431 1494 1466 expe-

93 1469 208 1503 rientia
222 1497 232 1511 ,
247 1479 349 1502 autex
360 1468 488 1504 luminis
504 1469 655 1503 naturalis
671 1470 856 1512 evidentia3
881 1480 938 1502 aut
949 1480 989 1501 ex
1007 1466 1126 1502 affectu
1142 1468 1285 1513 quodam
1301 1472 1335 1502 Sc
1352 1479 1492 1514 propen-

93 1515 183 1551 sione
193 1515 390 1551 voluntatis;
407 1528 460 1551 aut
474 1529 514 1551 ex
533 1518 755 1564 praejudicio&
767 1516 843 1551 falsa
855 1519 1019 1551 interdum
1038 1513 1236 1562 persuasione
1253 1544 1262 1558 ,
1282 1513 1384 1558 qualis
1400 1514 1492 1550 estin

95 1565 265 1601 haereticis.
281 1567 393 1612 Qare
407 1564 475 1600 haec
488 1566 650 1601 certitudo
664 1565 705 1599 ad
716 1564 880 1601 scientiam
889 1565 1060 1609 requiritur
1069 1592 1079 1606 ,
1093 1562 1146 1598 sed
1160 1577 1228 1598 non
1248 1562 1373 1599 sufficit.

127 1614 278 1650 Secunda
302 1615 344 1648 est
361 1615 520 1649 certitudo
539 1614 662 1662 objeisti
677 1643 687 1657 ‚
705 1627 774 1661 qiiae
788 1616 821 1648 in
835 1610 1006 1648 neceisaria
1022 1611 1170 1647 attributi
1189 1611 1489 1660 cunisubje&o,vel

91 1661 318 1711 consequentis
334 1675 405 1697 curn
418 1664 631 1698 antecedente
644 1665 848 1699 connexione
861 1660 996 1697 confistit
1016 1674 1024 1696 ι
1049 1673 1151 1708 eaque
1174 1662 1287 1710 triplex
1299 1691 1307 1704 ‚
1327 1661 1465 1696 Moralis
1481 1689 1491 1704 ‚

93 1710 227 1759 Physica
240 1740 251 1754 ‚
272 1710 549 1760 &Metaphyfica.
572 1714 640 1748 Res
661 1712 705 1747 est
725 1724 812 1747 certa
834 1710 998 1746 moraliter
1011 1739 1021 1752 ‚
1039 1721 1113 1744 cuni
1128 1714 1217 1757 juxta
1231 1710 1420 1745 consuetum
1431 1723 1488 1745 na-

94 1772 170 1796 turae
190 1761 338 1795 ordinem
356 1760 449 1795 aliter
463 1760 524 1795 effe
539 1774 605 1796 non
619 1762 735 1810 potest.
757 1764 811 1796 Sic
825 1772 949 1795 certum
962 1759 1006 1793 est
1021 1758 1187 1794 moraliter
1196 1758 1321 1794 nullum
1331 1759 1419 1793 diem
1433 1759 1486 1793 ef..

90 1809 192 1846 fluere
205 1812 284 1857 quin
298 1808 413 1856 aliquis
423 1812 454 1844 in
470 1810 594 1854 Gallia,
622 1814 690 1845 imo
710 1812 845 1846 Lutetioe
863 1811 1028 1845 moriat-ur.
1063 1807 1199 1842 Certum
1229 1808 1276 1841 est
1295 1808 1488 1842 certitudine

93 1857 344 1908 moraHJulium
359 1857 513 1894 Caesarem
527 1857 663 1894 extiiiil'e
674 1888 684 1903 ,
697 1865 731 1896 &
744 1860 807 1894 alia
823 1870 907 1906 pene
918 1856 1050 1893 infinita
1065 1855 1182 1902 quibus
1197 1858 1266 1891 vita
1285 1855 1385 1890 civilis
1404 1857 1488 1891 inni-

95 1909 192 1952 titur,
205 1919 342 1956 quaeque
359 1919 397 1941 ex
413 1906 476 1942 fide
490 1919 615 1945 tanturn
632 1908 772 1943 humana
788 1909 970 1955 accepimus
994 1920 1003 1942 ;
1027 1904 1152 1941 tametsi
1174 1918 1241 1941 non
1268 1906 1375 1940 minus
1400 1916 1487 1940 certa

95 1955 167 1992 sunt
184 1956 285 2004 quarn
311 1956 600 1993 demonstrationes
619 1958 870 1993 Mathematicae.

129 2005 277 2041 Secunda
288 2004 336 2038 est
347 2004 478 2053 Physica
495 2009 673 2050 certitudo,
692 2019 727 2041 ut
739 2009 848 2056 ignem
865 2005 1076 2041 comburere:
1099 2004 1141 2041 fic
1158 2017 1227 2054 quae
1236 2014 1337 2038 certas
1357 2007 1391 2040 &
1405 2001 1485 2038 defi-

95 2055 177 2090 nitas
194 2053 319 2089 habent
334 2054 438 2089 causas
450 2084 460 2099 ‚
477 2055 519 2090 ab
537 2057 572 2090 iis
585 2067 676 2091 certo
688 2061 722 2093 δε
739 2054 914 2092 ncceffario
924 2055 1090 2091 dimanant
1106 2069 1115 2091 ε
1142 2056 1205 2091 huc
1220 2055 1385 2102 pertinent
1399 2051 1486 2102 leges

95 2115 210 2138 omnes
224 2113 341 2137 naturae
353 2131 362 2146 ,
380 2104 422 2138 de
442 2103 560 2152 quibus
580 2104 632 2139 suo
647 2104 732 2141 loco.

131 2154 243 2187 Tertia
258 2151 301 2186 cst
313 2153 472 2189 certitudo
481 2152 704 2203 Metaphyfica
715 2183 726 2198 ‚
741 2166 814 2189 cum
829 2151 946 2188 scilicet
964 2152 1156 2189 attributum
1168 2153 1213 2188 est
1228 2153 1269 2188 de
1279 2151 1410 2187 essentia
1420 2149 1488 2185 sub-

97 2202 174 2246 jeiffi
187 2228 197 2243 ,
219 2211 273 2234 aut
291 2199 435 2239 viciffirn,

135 2249 182 2282 Ac
192 2247 353 2283 necessitas
367 2252 500 2297 quidem
512 2250 633 2300 objeffi
645 2280 654 2294 ‚
683 2250 911 2300 seuobjeffiva
923 2252 1083 2286 certitudo
1103 2250 1144 2284 ad
1168 2249 1330 2286 stieiitiam
1349 2252 1486 2297 requiri-

101 2307 150 2330 tur
169 2312 178 2338 ;
195 2308 376 2343 quanquam
389 2298 410 2333 fi
427 2299 491 2334 sola
510 2301 550 2334 est
562 2329 571 2342 ,
596 2312 665 2334 non
683 2298 810 2336 sufficit.
834 2302 923 2335 Nam
944 2299 1109 2347 objectum
1130 2300 1264 2348 quidem
1280 2297 1486 2334 nte-celsanum

87 2343 248 2394 'cognosci
261 2346 364 2391 potest
376 2361 434 2396 per
452 2350 595 2386 medium
610 2351 744 2385 minime
756 2347 971 2385 necessarium.
1219 2397 1249 2431 C

1261 2409 1280 2432 c
1312 2409 1345 2445 iij
