1857 2745
111 188 147 224 se
160 186 203 223 est
219 198 253 223 ut
267 185 373 223 bonos
386 197 504 222 aeterna
521 189 651 236 praemia
662 216 672 231 ‚
688 186 791 222 malos
810 185 965 236 supplicia
981 198 1133 223 maneant
1145 215 1156 231 ,
1178 198 1252 222 cum
1271 188 1373 223 virtus
1392 186 1428 223 fit
1449 155 1508 224 lib⁷i

113 237 169 288 ipfi
183 239 351 286 praemium
362 266 373 281 ‚
389 242 423 274 &
440 236 538 272 scelus
551 249 661 291 poena.

153 289 276 321 Contra
290 315 299 330 ,
311 285 463 336 peffimos
478 289 624 334 quoique
634 287 689 320 vix
705 285 868 321 interdum
879 284 1074 320 conscientia
1093 284 1245 323 stimulat.
1266 286 1361 334 Qid
1376 289 1464 322 enim
1477 290 1504 323 is

110 338 230 372 timeat
246 338 304 384 qui
316 338 461 372 animum
477 334 543 370 un&
556 348 628 370 cum
640 346 777 383 corpote
786 337 890 383 petire
902 332 960 369 fibi
968 333 1152 382 persuaserit
1166 344 1176 371 Ξ
1199 336 1303 383 Qod
1316 347 1426 371 tamen
1440 340 1504 372 im-

115 385 237 434 probos
255 383 458 420 conscientiae
473 384 605 419 stimulis
621 384 801 419 identidem
823 385 956 420 cruciati
972 382 1206 432 volunt,qu0d
1220 385 1299 420 dant
1318 388 1504 433 accipimus:

103 434 170 470 *sed
179 435 243 470 hoc
255 432 357 483 ipsum
366 434 563 469 demonstrat
575 431 637 469 effe
650 433 806 481 quiddam
817 435 851 468 in
867 432 964 470 nobis
977 434 1068 469 omni
1086 431 1172 468 sensu
1182 434 1371 481 praestantius
1380 463 1389 478 ‚
1399 437 1506 483 quod-

114 496 182 532 que
202 485 236 518 in
257 487 353 519 mutis
370 482 588 519 animantibus
615 495 682 518 non
701 484 875 520 invenitur.
899 481 999 519 Nulla
1012 484 1102 518 enim
1116 494 1157 517 ex
1180 482 1266 518 bene
1282 485 1363 519 afris
1376 484 1506 529 laetitia,

114 532 224 569 nullus
235 545 272 567 ex
285 532 370 568 male
383 534 456 568 aeta
470 534 537 568 vita
550 535 656 580 tangit
669 543 722 567 eas
739 530 941 569 conscientiae
960 531 1123 569 stimulus:
1153 531 1208 566 illa
1232 535 1354 582 quippe
1377 534 1417 568 ad
1437 537 1507 570 vim

118 582 262 630 aliquam
274 585 364 617 omni
375 580 460 618 sensu
475 610 483 621 ‚
502 593 559 618 aut
577 583 609 616 vi
627 593 786 631 corporea
801 580 996 630 superiorem
1013 611 1023 626 ,
1036 592 1109 629 quae
1123 583 1156 616 in
1167 580 1250 625 sese,
1267 587 1301 619 &
1319 581 1387 617 suas
1408 584 1511 619 astio-

118 644 176 667 nes
191 633 280 665 varie
294 631 641 676 refle&atur,omnino
654 633 830 680 pertinent.
857 633 943 667 Cum
955 633 1053 680 igitur
1066 631 1263 666 conscientia
1281 630 1311 666 se
1331 631 1514 667 consolatur

117 679 164 715 ob
175 677 320 715 actione}
331 677 434 717 Bonas
445 711 455 726 ‚
484 681 561 717 licet
571 680 719 716 molestas
733 698 742 725 3
755 692 830 716 cum
842 679 906 716 sese
918 683 1039 716 cruciat
1051 679 1096 715 ob
1111 693 1212 729 prave
1225 682 1298 716 aaa
1311 709 1322 724 ‚
1359 680 1513 717 raesertim

118 731 311 765 imminente
323 742 429 767 morte
440 760 450 775 ‚
465 742 622 778 tanquam
636 727 725 766 sensu
737 732 937 766 imminentis
944 730 1057 777 judicii
1070 759 1081 774 ‚
1097 729 1160 765 hoc
1173 732 1286 778 utique
1297 694 1396 779 ipgtm
1413 733 1512 766 animi

112 778 400 815 immortalitatem
414 792 499 829 pene
513 779 724 814 demonstrat.
743 781 839 815 Hanc
850 779 1050 815 conscientiae
1071 781 1141 814 vim
1164 791 1205 814 ne
1218 777 1343 828 peffimi
1361 781 1508 827 quidem,

111 839 192 913 Ξιιτίιι
205 830 345 912 ηζικίῑιιε
357 829 459 866 velint
471 858 482 875 ,
506 831 646 864 omnino
663 826 790 877 possunt
809 831 1013 878 extinguere,
1051 831 1105 864 Sic
1126 828 1323 865 Claudianus
1350 828 1508 867 Rufinum

144 888 162 912 e
175 889 220 913 cti
247 889 317 913 ens:

493 927 600 976 peflus
624 928 724 974 inusta

284 975 476 1019 Deformant
487 977 629 1013 macule,
651 977 802 1024 vitiise'Jue
817 976 953 1011 inolevit
968 978 1083 1025 imago.

121 1023 229 1060 Testis
247 1024 361 1068 est,ut
374 1023 526 1059 observat
535 1027 687 1069 Grotius,
706 1025 760 1061 illa
769 1023 898 1060 Tiberii
909 1025 951 1059 ad
966 1023 1124 1061 Senatum
1144 1024 1292 1073 epistola,
1325 1023 1420 1071 Qid
1433 1026 1514 1072 firi-

123 1072 196 1107 bam
207 1101 216 1112 ‚
235 1075 343 1120 inquit
355 1100 364 1111 ‚
381 1071 471 1107 vobis
490 1078 525 1110 Ρ.
537 1077 573 1107 C.
586 1074 634 1108 dii
652 1087 702 1108 me
715 1102 724 1114 ,
740 1075 865 1121 deaequae
881 1078 973 1122 pejus
990 1075 1132 1123 perdant
1144 1102 1154 1117 ‚
1173 1087 1270 1121 quam
1279 1076 1386 1122 perire
1402 1077 1511 1120 quoti-

122 1122 175 1156 die
184 1122 304 1168 sentio,
309 1121 413 1166 fiftio.
441 1122 542 1157 Addit
554 1125 712 1158 Tacitus:
736 1123 832 1157 Adeo
842 1123 995 1168 facinora
1014 1134 1110 1169 atque
1126 1123 1264 1171 flagitia
1283 1124 1346 1168 fica
1363 1122 1426 1171 ipsi
1439 1136 1514 1167 quo-

123 1182 185 1218 que
198 1174 230 1205 in
243 1174 283 1216 fit
305 1171 439 1219 plicium
457 1182 631 1206 verterant.
650 1171 773 1219 Neque
790 1170 914 1216 frustra
930 1171 1368 1220 praestantiffimusshpientiae
1391 1177 1400 1214 (
1422 1172 1455 1205 id
1468 1171 1518 1206 est

123 1218 220 1255 Plato
233 1221 245 1263 )
294 1231 399 1253 rmare
417 1220 526 1263 ffilitus
543 1219 584 1265 est
596 1220 640 1266 ‚fi
654 1221 865 1256 recludamur
877 1230 1084 1268 tyranno-rum
1096 1230 1214 1254 mentes
1226 1247 1235 1258 ,
1244 1221 1324 1268 poffe
1345 1221 1440 1267 aspici
1465 1222 1516 1254 la-

126 1270 235 1303 niatus
256 1267 295 1303 &¹
311 1269 386 1302 istus
401 1264 558 1315 {quando
581 1281 618 1305 ut
635 1281 765 1320 corpora
785 1266 970 1306 verberibus
985 1296 994 1308 ‚
1010 1271 1058 1303 ita
1063 1270 1191 1314 fievitia
1210 1295 1219 1307 ‚
1246 1267 1382 1303 libidine
1395 1297 1404 1308 ‚
1421 1270 1518 1304 malit

123 1330 178 1352 con
193 1319 271 1352 ultis
279 1318 404 1352 animus
414 1318 620 1355 dilaceretur.

183 1367 248 1402 Sed
264 1366 391 1403 nullum
405 1395 414 1409 ‚
427 1368 578 1413 inquiunt
588 1395 597 1406 ,
610 1369 722 1401 virtuti
735 1365 899 1401 theatrum
914 1364 1108 1400 conscientia
1123 1369 1227 1413 majus
1252 1363 1309 1401 est.

185 1418 276 1464 qup.
295 1415 327 1449 id
343 1414 477 1462 quidem
492 1415 555 1449 dici
573 1414 764 1464 magnifice:
787 1426 820 1449 at
839 1412 860 1448 si
882 1413 971 1449 nulla
991 1414 1034 1448 est
1046 1416 1172 1448 virtutis
1187 1426 1311 1449 merces
1331 1424 1448 1462 praeter
1466 1417 1517 1463 ip-

125 1463 192 1499 sam
207 1476 340 1508 ,vereor
350 1475 386 1497 ut
404 1475 480 1498 vere
489 1466 581 1499 omni
592 1477 631 1499 ex
647 1476 738 1513 parte
750 1464 814 1498 dici
825 1462 936 1512 poffit.
949 1464 1081 1509 Qotus
1099 1465 1187 1498 enim
1199 1462 1336 1510 quisque
1354 1462 1419 1498 sola
1432 1465 1523 1499 τεᾶς

126 1513 266 1549 faciendi
280 1513 498 1548 delectatione
513 1542 522 1556 ‚
537 1513 652 1548 nullius
666 1515 784 1562 praemii
795 1512 866 1562 spe,
883 1512 948 1548 frui
957 1511 1182 1560 voluptatibus
1199 1512 1322 1546 recuset
1339 1540 1347 1554 ,
1368 1524 1425 1547 aut
1437 1526 1521 1557 ma-‚

127 1563 164 1598 lit
173 1564 205 1597 in
217 1563 354 1616 egestate
369 1567 401 1597 &
420 1573 613 1610 contemptu
625 1565 738 1597 vivete
752 1591 761 1606 ‚
775 1574 875 1609 quam
888 1562 1030 1610 praedari‚
1043 1567 1076 1598 &
1088 1562 1214 1610 justitiae
1225 1559 1311 1609 leges
1331 1562 1522 1611 infringere,

128 1613 249 1646 etiamn
267 1610 361 1660 poffit
378 1613 528 1659 impune:
549 1624 622 1647 cum
641 1623 748 1647 tamen
763 1624 802 1646 ex
822 1611 976 1648 omnibus
988 1610 1081 1646 malis
1094 1623 1168 1657 quae
1187 1612 1307 1658 patitur
1319 1640 1327 1653 ‚
1346 1623 1422 1646 cum
1431 1611 1523 1646 dolet

128 1663 304 1703 cruciatur,
319 1663 475 1695 emoritur
493 1673 534 1694 ne
546 1663 701 1697 virtutem
711 1661 837 1696 deserat
850 1691 859 1705 ,
870 1673 925 1696 aut
943 1661 1021 1708 quid
1033 1671 1126 1708 turpe
1146 1659 1264 1702 faciat,
1286 1659 1368 1694 nihil
1384 1660 1521 1708 amplius

128 1708 344 1757 consequatur
353 1738 362 1752 ‚
374 1722 442 1756 quo
454 1709 547 1757 poffit
558 1711 706 1759 voluptas
719 1708 827 1745 amiffi
846 1708 1046 1759 compensati
1059 1718 1070 1744 ὲ

172 1760 284 1805 Qiare
295 1758 398 1794 nullus
412 1760 521 1793 virtuti
533 1758 620 1794 locus
635 1760 826 1798 relinquitur
838 1789 848 1803 ,
873 1759 892 1794 fi
906 1762 1013 1794 anima
1031 1759 1247 1806 extinguitur:
1266 1769 1323 1791 nec
1339 1757 1446 1792 virtus
1460 1786 1469 1799 ‚
1483 1769 1519 1793 ut

130 1808 260 1857 copiose
275 1809 458 1843 Laetantius
470 1807 526 1844 lib.
536 1824 564 1845 τ.
573 1809 649 1846 Inst.
675 1807 814 1852 disserit,
842 1812 904 1844 erit
913 1806 1084 1855 ficundiem
1099 1818 1270 1844 naturam,
1292 1804 1362 1840 cicm
1380 1808 1522 1855 praesenti

130 1860 202 1891 vitae
223 1868 345 1892 noceat.
372 1859 465 1890 Nam
479 1857 624 1906 prohibet
643 1861 679 1893 iis
694 1857 781 1892 bonis
801 1858 956 1893 hominem
968 1884 976 1895 ,
999 1869 1064 1903 qux
1082 1856 1281 1891 naturaliter
1302 1864 1519 1903 appetuntur,

135 1906 174 1941 &⁴
186 1905 430 1952 Ἰιιιί[ῐιβίηηνῖιι
444 1907 530 1940 mala
549 1898 688 1955 im⁶pellit
701 1935 711 1949 ,
727 1919 790 1954 quae
809 1907 1005 1941 naturaliter
1006 1906 1197 1954 fugiuntur.
1234 1905 1322 1952 Ergo
1343 1904 1462 1938 malum
1479 1903 1520 1949 est

131 1957 238 1990 virtus
250 1983 260 1994 ‚
286 1954 325 1990 (θ’
341 1957 470 1990 inimica
487 1967 622 1994 nature,
633 1955 829 2003 stultumque
839 1956 988 2000 judicare
1012 1955 1122 2002 necesse
1136 1951 1178 1997 est
1198 1953 1255 1999 qui
1276 1964 1345 1985 eam
1351 1954 1517 1999 sequitum

135 2007 283 2049 quoniam
285 2006 382 2053 seipse
391 2004 474 2038 laedit
490 2031 499 2042 ,
520 2003 717 2054 &fugiendo
735 2003 816 2040 bona
827 2006 1006 2054 prasentia,
1021 2002 1059 2038 &-
1069 2000 1244 2050 appetendo
1265 2001 1353 2035 mala
1367 2029 1375 2040 ‚
1387 2001 1520 2051 finespe

120 2053 252 2098 fruflus
262 2055 435 2102 amplioris.
457 2055 482 2086 S
484 2055 495 2086 a*
509 2064 614 2088 autem
624 2056 730 2089 virtus
739 2054 857 2088 malum
869 2065 929 2088 non
938 2052 979 2097 est
990 2052 1151 2097 ,facitque
1164 2049 1281 2095 honeste
1301 2052 1356 2096 qm*
1369 2051 1523 2098 volupta-

136 2110 181 2135 tcs
195 2103 326 2147 viciofhs
341 2103 510 2151 turpesque
526 2105 699 2137 contemnit
709 2132 717 2142 ,
733 2102 772 2137 ὠ·
776 2103 926 2149 fortiter,
940 2103 996 2147 qui
1007 2113 1065 2134 nec
1079 2099 1216 2134 dolorem
1228 2127 1236 2138 ,
1253 2111 1307 2134 nec
1327 2110 1457 2132 mortem
1481 2100 1523 2133 ti-

136 2161 219 2189 met,
237 2162 273 2184 ut
289 2148 535 2197 officiumfervet
555 2167 566 2185 .·
597 2153 684 2199 Ergo
704 2156 807 2198 majus
829 2150 963 2198 aliquod
989 2148 1100 2184 bonum
1123 2149 1305 2195 assequatur
1328 2148 1436 2194 necaeffi
1459 2147 1519 2192 est,

137 2201 315 2245 qn‘zmfimt
330 2201 390 2234 illa
398 2203 600 2248 qnaespcrnit.
620 2203 674 2234 At
694 2214 770 2234 vero
787 2212 885 2235 morte
888 2201 1034 2247 ficscepta
1046 2226 1054 2237 ,
1072 2197 1160 2245 quod
1175 2197 1307 2230 ulterius
1323 2194 1436 2230 bonum
1450 2197 1524 2245 spe*

138 2249 206 2280 rcf‘:
224 2247 320 2293 potest
332 2277 341 2290 ‚
361 2250 420 2295 m'fi
436 2252 616 2284 aeternitas?

187 2298 300 2342 Qtre
316 2325 325 2339 ‚
339 2309 374 2331 ut
384 2312 404 2331 o
414 2301 509 2333 itime
525 2296 643 2333 differit
656 2304 687 2335 ἒς
697 2297 815 2347 probat
831 2298 931 2345 Hugo
946 2297 1078 2331 Grotius
1097 2294 1155 2330 lib.
1169 2293 1240 2330 nde
1252 2295 1400 2329 Veritate
1415 2293 1523 2343 Relig.

127 2344 257 2381 Christ.
271 2311 483 2393 antiquiil'ima
496 2348 537 2382 est
553 2349 682 2384 traditio
695 2378 704 2392 ‚
725 2349 744 2383 Ξι
761 2349 870 2396 primis
885 2346 983 2392 usque
997 2346 1091 2381 dueta
1106 2342 1292 2393 parentibus
1306 2372 1316 2387 ‚
1334 2356 1467 2391 quaeque
1482 2344 1522 2378 ad

140 2394 277 2444 populos
290 2398 477 2431 motatiores
494 2400 639 2433 manavit
652 2427 661 2441 ‚
675 2400 800 2434 animos
811 2393 972 2447 superelse
995 2393 1183 2444 corporibus
1205 2422 1216 2437 ,
1233 2398 1266 2430 &
1286 2393 1526 2441 expectandum
