1857 2745
379 126 423 157 σε
669 120 756 153 ΒΕ
818 112 1497 153 NKT‘U'RALOGICAE.

416 166 503 213 Resp.
529 164 612 209 Dist-
625 170 703 209 maj.
719 178 793 201 cum
809 168 980 214 praecipere
992 169 1153 214 &exequi
1173 169 1338 216 pertinent
1350 168 1391 201 ad
1405 167 1566 203 distinctas
1589 168 1780 213 facultates,

380 218 421 254 C.
432 228 506 251 cum
517 217 609 249 unius
621 219 655 251 &
666 214 809 263 ejusdem
820 214 1079 260 i'untfacultatis,
1107 228 1142 251 ut
1154 219 1275 266 Logica
1293 217 1413 252 docens
1432 222 1465 254 &
1480 229 1573 252 utens
1590 247 1600 261 ‚
1630 219 1674 254 N.
1686 219 1781 267 Qiae

379 267 495 313 utique
511 267 578 309 jam
602 262 673 299 sunt
687 264 859 312 explicata.

404 314 486 359 Infit&
497 313 569 361 Qi
585 313 710 364 regulas
729 316 857 364 Logicae
874 314 969 348 novit
982 316 1110 362 optime
1123 343 1131 357 ,
1145 329 1212 352 non
1230 317 1269 350 iis
1285 316 1406 352 idcirco
1418 316 1541 367 semper
1554 315 1640 351 bene
1663 319 1779 355 utitur:

376 376 457 412 ergo
478 364 601 412 Logica
618 365 739 399 docens
753 364 796 400 ab
822 375 938 399 utente
960 363 1085 398 diversa
1104 364 1159 401 est,

413 415 498 461 Resp.
513 412 582 458 dist.
595 414 684 449 Ant.
710 416 791 450 Non
808 413 895 449 bene
917 415 1019 448 utitur
1034 413 1152 463 regulis
1169 427 1303 464 propter
1320 419 1492 452 materiam
1526 429 1622 464 quarn
1651 419 1781 465 ignorat

376 463 511 499 defectu
520 462 650 511 alicujus
667 461 808 500 scientiae
823 494 832 508 ‚
843 465 883 500 C.
901 475 1035 512 propter
1054 463 1179 513 regulas
1195 464 1276 513 iplas
1289 495 1299 509 ‚
1313 479 1390 512 quas
1415 465 1548 502 difficile
1566 467 1609 501 est
1632 468 1672 500 ad
1689 465 1778 502 usum

376 512 561 562 applicate,
580 516 628 549 N.
640 513 757 561 ⁴(Qare
768 516 827 561 qui
839 527 906 550 non
917 513 1021 561 potest
1036 515 1068 548 in
1079 526 1114 548 re
1129 513 1291 563 propofita
1308 517 1434 564 Logicae
1455 515 1571 564 regulis
1592 519 1662 559 uti,
1679 528 1778 563 quam

376 564 542 611 experitur
565 560 794 598 difficultatem
812 593 822 608 ,
848 576 886 598 ca
904 575 972 599 non
988 564 1090 597 oritur
1103 575 1141 598 ex
1154 566 1275 613 Logica
1287 564 1354 614 ipsa
1367 594 1375 608 ,
1388 565 1442 599 sed
1461 578 1503 600 ex
1513 567 1649 600 materia
1660 565 1702 600 'de
1714 578 1781 614 qua

377 613 448 648 vult
466 609 625 647 disserere.

411 663 497 712 Opp.
510 670 554 698 20.
566 663 690 710 Logica
703 661 822 697 docens
834 662 994 697 rationem
1005 661 1105 698 habet
1121 661 1261 699 scientiae
1271 692 1281 707 ,
1294 665 1416 713 Logica
1426 675 1520 698 utens
1540 664 1780 701 rationemha-

378 710 439 747 bet
451 712 528 747 artis
543 711 614 748 :sed
631 710 768 746 scientia
783 717 818 749 &
835 723 884 745 ars
910 709 982 749 sunt
997 712 1072 755 duo,
1086 726 1154 748 non
1169 714 1256 749 idem
1270 719 1303 750 &
1320 725 1402 748 unus
1418 711 1560 749 habitus.

417 763 511 811 Resp.
523 761 606 807 Dist.
617 763 696 796 min.
709 774 778 796 non
788 760 857 796 sunt
870 772 948 796 unus
968 767 1001 798 δε
1016 761 1104 797 idem
1120 761 1251 797 habitus
1269 763 1387 797 eodem
1401 760 1549 809 respectu
1573 767 1608 800 δε
1623 774 1781 808 munere‚·

379 811 421 848 C.
432 809 559 846 diverso
568 810 712 858 respeEtu
730 822 787 845 aut
804 822 956 854 munere,
975 813 1022 847 N.
1044 813 1161 859 Itaque
1184 811 1435 860 Logicadocens
1461 816 1496 847 δε
1511 823 1605 847 utens
1621 826 1689 849 non
1705 813 1778 849 sunt

376 860 483 908 specie
494 859 608 895 diversi
618 858 746 895 habitus
760 887 770 902 ‚
784 858 838 895 sed
847 858 963 894 officiis
980 872 1106 896 tantum
1120 858 1283 897 distinctu:
1313 873 1349 895 ut
1360 860 1470 895 *honio
1484 873 1559 895 cum
1570 862 1693 898 diversa
1704 861 1779 899 obit

376 922 522 953 munera,
536 909 660 945 diversa
674 921 809 956 quoque
825 908 1106 946 sortitur-nomina.

375 1006 1777 1090 z‘ffisstssaefflssssssssfflfflfflfflcaewaffi&

569 1118 925 1160 LOGICAE
991 1118 1204 1163 PARS
1279 1119 1306 1159 P
1340 1118 1577 1161 R11MA.

501 1211 567 1249 De
595 1208 753 1264 fimplici
788 1209 928 1249 mentis
951 1210 1275 1266 apprehensione,
1300 1211 1362 1250 vel
1392 1213 1655 1266 perceptione.

691 1303 920 1337 commentarii
942 1304 975 1336 in
999 1302 1175 1353 Porphyrii
1195 1301 1469 1338 introdnfflomm.

392 1394 425 1527 ¹
524 1394 614 1427 001
629 1405 647 1426 c
660 1402 683 1425 A
709 1390 884 1425 commode
902 1393 935 1427 in
948 1404 1009 1427 tres
1028 1405 1134 1441 partes
1158 1392 1323 1427 dividitur.
1339 1394 1446 1428 Prima
1457 1389 1633 1440 {implicem
1643 1396 1688 1428 rei
1700 1407 1779 1442 per.

521 1445 709 1489 ceptionem
723 1438 844 1474 format
855 1469 864 1484 ‚
881 1453 918 1475 ac
928 1440 1054 1490 perficit
1066 1471 1076 1486 ,
1099 1454 1135 1477 ut
1151 1441 1286 1477 secunda
1304 1444 1388 1475 circa
1403 1441 1558 1490 judicium
1570 1471 1579 1485 ‚
1596 1445 1701 1477 -tertia
1713 1446 1777 1479 cir-

510 1503 547 1524 ca
562 1488 731 1524 discursum
745 1489 798 1522 vel
808 1492 1095 1527 ratiocinationem
1112 1502 1296 1538 occupatur.
1327 1491 1414 1525 Cum
1432 1493 1535 1538 prima
1556 1494 1675 1526 mentis
1696 1506 1776 1549 ορε-

373 1539 456 1572 ratio
474 1536 559 1572 clara
575 1540 617 1573 est
638 1544 672 1575 ὃ(
686 1535 856 1581 distincta,
884 1552 950 1574 non
962 1539 1094 1575 confusa
1107 1568 1116 1582 ‚
1135 1552 1190 1575 aut
1204 1538 1339 1574 obscura
1352 1569 1360 1583 ‚
1381 1552 1450 1574 tum
1470 1551 1504 1574 ut
1520 1539 1693 1588 plurimum
1722 1555 1774 1577 re»

374 1588 424 1622 <ste
443 1588 618 1633 judicamus
631 1593 665 1625 ἃς
681 1587 921 1623 ratiocinamur.
949 1591 1036 1624 Cum
1048 1601 1157 1624 autem
1178 1591 1287 1637 priniae
1309 1592 1462 1624 notiones
1476 1618 1486 1632 ,
1513 1601 1569 1624 aut
1594 1591 1674 1625 ideae
1699 1591 1773 1627 sunt

372 1635 509 1671 confusae
526 1666 534 1679 ‚
558 1651 624 1671 non
637 1637 794 1672 distin-{he
808 1666 818 1679 ‚
839 1648 908 1671 tuni
921 1640 1031 1687 primae
1054 1639 1139 1673 illius
1162 1638 1252 1672 velut
1266 1638 1453 1686 digestionis
1473 1651 1561 1673 error
1579 1639 1620 1673 ad
1634 1641 1772 1688 reliquas

373 1696 483 1719 manat
497 1686 589 1721 latius
609 1715 618 1729 ‚
637 1699 696 1722 nec
710 1684 776 1720 ulla
796 1689 916 1722 mentis
929 1687 1055 1724 functio
1068 1691 1129 1723 tite
1145 1686 1323 1736 perficitur,
1356 1698 1428 1734 quae
1447 1689 1481 1720 in
1497 1687 1548 1721 sua
1569 1689 1697 1736 origine
1721 1693 1771 1725 vi-

373 1744 482 1769 natur.

415 1786 526 1831 Qare
538 1786 657 1832 primus
671 1791 704 1822 ὃ(
719 1790 1044 1838 ptaecipuusLogicae
1062 1786 1156 1823 labor
1176 1788 1261 1822 circa
1286 1787 1514 1835 perceptiones
1541 1784 1662 1820 nostras
1679 1815 1688 1830 ‚
1713 1797 1771 1821 aut

373 1832 459 1866 ideas
474 1833 525 1868 vel
541 1846 716 1884 conceptus
733 1839 852 1873 mentis
869 1837 1010 1875 versatur
1024 1867 1034 1881 ,
1065 1850 1103 1873 ut
1127 1837 1226 1872 claras
1243 1848 1280 1870 ac
1298 1835 1464 1870 distinstas
1485 1847 1593 1868 rerum
1613 1837 1769 1883 imagines

372 1882 536 1931 depingat.
551 1886 654 1933 Qod
673 1887 788 1933 utique
804 1886 864 1929 fit,
885 1900 960 1922 cuni
979 1900 1029 1921 res
1049 1890 1178 1921 intento
1201 1886 1332 1927 animo,
1364 1896 1401 1917 ac
1422 1882 1513 1916 velut
1533 1881 1647 1917 defixis
1666 1884 1769 1919 oculis

371 1932 551 1977 intuemur,
569 1945 675 1981 neque
687 1945 739 1967 eas
752 1933 1094 1971 leviter-&universim
1110 1936 1321 1982 attingimus:
1340 1932 1393 1968 sed
1412 1934 1443 1966 in
1460 1934 1498 1965 iis
1524 1932 1641 1967 diutius
1668 1932 1769 1969 haere-

372 1994 441 2015 nius
457 1988 491 2019 ὃς
508 1986 737 2027 inimoramur3
747 1995 822 2017 Cum
832 1983 976 2029 denique
987 1985 1035 2017 rei
1049 1983 1183 2031 alicujus
1194 1981 1351 2018 attributa
1361 2012 1371 2026 ‚
1386 1980 1448 2015 vel
1462 1993 1534 2028 quae
1545 1982 1584 2015 ad
1600 1980 1767 2020 elscntiam

372 2029 454 2065 iliius
473 2035 661 2080 pertinent,
682 2046 747 2067 non
757 2030 847 2067 simul
865 2061 875 2076 ,
905 2031 958 2068 sed
976 2032 1067 2068 velut
1085 2030 1141 2081 per
1154 2045 1260 2082 partes
1282 2031 1497 2080 expendimus
1517 2048 1526 2073 ·‚
1544 2032 1622 2077 quid
1644 2031 1767 2068 habeat

372 2092 443 2115 cuni
455 2084 578 2116 caeteris
588 2094 763 2117 commune
773 2110 783 2125 ‚
802 2083 914 2129 inquo
929 2081 1025 2116 abiis
1043 2082 1191 2118 dissideat
1201 2112 1209 2125 ,
1230 2082 1448 2123 attendimus3
1465 2091 1602 2126 tumque
1617 2093 1766 2117 commu..

372 2142 427 2164 nes
451 2137 484 2167 ὃ(
498 2131 691 2167 universales
708 2133 862 2168 notiones
879 2131 1056 2169 formamus
1067 2161 1077 2176 ,
1094 2135 1128 2168 in
1144 2131 1260 2181 quibus
1283 2131 1353 2167 fere
1373 2132 1478 2165 omnis
1491 2131 1639 2177 cognitio
1656 2131 1762 2167 nostra

372 2178 470 2225 posita
491 2181 547 2217 est.

409 2231 499 2264 Hinc
526 2243 602 2266 ante
619 2234 730 2266 omnia
744 2232 785 2266 de
803 2231 899 2268 rebus
916 2231 1148 2268 universalibus
1171 2229 1361 2267 instituenda
1380 2230 1507 2265 videtur
1534 2229 1704 2275 tractatio,
1724 2242 1764 2266 ur

371 2282 594 2327 perceptiones
609 2281 726 2316 nostras
735 2279 777 2315 ab
791 2281 1075 2318 omniconfufione
1095 2279 1338 2318 &obscuritate
1357 2279 1571 2315 vindicemus,
1591 2279 1699 2327 Atque
1722 2292 1762 2314 ea

370 2329 496 2363 ratione
515 2342 619 2364 motus
630 2330 816 2366 Aristoteles
834 2334 990 2379 Logicam
1017 2332 1167 2366 docturus
1186 2330 1206 2366 a
1225 2329 1310 2365 libro
1328 2329 1658 2366 Praedicamentorum
1671 2358 1682 2373 ,
1708 2327 1760 2363 seu

370 2375 616 2426 Catcgoriaruin
638 2380 764 2416 exorsus
781 2381 825 2415 est
850 2396 858 2418 :
883 2394 990 2429 neque
1002 2383 1090 2416 enim
1108 2381 1168 2415 alia
1194 2381 1320 2416 ratione
1331 2390 1506 2427 conceptus
1525 2377 1668 2421 nostroe,
1704 2377 1761 2415 vel
