1857 2745
567 133 913 171 TRACTATUS
944 134 1252 171 TERTIUS·
1510 144 1542 172 61

191 184 249 220 bns
268 183 450 232 intelligere
472 211 482 227 ‚
507 196 575 219 rem
609 185 729 232 percipi
755 196 821 218 non
847 180 934 231 poise
955 211 967 226 ,
987 182 1044 219 nisi
1061 182 1195 231 praesens
1221 182 1258 217 [it
1278 186 1385 218 menti·
1400 212 1410 226 ‚
1460 196 1493 218 er
1517 153 1565 220 se?

187 232 307 281 ipsam,
332 234 386 268 vel
398 245 454 282 pet
471 234 658 281 imaginem.
680 231 736 267 Sol
750 229 829 267 vero
841 261 852 275 ,
872 242 928 266 aut
945 231 1032 266 aliud
1049 244 1164 280 corpus
1173 245 1240 268 non
1249 231 1333 266 adest
1343 244 1400 280 per
1422 196 1566 281 {gipsum

189 295 256 317 non
274 284 369 330 igitur
385 284 506 330 percipi
519 282 539 317 a
548 293 658 316 mente
667 280 769 329 potest
781 279 835 315 nisi
846 292 903 329 per
921 281 1106 328 imaginem.

223 331 312 376 Refp.
324 329 422 365 solem
433 330 533 365 adesse
548 333 648 365 menti
658 359 668 373 ‚
699 336 733 366 &
745 328 787 363 ab
797 341 834 363 ea
848 329 1061 376 percipi‚licet
1072 341 1139 364 non
1154 327 1190 363 fit
1200 328 1333 377 praesens
1350 328 1559 373 localiter,sed

185 377 357 427 objedkive
370 381 557 427 :perceptio
567 382 653 413 enim
666 379 713 413 est
726 376 815 426 ipsius
829 377 1061 425 repraesentatio
1073 393 1082 420 3
1095 389 1155 411 nec
1168 389 1256 412 mens
1273 376 1344 411 solis
1357 380 1533 426 imaginem
1548 408 1558 422 ‚

189 427 241 461 sed
254 426 353 461 solem
369 426 470 475 ipsum
484 429 629 475 percipit.
645 428 732 464 Cum
745 425 896 461 circulum
910 429 942 461 in
961 424 1142 461 universum
1157 425 1336 475 cognosco,
1355 426 1441 461 nulla
1459 428 1501 461 est
1521 427 1560 461 il-

189 474 248 510 lius
263 474 427 523 praesentia
442 476 550 510 localis
573 478 668 510 autin
682 487 792 510 mente
805 502 817 518 ,
836 485 892 509 aut
904 476 938 509 in
948 473 1096 510 cerebro,
1127 475 1162 508 Si
1177 487 1245 521 quae
1264 473 1300 508 fit
1324 477 1410 510 enim
1430 477 1462 510 in
1475 488 1562 510 cere-

189 523 250 558 bro
263 524 390 572 depicta
402 524 511 559 circuli
526 526 633 573 imago
644 553 653 567 ‚
666 524 733 559 haec
743 522 932 572 singularem
941 527 974 560 &
984 523 1235 558 determinatum
1246 523 1452 568 circulum,ad
1463 536 1564 571 quem

186 584 282 610 mens
297 585 363 607 non
384 573 544 617 attendit,
567 576 705 608 omnino
724 571 936 621 repraesentat.

237 621 301 655 Sed
310 634 326 664 ,¹
345 624 494 668 inquiunt
508 651 519 665 ‚
539 634 612 669 quae
640 632 829 656 contuemur
850 619 981 668 objecta
1003 618 1066 656 sive
1085 619 1216 667 speculis
1228 647 1238 662 ,
1256 618 1319 655 sive
1337 622 1404 655 acie
1424 621 1567 665 directa,

186 668 257 703 haec
269 681 326 717 per
340 671 497 718 imagines
514 670 534 706 a
550 669 670 706 vifione
681 670 842 705 distinctas
860 671 1017 704 cernimus
1029 697 1040 712 ‚
1065 680 1168 716 eaque
1194 680 1302 703 coram
1324 667 1428 706 adeffe
1445 669 1567 707 necesse

189 717 238 761 est
254 731 262 753 ε
284 718 388 765 Atqui
402 718 515 754 eadem
534 720 581 753 est
596 721 677 754 ratio
697 730 811 753 eorum
821 730 891 765 quae
904 729 1015 752 mente
1040 719 1243 766 percipimus.

219 766 302 812 Resp.
321 778 380 801 nos
389 768 544 815 imagines
557 767 636 816 ipsas
645 795 654 807 ‚
679 779 750 814 quae
763 766 804 801 ab
814 766 951 815 objeffls
964 777 1114 809 manant,
1125 768 1254 814 proprie
1266 779 1332 801 non
1344 778 1476 803 cernere
1487 796 1498 811 ,
1509 768 1563 803 sed

190 815 266 848 iniis
277 813 406 860 objecta
418 816 589 852 intuemur.
610 818 690 852 Non
709 818 797 850 enim
814 817 913 850 video
929 817 1106 863 imaginem
1121 827 1191 861 quae
1216 817 1247 849 in
1265 815 1366 850 fluido
1387 816 1470 852 oculi
1483 817 1563 852 deli-

187 873 299 901 neatur
310 880 319 906 3
332 875 469 910 cumque
485 866 519 899 in
537 864 857 913 speculoiimaginem
875 864 986 899 videre
999 863 1079 899 mihi
1096 864 1222 907 videor,
1252 874 1318 898 tum
1335 864 1493 914 meipsum
1512 868 1563 901 in-

186 921 282 945 tueor
298 913 331 946 in
344 911 468 960 speculo
482 941 491 955 ‚
517 926 582 948 non
598 925 706 948 meam
726 914 913 961 imaginem.
1558 921 1560 923 '

223 961 263 992 V
259 958 373 1008 rgebis.
404 963 441 995 ln
459 960 592 996 homine
611 962 657 996 est
669 964 826 996 memoria
835 961 1002 1007 quaedam,
1022 973 1092 1008 quae
1107 959 1204 996 nobis
1221 973 1294 996 cum
1312 960 1417 997 bestiis
1436 977 1502 999 non
1517 963 1562 999 est

189 1010 389 1044 communis:
404 1021 482 1058 ergo
501 1022 633 1045 manent
647 1012 804 1045 inmente
816 1009 878 1055 ipsa
892 1008 1043 1055 impteffit
1056 1021 1162 1044 terum
1184 1012 1351 1059 imagines,

223 1056 313 1104 Rcsp.
331 1060 521 1092 memoriam
542 1071 647 1093 rerum
658 1061 758 1093 etiam
771 1056 963 1093 sensibilium
976 1087 984 1100 ‚
1011 1070 1149 1105 quaeque
1165 1058 1290 1093 homini
1308 1062 1435 1107 propria
1444 1061 1505 1104 est,
1529 1067 1564 1098 &

189 1104 425 1140 reminiscentia
443 1109 549 1141 vocari
565 1107 666 1151 solet,
685 1109 717 1142 in
729 1119 770 1141 eo
783 1108 921 1141 maxime
934 1105 995 1141 effe
1005 1105 1158 1154 positam,
1175 1107 1264 1153 quod
1287 1119 1325 1140 ex
1339 1108 1447 1142 multis
1463 1110 1565 1156 phan-

191 1150 330 1187 tasmatis
343 1182 352 1197 ,
369 1166 439 1201 quae
451 1154 585 1191 cerebro
601 1155 668 1191 sunt
680 1153 824 1204 impreffa
838 1184 848 1198 ,
868 1167 957 1189 mens
974 1167 1011 1189 ea
1029 1153 1138 1201 seligat
1152 1154 1268 1201 quibus
1281 1156 1405 1203 indiget
1416 1185 1426 1199 ,
1442 1157 1566 1204 reliqua

189 1213 259 1247 quae
274 1205 438 1237 turmatim
455 1215 628 1251 erumpunt
638 1233 647 1247 ,
660 1202 781 1251 abigat.
795 1204 1020 1237 Meminerunt
1034 1201 1114 1237 vero
1134 1201 1243 1237 bestiae
1261 1215 1333 1237 cum
1347 1203 1566 1252 phantasmata

190 1261 232 1282 eo
254 1249 321 1283 fere
334 1252 447 1285 ordine
457 1264 524 1298 quo
543 1252 706 1287 subierunt
719 1263 864 1286 connexa
872 1250 975 1286 solent
989 1262 1148 1285 recurrere
1160 1268 1170 1294 3
1189 1263 1248 1286 nec
1261 1250 1291 1285 se
1303 1251 1480 1288 meminiffe
1490 1249 1565 1302 per.

189 1299 328 1344 cipiunt,
346 1311 404 1333 nec
419 1312 491 1347 quae
502 1298 559 1334 sibi
567 1312 647 1348 opus
659 1300 727 1335 sum
736 1300 862 1346 rejeffis
873 1298 942 1333 aliis
952 1299 1093 1346 eligunt3
1104 1311 1165 1333 nec
1182 1311 1330 1345 quaerunt
1338 1300 1450 1335 abdita
1467 1303 1501 1336 in
1512 1315 1567 1336 ce-

190 1345 277 1379 rebri
294 1347 414 1382 cellulis
426 1376 435 1389 ,
454 1360 508 1381 aut
527 1351 657 1384 inventa
668 1347 910 1395 recognoscunt.
936 1347 1022 1382 Cum
1033 1359 1142 1381 autem
1155 1359 1224 1393 quae
1236 1346 1305 1382 sunt
1319 1351 1350 1382 in
1364 1347 1498 1384 cerebro
1512 1351 1566 1385 vel

191 1394 431 1441 ingravescente
448 1406 543 1429 aetate
556 1425 565 1439 ,
591 1395 646 1430 vel
668 1394 775 1430 morbi
792 1395 924 1443 alicujus
945 1397 980 1429 vi
995 1394 1162 1437 delentur,
1186 1406 1257 1429 tum
1287 1399 1392 1431 omnis
1411 1401 1568 1433 memoria

192 1442 309 1476 excidit
325 1456 332 1478 :
356 1455 474 1491 magno
491 1442 564 1479 sane
578 1455 770 1494 argumento
784 1443 902 1492 species
922 1455 1028 1478 rerum
1048 1442 1228 1479 intelle-&ui
1246 1444 1405 1494 impreffas
1425 1458 1492 1481 non
1512 1459 1567 1482 te-

194 1502 332 1527 manere.

646 1542 959 1588 QUAEsTm
1012 1543 1050 1576 v.

641 1640 697 1672 De
722 1640 894 1687 cognitione
909 1638 1082 1674 brutorum.

193 1733 372 1820 HUjus
393 1737 545 1782 temporis
557 1734 766 1784 Philosophos
775 1738 808 1770 in
820 1746 882 1768 tres
897 1734 988 1770 velut
997 1747 1100 1782 partes
1111 1733 1394 1772 divisosvidemuS.
1403 1739 1471 1785 Qi
1483 1740 1563 1776 Car..

293 1781 402 1816 tcsmm
412 1781 586 1830 sequuntur
596 1812 605 1826 ‚
618 1796 751 1819 omnem
761 1783 981 1832 cUgnitionem
990 1812 999 1827 ‚
1015 1786 1083 1818 imo
1103 1789 1136 1820 &
1150 1782 1269 1818 sensum
1280 1782 1389 1820 bestiis
1398 1789 1544 1823 adimunt
1553 1817 1565 1832 ,

193 1830 307 1877 easque
331 1842 367 1864 ut
393 1832 555 1866 machinas
568 1861 578 1875 ,
600 1832 652 1867 seu
665 1832 859 1866 automataa
871 1830 995 1866 stimmo
1015 1832 1146 1868 Artifice
1164 1831 1331 1866 elaborata
1354 1835 1563 1874 considerant:

192 1879 283 1915 Alii&
297 1890 410 1913 contra
420 1893 485 1914 non
495 1883 714 1929 cognitionem
726 1879 826 1915 modo
835 1909 844 1923 ,
854 1878 906 1914 sed
917 1885 951 1916 δε
964 1883 1122 1915 rationem
1135 1879 1235 1915 brutis
1250 1880 1391 1917 tribuere
1406 1884 1563 1921 videntur.

193 1940 254 1962 nos
271 1927 413 1963 mediam
425 1931 508 1964 inter
524 1941 679 1965 extremas
695 1931 885 1978 opinionem
897 1928 1072 1977 sequemur.
1091 1932 1140 1965 Sit
1155 1931 1265 1977 itaque
1571 1929 1577 1934 ’

718 2029 830 2062 Prima
847 2026 1018 2072 Conclusio.

229 2126 367 2162 Bruta&
384 2125 468 2161 sensu
483 2155 492 2170 ‚
515 2132 547 2163 δι
567 2128 752 2175 cognitione
766 2155 775 2169 ‚
794 2132 826 2163 &
837 2126 1045 2174 perceptione
1061 2126 1201 2172 quadam
1218 2126 1389 2162 donantur.

229 2174 345 2208 Multis
357 2178 550 2222 argumentis
566 2175 694 2223 probari
710 2176 814 2222 potest
824 2174 982 2210 conclusio
992 2202 1001 2215 ,
1014 2187 1083 2220 quae
1098 2186 1253 2220 quantum
1266 2174 1336 2210 fieri
1351 2175 1470 2222 poterit
1480 2185 1561 2210 cona-

196 2220 364 2257 trahemus.
390 2235 418 2258 1.
440 2227 521 2260 Non
540 2226 642 2259 minus
662 2224 787 2258 videtur
800 2235 924 2258 certum
937 2222 1048 2256 bestias
1068 2233 1124 2255 aut
1143 2221 1258 2257 sentire
1271 2252 1280 2265 ‚
1303 2235 1357 2257 aut
1372 2225 1537 2270 percipere
1558 2252 1569 2266 ,

195 2268 296 2314 quam
307 2281 426 2304 certum
437 2273 482 2306 est
491 2284 542 2306 eas
553 2272 648 2307 oculis
661 2301 670 2315 ‚
684 2271 811 2306 auribus
830 2301 839 2315 ‚
862 2277 896 2308 ὃ(
905 2272 973 2306 aliis
985 2270 1023 2303 ad
1039 2269 1236 2305 sentiendum
1248 2273 1365 2320 aptatis
1379 2273 1502 2319 organis
1513 2270 1559 2306 es-

195 2314 226 2349 se
237 2318 389 2364 praeditas.
403 2321 480 2354 Non
489 2323 576 2355 enim
590 2321 636 2355 est
652 2319 820 2355 verisimile
841 2320 931 2355 bruta
942 2317 1050 2355 oculos
1069 2317 1110 2351 ab
1124 2319 1267 2354 Authore
1292 2331 1406 2354 naturae
1429 2319 1563 2367 accepis-

195 2363 226 2399 se
240 2394 247 2405 ,
270 2366 393 2402 tametsi
404 2380 468 2403 non
495 2369 625 2413 vident,
645 2382 704 2405 nec
728 2372 905 2418 percipiunt
925 2368 1096 2416 quicquam
1120 2384 1128 2410 3
1150 2379 1205 2402 aut
1235 2367 1314 2404 nihil
1340 2380 1377 2403 ea
1396 2366 1455 2403 effe
1472 2367 1558 2403 aliud
