1857 2745
111 192 368 243 principiorum,
380 201 518 240 quorum
526 193 645 227 veritas
657 189 744 224 lucet
758 188 822 239 ipsa
832 201 890 238 per
903 188 986 234 fiese5
1001 188 1067 225 five
1082 185 1120 223 fit
1140 186 1282 224 mediata
1298 189 1308 228 g
1322 154 1515 238 cujusmodi

118 243 163 278 est
176 240 413 278 conclufionum
422 241 598 278 evidentia.
620 242 675 275 Sic
688 250 788 274 nemo
803 250 841 273 ex
865 241 1022 288 Scepticis
1037 235 1069 272 se
1085 235 1235 272 dubitare
1248 266 1259 282 ,
1276 248 1332 273 aut
1352 250 1369 272 c
1415 239 1496 272 itare

116 294 150 330 in
160 289 454 335 dubiumrevocat,
468 302 525 325 aut
537 289 670 333 dolere,
687 300 762 323 cum
780 289 934 336 pungitur
953 287 1009 323 vel
1022 287 1133 323 uritur.
1154 286 1253 324 Unde
1272 284 1295 321 si
1309 251 1497 321 inte‘iieetus

115 353 180 376 non
189 338 291 389 posset
305 338 446 376 sensuum
457 351 577 375 errores
587 337 845 375 animadvertere
855 366 864 380 ,
875 342 910 374 &
927 348 984 373 eos
997 339 1178 385 corrigere,
1196 339 1251 371 vix
1270 335 1396 370 errandi
1409 337 1497 383 peri-

114 388 220 424 culum
233 387 401 439 effugeret.
419 388 485 424 Sed
508 390 533 423 is
549 399 605 425 aur
623 386 687 438 ipsa
712 388 758 422 rei
780 385 947 423 evidentia
963 387 1167 422 convincitur
1182 413 1193 430 ,
1207 396 1266 420 aut
1289 382 1494 420 aisenfionem

115 435 202 474 suam
215 449 345 474 tenetur
358 436 522 475 cohibere.

152 489 266 535 Qare
278 487 400 536 judicia
414 487 519 523 nostra
532 496 625 526 emnt
640 498 727 523 certa
736 490 770 524 δε
781 484 966 535 explorata,
975 483 1165 520 cumrclaras
1177 488 1212 520 &
1234 481 1400 517 distinflns
1420 493 1494 530 per.

112 539 279 584 ceptiones
289 535 544 584 consequentu13
561 539 731 573 temeraria
747 547 840 571 erunt
854 565 864 579 ,
877 540 911 572 &
921 537 1020 569 errori
1034 532 1181 569 obnoxia
1193 559 1203 574 ‚
1217 528 1238 565 fi
1258 530 1405 566 confusas
1424 541 1494 564 tan-

113 593 185 622 tum
195 589 230 621 δε
247 583 633 635 obscurasperceptiones
645 585 883 633 subsequantur.
900 586 954 619 De
968 582 1018 618 his
1033 584 1156 631 quippe
1167 581 1256 616 tecte
1271 579 1412 628 judicare
1426 591 1494 613 non

112 631 293 681 poss'umuS,
309 645 381 681 quae
394 648 462 670 non
479 637 540 671 rite
550 637 757 685 percipimus.
780 636 901 681 Neque
920 632 953 666 id
972 632 1175 667 concedimus
1187 658 1197 674 ,
1225 627 1370 663 sensuum
1388 628 1493 662 afflo-

112 693 169 720 nes
181 681 241 718 effe
251 682 500 720 fundamentum
509 687 614 722 omnis
633 678 983 728 certitudinis‚„tametfi
991 680 1280 722 suntconditiones
1296 676 1336 715 ad
1346 677 1433 715 reete
1446 677 1495 711 in<

112 729 495 780 telligendumrequisita:⁴

135 779 220 829 Opp.
231 793 276 817 ze.
291 781 428 817 Nullam
442 782 510 816 dari
528 779 778 830 propositionem
796 777 1009 816 universalem
1024 776 1198 823 cettamffi
1214 774 1301 812 nulla
1317 771 1412 859 possrt
1429 771 1492 808 esse

111 831 312 865 enumeratio
331 832 476 866 omnium
491 829 701 879 singularium.
724 829 788 865 Sed
797 829 854 864 illa
865 829 1067 864 enumeratio
1077 824 1318 874 omniumfingu
1331 825 1435 858 atium
1446 822 1495 857 est

113 876 331 925 impoffibilis:
344 882 427 927 Ergo
440 878 711 928 nullaproposirio
719 877 904 914 universalis
916 888 1007 912 cerro
1018 876 1229 925 cognoscitur.

147 927 233 975 Resp.
256 926 351 962 Illam
373 931 653 964 enumerationem
671 924 1490 974 requirivinpropofitione-univetsalicontingente,

115 988 181 1011 non
191 978 271 1010 item
288 978 321 1010 in
331 975 548 1025 propositione
559 974 729 1011 neceffaria
742 991 749 1011 z
761 974 932 1023 cujusmodi
946 974 991 1008 est
1002 973 1373 1023 haecpropofitio,omnis
1389 971 1490 1005 homo

113 1024 158 1058 est
176 1024 341 1058 rationalis
354 1039 362 1060 :
379 1026 420 1059 ad
441 1025 504 1060 hoc
519 1028 606 1061 enim
626 1023 738 1059 sufficit
753 1034 882 1058 attenta
894 1021 1212 1070 consideratio-ipsius
1223 1022 1376 1056 hominis.

149 1073 461 1120 Contra51'nqniunt
474 1101 484 1115 ,
495 1072 519 1108 si
532 1075 603 1119 quis
619 1074 653 1106 in
676 1072 840 1118 AErhiopia
851 1081 943 1106 natus
962 1069 1087 1107 nullum
1097 1071 1220 1104 viderit
1241 1069 1411 1103 hominem
1435 1066 1493 1102 nisi.

111 1122 255 1170 nigrum,
267 1123 291 1154 is
305 1132 380 1155 ram
392 1132 482 1156 cetto
490 1119 650 1169 judicabit
659 1133 772 1157 omnes
783 1120 929 1154 homines
949 1115 1161 1166 effe-nigros„
1177 1116 1276 1165 quiirn
1293 1129 1346 1151 eos
1362 1114 1422 1151 eise
1440 1128 1492 1149 ta-

112 1169 270 1206 tionales:
293 1171 358 1204 imo
372 1169 614 1219 sisupponanius
632 1182 745 1205 omnes
760 1169 912 1205 'homines
926 1164 987 1201 effe
1000 1168 1108 1216 nigros
1124 1195 1135 1210 ‚
1153 1180 1218 1202 non
1237 1167 1359 1214 poterit
1371 1165 1493 1211 dijudi-

111 1231 184 1256 cate
197 1231 239 1253 an
262 1218 327 1254 haec
337 1218 512 1269 propofitio
523 1217 560 1259 sit
568 1216 740 1257 necessario
752 1247 762 1263 ,
787 1217 844 1255 vel
861 1218 1175 1265 contingente-ructa,
1182 1244 1193 1260 ,
1207 1217 1325 1252 Omnis
1340 1214 1440 1249 homo
1448 1213 1492 1248 est

114 1270 216 1317 niger.
959 1267 963 1271 ”

145 1320 188 1353 R.
198 1316 372 1353 Manifeste
389 1329 544 1366 apparere
557 1328 630 1352 eam
645 1316 898 1366 propositionem
911 1312 972 1352 effe
985 1316 1234 1365 contingentem
1249 1328 1256 1348 ;
1278 1324 1345 1348 tum
1361 1314 1436 1360 quia
1449 1310 1490 1346 il-

110 1366 171 1402 lius
185 1366 329 1415 opposita
339 1379 414 1401 vera
427 1365 488 1402 esse
511 1368 633 1416 potest,
653 1367 769 1402 eadem
783 1378 936 1402 manente
952 1365 1093 1400 hominis
1111 1374 1223 1399 natura
1237 1380 1246 1405 3
1263 1373 1331 1397 tum
1347 1363 1425 1409 quia
1440 1372 1491 1395 at-

110 1415 268 1451 tributum
281 1428 321 1451 ex
333 1415 395 1451 alia
409 1416 497 1451 causa
510 1419 587 1450 oriri
605 1415 710 1464 potest
729 1445 739 1459 ,
761 1416 860 1464 quani
878 1429 921 1451 ex
940 1425 1051 1449 namra
1073 1411 1208 1461 subjecti
1226 1426 1234 1448 :
1251 1410 1385 1459 nigredo
1401 1411 1488 1444 enini

111 1478 150 1502 ea
159 1467 260 1501 oritur
273 1477 312 1500 ex
324 1464 491 1500 adustione
502 1465 588 1502 Solis
607 1479 615 1501 ι
634 1467 723 1513 quod
736 1465 793 1501 ubi
809 1465 927 1503 accidit
938 1492 948 1508 ,
966 1474 1035 1498 tum
1049 1460 1223 1510 propositio
1237 1459 1282 1497 cst
1293 1461 1489 1508 contingens

628 1544 792 1581 :secunda
809 1545 967 1590 conelufio.

157 1610 285 1648 Infinita
292 1621 377 1660 pene
395 1611 463 1646 sunt
478 1623 550 1658 quae
565 1609 584 1646 ὲ
603 1609 698 1644 nobis
711 1610 943 1657 comprehendi
957 1622 1020 1644 non
1034 1605 1164 1658 possunt
1178 1635 1189 1650 ,
1205 1607 1245 1641 de
1267 1603 1385 1653 quibus
1406 1604 1488 1642 nihil

110 1659 353 1696 affirmandum:
367 1659 421 1694 sed
441 1657 574 1694 affensus
598 1661 630 1693 in
650 1660 687 1692 iis
702 1657 746 1692 est
759 1657 972 1694 cohibendus.

160 1710 239 1743 Haec
252 1707 412 1744 conclufio
430 1709 472 1742 est
481 1719 593 1742 contra
603 1706 758 1754 quosdam
767 1710 980 1756 Dogmaticos
990 1737 999 1750 ,
1015 1708 1072 1753 qui
1090 1706 1130 1741 de
1146 1703 1233 1741 nulla
1247 1717 1281 1740 re
1299 1704 1415 1740 volunt
1428 1704 1489 1738 du-

110 1755 228 1793 bitare.
248 1759 322 1794 Nec
334 1759 508 1805 quicquam
527 1756 596 1790 fere
608 1755 653 1790 est
669 1757 887 1806 notius‚qu:‘1m
902 1755 1003 1791 multa
1016 1755 1037 1790 ἐι
1053 1753 1148 1790 nobis
1169 1753 1292 1791 nesciri.
1312 1756 1392 1788 Sunt
1402 1755 1490 1787 enim

110 1817 160 1840 tes
179 1809 213 1841 in
231 1806 350 1855 triplici
363 1805 547 1841 differentia
559 1805 746 1840 constitutae.
760 1819 798 1840 ιι.
813 1805 972 1854 Qaedam
981 1804 1055 1839 sunt
1065 1802 1161 1838 nobis
1177 1803 1260 1837 adeo
1277 1814 1370 1837 cettae
1387 1806 1422 1837 &
1433 1813 1489 1836 ex-

109 1854 317 1904 ploratae,.ut
334 1855 376 1889 de
384 1856 437 1889 -iis
448 1854 674 1889 dubimrenon
692 1852 842 1902 poffimus
854 1883 862 1898 ,
894 1865 931 1891 ut
946 1865 1024 1902 pars
1045 1854 1185 1887 maxima
1197 1862 1310 1885 eorum
1322 1878 1331 1892 ,
1360 1861 1432 1896 qux
1453 1851 1488 1884 in

110 1903 355 1940 Mathematicis
367 1902 542 1951 disciplinis
555 1902 731 1937 traduntur.
741 1937 743 1939 ,
753 1911 794 1938 20.
810 1904 891 1937 Sunt
900 1902 970 1937 aliae
982 1902 1126 1937 nondum
1138 1900 1267 1948 penitus
1278 1897 1490 1946 comprehen-

111 1953 147 1988 sae
160 1982 171 1997 ,
187 1952 238 1988 sed
251 1965 324 2000 quae
332 1950 459 2002 poisunt
477 1963 585 1987 tamen
598 1953 798 1999 experientia
807 1955 840 1987 &
851 1953 976 1985 ratione
985 1949 1157 1996 aliquando
1166 1947 1394 1996 comprehendi
1410 1959 1418 1980 :
1433 1958 1489 1980 cu-

111 2005 159 2050 jus
171 2004 297 2051 generis
312 2013 429 2050 magna
443 2013 481 2035 ex
495 2012 585 2049 parte
595 2000 667 2035 sunt
678 2012 727 2034 res
748 1999 905 2035 naturales
919 2028 929 2043 ‚
952 2011 1024 2046 quse
1037 2011 1104 2033 non
1128 1999 1173 2032 ita
1195 1995 1265 2031 sunt
1284 1995 1401 2030 abditae
1413 2022 1423 2037 ,
1448 2006 1485 2029 ut

111 2053 199 2085 exiis
209 2051 357 2098 quotidie
367 2049 510 2098 plurima:
525 2062 591 2085 non
606 2050 805 2097 detegantur.
815 2057 843 2094 ς’
854 2051 933 2084 Sunt
945 2048 1090 2097 plurimae
1109 2049 1154 2081 ita
1166 2044 1186 2081 ὲ
1199 2057 1308 2080 natura
1321 2043 1490 2086 involutae,

110 2111 146 2134 ut
163 2101 217 2135 vix
229 2099 351 2148 sperate
365 2099 461 2134 liceat
480 2111 532 2134 eas
540 2098 715 2145 aliquando
724 2096 987 2146 comprehensum
999 2098 1037 2130 iri
1054 2109 1062 2130 t
1079 2100 1164 2143 cujus
1179 2096 1305 2142 generis
1319 2092 1391 2127 sunt
1401 2092 1489 2127 forte

111 2150 212 2198 prima
227 2160 331 2184 terum
340 2147 531 2185 naturalium
545 2147 695 2190 exordia,
714 2146 766 2182 seu
780 2149 935 2195 principia
952 2164 962 2190 ·,
982 2146 1067 2180 aestus
1090 2146 1183 2180 maris
1199 2144 1380 2191 reciprocus
1401 2158 1409 2184 ;
1435 2145 1484 2176 vis

112 2199 294 2247 magnetica
307 2214 317 2241 ;
330 2209 400 2244 quae
415 2199 449 2231 in
473 2209 563 2232 terrae
584 2194 756 2231 visceribus
774 2197 1002 2230 contineantur
1017 2222 1026 2237 ‚
1047 2199 1082 2231 ὃς
1107 2192 1168 2227 alia
1195 2204 1277 2239 pene
1296 2193 1484 2225 innumera:

111 2247 193 2281 adeo
202 2257 237 2281 ut
247 2246 279 2280 id
295 2258 406 2281 verum
421 2244 457 2281 fit
474 2258 533 2282 nos
546 2243 697 2280 necnihil
707 2273 717 2288 ,
737 2256 796 2278 nec
806 2247 916 2280 omnia
929 2242 1212 2292 comprehendere.
1223 2243 1336 2287 Itaque
1349 2240 1382 2273 id
1393 2242 1486 2286 Dog-

112 2297 222 2329 marici
239 2294 417 2330 concedant
430 2296 583 2342 Scepticis
595 2323 604 2336 ,
619 2292 720 2327 muln
740 2292 835 2327 nobis
854 2292 914 2328 esse
934 2294 1122 2341 incognita»,
1143 2302 1179 2323 ac
1202 2288 1390 2336 plerumque
1410 2287 1486 2323 falsa

113 2341 174 2377 effe
189 2341 654 2392 finitimaveris3pericu10sam
673 2340 733 2376 else
744 2341 1005 2376 consuetudinem
1023 2338 1210 2374 alsentiendi
1227 2355 1236 2381 3
1259 2335 1361 2372 sensus
1374 2336 1486 2385 persar-

112 2404 153 2441 pe
163 2391 260 2426 nobis
274 2394 459 2440 imponere3
476 2404 560 2428 artes
579 2390 747 2440 plurima5‚
777 2402 812 2427 ut
827 2403 929 2427 artem
944 2388 1114 2434 medendi,
1133 2386 1202 2437 plus
1216 2388 1396 2434 conjectura
1415 2388 1488 2429 uti,

1235 2437 1256 2470 F
1291 2437 1322 2484 iij
