1857 2745
416 145 490 187 408
841 137 1341 176 PHILOSOPHIA

421 193 468 228 lat
482 219 491 233 ,
504 187 691 223 collocetur.
705 186 817 234 Qare
835 187 869 221 in
891 187 982 222 omni
992 185 1063 220 fere
1078 190 1240 234 appetitus
1258 191 1484 226 commotione
1499 188 1624 239 spiritus
1638 193 1668 227 in
1683 206 1802 232 nervos

419 240 536 276 lcordis
551 239 719 272 mittuntur
731 263 741 278 ‚
754 236 809 282 qui
823 234 908 269 illius
921 245 1047 271 motum
1059 247 1146 269 certa
1155 240 1280 273 ratione
1290 267 1300 282 ‚
1320 245 1352 275 &
1367 244 1460 287 juxta
1477 239 1624 287 passionis
1640 242 1730 290 ipsius
1748 247 1802 281 in·
1845 255 1848 261 '

420 289 569 324 stinctum
587 285 800 321 moderantur.
818 287 908 320 Nam
918 284 949 318 id
961 283 1109 318 contrahi
1124 283 1222 330 solet,
1243 299 1297 322 aut
1317 288 1447 322 dilatari
1461 315 1470 326 ,
1485 299 1521 323 ut
1535 287 1636 337 passio
1649 318 1658 332 ,
1678 294 1731 328 vel
1743 307 1802 343 ap.
1844 288 1846 291 ⁸

419 339 539 387 petitus
551 336 656 370 motio
668 335 821 384 exegerit.
841 333 928 369 Illius
938 334 1024 368 enim
1036 333 1083 367 est
1104 331 1290 384 sanguinem
1305 336 1358 372 vel
1375 349 1449 373 cum
1464 339 1590 386 impetu
1608 341 1801 388 propellere,
1843 332 1846 362 3

418 387 472 424 vel
489 386 633 421 retinere.

455 436 661 482 Cumitaque
675 445 789 470 omnes
799 433 960 481 appetitus
973 432 1137 469 sentientis
1156 445 1264 469 motus
1287 435 1320 469 in
1336 436 1446 482 peetus
1465 435 1642 471 redundare
1661 466 1671 481 ‚
1689 444 1724 475 &
1744 452 1802 476 cor
1842 470 1844 479 .

418 485 521 535 ipsum
533 486 654 532 agitare
665 484 854 526 videantur,
873 481 948 517 hinc
963 482 999 518 fit
1015 495 1052 517 ut
1064 482 1245 530 complures
1260 482 1448 531 Philosophi
1464 487 1624 532 appetitus
1647 485 1754 524 sedem
1767 492 1802 525 in
1842 495 1844 499 '

411 535 514 573 ,corde
530 532 597 581 ipso
611 531 864 567 collocaverint:
882 532 1027 578 quodibi
1041 534 1109 567 vim
1132 532 1216 567 suam
1230 530 1429 580 potiffimum
1441 545 1559 569 exerat.
1579 535 1643 570 Sed
1654 548 1688 571 ut
1698 535 1741 572 ab
1751 540 1803 587 ip-

416 584 446 619 sa
459 580 623 632 phantasia
636 583 750 629 opinio
767 580 848 616 boni
864 608 872 622 ‚
889 579 928 615 sic
940 580 1074 616 affeetus
1091 582 1196 615 omnis
1215 584 1374 624 exoritur3
1391 594 1427 616 ac
1445 581 1557 616 diversi
1575 582 1644 618 sunt
1652 585 1801 632 affestu53
1838 618 1839 621 ,

416 645 453 669 ut
468 633 657 680 imaginatio
678 633 723 664 rei
742 642 903 678 perceptre⁷
921 630 1044 677 aliquid
1058 630 1150 664 addit
1161 641 1216 664 aut
1230 630 1392 674 detrahit,
1411 631 1500 677 quod
1509 632 1547 665 ad
1558 645 1616 666 nos
1633 633 1715 681 ipsos
1730 648 1804 684 pet-
1836 633 1841 677 J

410 685 531 718 >tineam
554 681 605 715 Ut
617 679 708 726 quod
722 680 801 713 illud
814 680 1024 714 commodum
1045 680 1099 713 diu
1110 678 1145 713 fit
1159 679 1364 722 duraturum,
1378 691 1432 713 aut
1450 678 1534 714 secus
1547 682 1653 728 3quod
1671 695 1800 731 perma-
1836 715 1837 719 ,

414 733 472 780 gni
485 729 595 765 nostra
610 727 732 764 interfit
753 728 831 763 illud
843 727 1010 777 prosequi,
1027 741 1083 762 aut
1105 728 1235 776 fugere:
1252 739 1320 762 tum
1337 740 1415 763 vero
1433 729 1539 763 statim
1557 729 1681 778 spiritus
1695 734 1729 767 in
1742 745 1799 768 cor

414 781 566 816 immittit
579 806 588 821 ,
597 780 655 825 qui
668 776 825 827 sanguinis
840 788 964 812 motum
973 777 1154 812 accelerent
1169 806 1178 820 ‚
1196 788 1251 811 aut
1266 775 1448 820 inhibeant,
1461 790 1498 812 ut
1508 778 1561 812 suo
1575 779 1648 814 loco
1659 781 1800 830 explica-

416 828 534 864 bimus.
553 828 645 861 Hinc
654 824 726 861 vasa
737 827 839 861 cordis
851 825 938 861 fibris
950 828 1075 862 nerveis
1087 825 1253 873 illigantur
1267 854 1275 868 ‚
1288 838 1361 872 quae
1380 837 1414 859 ut
1427 825 1560 861 affeetus
1579 827 1712 876 quisque
1729 832 1800 866 exi-

439 881 464 912 it
481 908 490 921 ,
503 877 660 926 {anguinis
674 887 803 911 motum
814 875 869 911 vel
880 875 1061 910 accelerant
1074 904 1083 918 ,
1100 874 1155 909 vel
1167 875 1340 908 retardant.
1367 878 1410 909 Ex
1436 874 1550 921 quibus
1569 874 1705 913 efficitur
1724 879 1798 914 nul-
1833 908 1834 911 ,

411 891 479 962 {m
497 925 557 960 esse
574 925 816 960 distinctionem
830 927 914 959 inter
931 926 1114 972 appetitum
1127 921 1408 970 concupiscibilem
1421 929 1453 960 ὃς
1465 923 1668 960 irascibilem.
1685 929 1799 977 Appe..
1833 920 1834 924 ¹

415 978 490 1010 titus
501 977 588 1010 enim
603 974 623 1009 ἐι
637 972 739 1016 sensu,
750 973 804 1009 vel
819 974 1051 1020 imaginatione
1066 984 1133 1006 non
1151 983 1185 1004 re
1198 1000 1207 1013 ‚
1217 983 1276 1005 nec
1288 970 1430 1018 subjecto
1445 1000 1454 1015 ‚
1471 971 1522 1005 sed
1543 971 1653 1007 officio
1672 987 1799 1013 tantum

415 1031 449 1061 ἃς
459 1026 659 1071 cogitatione
677 1023 875 1070 distinguitur
886 1036 893 1056 :
904 1033 983 1068 ergo
993 1022 1075 1055 'unus
1088 1021 1130 1055 est
1141 1048 1150 1062 ,
1172 1032 1238 1054 non
1259 1020 1427 1067 multiplex
1441 1023 1605 1069 appetitus
1616 1051 1625 1065 ‚
1644 1026 1691 1058 uti
1702 1029 1736 1061 &
1749 1027 1797 1060 vis

414 1069 530 1108 metrii<
545 1101 554 1115 ‚
576 1084 646 1118 quae
663 1084 737 1106 cum
755 1070 1022 1119 appetitujunCta
1032 1068 1077 1103 est
1093 1074 1126 1106 δε
1140 1067 1308 1103 indiscreta
1322 1097 1332 1111 ,
1351 1081 1413 1104 una
1427 1075 1460 1106 ὃ(
1474 1070 1585 1105 eadem
1596 1071 1796 1122 est,organis‚¹

412 1135 478 1158 non
498 1122 610 1156 natura
624 1118 757 1154 diversa.

445 1169 567 1215 Confir.
581 1167 755 1215 Utriusque
770 1169 932 1216 appetitus
948 1165 1200 1215 concupiscibilis
1214 1166 1421 1203 &irascibilis
1441 1168 1586 1203 distincta
1610 1181 1729 1217 organa
1742 1171 1796 1206 af..

411 1219 488 1254 ferri
507 1232 571 1252 non
586 1215 719 1266 poffunt.
736 1216 836 1262 Qod
852 1218 939 1250 enim
958 1216 1064 1258 Plato,
1083 1216 1166 1250 unde
1183 1215 1247 1250 haec
1261 1214 1420 1251 ᾶῖίὶίηᾶίο
1441 1220 1699 1265 appetituum,&
1713 1218 1795 1254 affe„

412 1271 523 1304 &uum
541 1266 688 1316 profesta
702 1266 745 1300 est
758 1295 767 1308 ,
785 1264 977 1300 irascibilem
994 1266 1028 1300 in
1046 1265 1155 1307 corde,
1174 1263 1455 1313 concupiscibilem
1471 1265 1526 1301 sub
1537 1267 1794 1315 diaphragmate,
1832 1269 1833 1274 ’

410 1318 461 1352 seu
471 1317 560 1364 septo
572 1313 746 1350 transverso
758 1314 847 1361 quod
864 1325 1010 1360 truncum
1027 1317 1169 1361 corporis
1183 1315 1215 1348 in
1227 1314 1302 1348 duas
1316 1326 1420 1362 partes
1433 1314 1513 1349 secat
1527 1343 1537 1358 ,
1551 1317 1582 1349 in
1593 1320 1716 1362 jecore,
1734 1316 1794 1352 lie-

411 1379 452 1402 ne
463 1396 472 1409 ,
486 1376 539 1400 aut
549 1364 617 1399 aliis
631 1362 801 1398 visceribus
816 1363 945 1397 videtur
960 1361 1130 1397 collocasse
1142 1392 1151 1405 ‚
1168 1362 1200 1396 id
1215 1362 1303 1397 nullo
1321 1364 1430 1397 nititur
1450 1363 1675 1400 fundamento,
1700 1367 1791 1402 Nam

410 1415 559 1462 voluptas
570 1426 635 1448 non
650 1414 754 1447 minus
765 1423 820 1446 cor
836 1414 978 1459 exagitat
992 1439 1000 1452 ,
1013 1423 1112 1457 quam
1132 1409 1198 1459 spes
1213 1439 1222 1453 ‚
1234 1422 1290 1445 aut
1309 1423 1434 1454 metus3
1451 1418 1483 1448 &
1504 1411 1636 1447 affectus
1648 1439 1658 1454 ,
1677 1415 1732 1458 qui
1749 1415 1792 1449 ad

409 1461 691 1509 concupiscibilem
706 1463 880 1508 pertinent,
895 1471 960 1494 tarn
980 1459 1092 1494 intensi
1104 1464 1136 1495 δε
1147 1458 1280 1494 animosi
1297 1458 1358 1494 effe
1373 1459 1496 1508 poll'unt
1510 1489 1519 1503 ,
1533 1473 1631 1507 quam
1644 1459 1794 1507 affeetu&
1826 1477 1827 1480 ¹

407 1515 463 1560 qui
481 1509 630 1545 irascibili
644 1508 822 1544 tribuuntur
834 1508 967 1552 ,molles
982 1509 1142 1543 interdum
1154 1508 1223 1543 sunt
1238 1514 1270 1545 δε
1284 1508 1410 1545 remissi.
1435 1512 1546 1558 Qare
1556 1510 1722 1545 distinctio
1733 1523 1795 1560 ap*
1826 1507 1827 1512 ¹

407 1563 525 1610 petitus
538 1565 573 1596 &
587 1558 762 1594 affectuum
772 1558 812 1592 ad
827 1558 993 1592 arbitrium
1009 1557 1135 1591 videtur
1153 1556 1268 1593 efficta.
1826 1553 1827 1556 ’

441 1610 534 1645 Adde
546 1621 604 1643 nos
615 1608 777 1656 duplicem
788 1609 855 1641 vim
868 1605 1120 1654 cognoscentem
1134 1620 1199 1642 non
1211 1605 1311 1641 solere
1327 1605 1515 1655 distinguere
1525 1634 1534 1645 ,
1545 1619 1644 1641 unam
1658 1619 1722 1655 qua
1738 1621 1789 1644 res
1824 1604 1825 1608 ¹

409 1658 519 1694 faciles
531 1687 539 1701 ‚
552 1656 687 1691 alteram
708 1669 771 1704 qua
787 1668 835 1690 res
851 1656 963 1690 arduas
984 1657 1209 1704 percipiamus.
1235 1656 1319 1702 Qae
1334 1656 1431 1702 igitur
1448 1657 1530 1690 ratio
1544 1667 1601 1690 nos
1624 1659 1711 1704 cogit
1730 1658 1791 1693 du..
1824 1652 1825 1656 ¹

406 1708 524 1756 plicem
536 1708 717 1754 appetitum
730 1705 1015 1752 concupiscibilem
1027 1703 1261 1741 &irascibilem
1280 1703 1440 1738 secernere
1456 1718 1462 1738 :
1480 1704 1563 1738 adeo
1576 1715 1612 1738 ut
1626 1704 1794 1741 irascibilis*

407 1760 491 1791 circa
503 1756 600 1790 ardua
615 1754 777 1790 versetur?
795 1753 908 1787 diversi
934 1753 1004 1787 sunt
1026 1752 1191 1800 utriusque
1207 1764 1312 1788 motus
1326 1781 1335 1794 ,
1352 1766 1418 1788 non
1440 1755 1524 1787 vires
1545 1753 1706 1788 distinetae.
1737 1755 1789 1790 Ad

406 1817 576 1853 utrumque
601 1806 783 1852 appetitum
799 1801 879 1836 illud
899 1805 1025 1837 Senccae
1038 1804 1200 1850 pertinet,
1218 1802 1336 1835 Omnia
1357 1813 1512 1848 tanquam
1532 1802 1681 1837 mortales
1694 1805 1791 1838 timit->

406 1856 448 1888 tis
459 1882 468 1894 ,
489 1856 592 1888 omnia
609 1864 767 1899 tanquam
784 1851 978 1885 immortales
1000 1853 1222 1898 concupsfciris.

870 1919 1252 1960 ARTICULUS
1298 1920 1352 1952 11.

905 1987 956 2019 De
971 1998 1101 2020 *numero
1120 1986 1293 2031 affefflmm.

476 2055 529 2091 Tfi
549 2055 724 2092 aff'etstuum
745 2056 864 2104 species
886 2057 939 2089 vix
956 2055 1137 2090 enumerari
1159 2051 1303 2101 potsunt,
1315 2053 1355 2086 ad
1372 2064 1457 2088 certa
1469 2065 1575 2089 tamen
1591 2054 1697 2102 capita
1711 2053 1783 2090 satis

429 2141 433 2144 ,
449 2131 465 2141 s
478 2106 652 2140 commode
668 2115 869 2140 revocantur.
886 2106 995 2138 Tanta
1010 2105 1097 2137 enim
1111 2103 1198 2137 estin
1214 2100 1353 2150 objeffis
1367 2132 1376 2145 ‚
1396 2115 1464 2149 quae
1480 2103 1615 2137 affectus
1643 2104 1782 2137 excitare

402 2154 527 2201 poffiint
538 2184 547 2198 ,
558 2157 695 2188 varietas
712 2170 720 2194 ς
734 2165 822 2188 tanta
833 2155 866 2187 in
879 2153 994 2188 nostris
1017 2151 1204 2200 corporibus
1217 2150 1414 2185 mutabilitas
1425 2180 1434 2194 ‚
1446 2163 1481 2186 ut
1495 2152 1623 2187 affectus
1634 2180 1643 2194 ,
1653 2152 1708 2198 qui
1722 2150 1783 2184 ob-

398 2206 559 2250 jectorum
585 2201 804 2251 impressiones
819 2231 829 2246 ,
847 2201 1013 2250 spirituum
1041 2202 1253 2248 agitationem
1273 2206 1306 2237 δε
1318 2199 1441 2234 cerebri
1457 2203 1647 2250 temperiem
1669 2197 1782 2234 conse..

402 2264 540 2298 quuntur
551 2282 558 2295 ,
575 2253 614 2286 ad
632 2264 756 2287 certum
770 2263 937 2286 numerum
951 2251 1052 2299 redigi
1066 2252 1118 2284 vix
1133 2248 1256 2297 possint.

435 2302 569 2336 Accedit
586 2303 684 2336 etiam
701 2301 788 2348 quod
804 2312 840 2334 ea
853 2299 889 2334 sit
904 2303 989 2335 inter
1003 2297 1147 2348 impreffa
1165 2296 1297 2332 cerebro
1310 2298 1439 2343 vestigia
1449 2301 1621 2341 connexio,
1633 2308 1669 2333 ut
1678 2304 1783 2345 quan-¹

403 2348 444 2382 do
459 2347 618 2395 spirituum
637 2361 729 2384 motu
745 2361 846 2384 unum
863 2362 899 2383 ex
912 2349 958 2384 his
975 2351 1129 2383 excitatur
1140 2377 1149 2389 ,
1165 2348 1267 2381 statim
1279 2346 1383 2395 plures
1403 2346 1490 2381 fibra:
1506 2346 1628 2382 cerebri
1649 2349 1681 2381 in
1701 2359 1779 2381 ean-

401 2398 475 2431 dem
487 2411 592 2434 motus
608 2399 793 2435 societatem
813 2400 954 2435 veniant.
971 2399 1059 2434 Hinc
1074 2396 1181 2433 multa:
1193 2397 1337 2431 oriuntur
1351 2399 1575 2444 perceptiones
1591 2425 1600 2439 ‚
1616 2408 1687 2443 quae
1702 2406 1781 2445 pra:-
