<?xml version="1.0" encoding="UTF-8"?>
<!DOCTYPE html PUBLIC "-//W3C//DTD XHTML 1.0 Transitional//EN"
    "http://www.w3.org/TR/xhtml1/DTD/xhtml1-transitional.dtd">
<html xmlns="http://www.w3.org/1999/xhtml" xml:lang="en" lang="en">
 <head>
  <title>
</title>
<meta http-equiv="Content-Type" content="text/html;charset=utf-8" />
  <meta name='ocr-system' content='tesseract 3.04.00' />
  <meta name='ocr-capabilities' content='ocr_page ocr_carea ocr_par ocr_line ocrx_word'/>
</head>
<body>
  <div class='ocr_page' id='page_1' title='image "./philosophiavetus01duhauoft_0323.png"; bbox 0 0 1857 2745; ppageno 0'>
   <div class='ocr_carea' id='block_1_1' title="bbox 598 107 1439 162">
    <p class='ocr_par' dir='ltr' id='par_1_1' title="bbox 598 107 1439 162">
     <span class='ocr_line' id='line_1_1' title="bbox 598 107 1439 162; baseline 0.011 -17"><span class='ocrx_word' id='word_1_1' title='bbox 598 107 909 148; x_wconf 71' lang='lat' dir='ltr'><strong>MORALIS.</strong></span> <span class='ocrx_word' id='word_1_2' title='bbox 1390 131 1439 162; x_wconf 80' lang='lat'>301</span> 
     </span>
    </p>
   </div>
   <div class='ocr_carea' id='block_1_2' title="bbox 46 158 1443 2463">
    <p class='ocr_par' dir='ltr' id='par_1_2' title="bbox 48 158 1443 643">
     <span class='ocr_line' id='line_1_2' title="bbox 59 158 1440 211; baseline 0.001 -17"><span class='ocrx_word' id='word_1_3' title='bbox 59 172 128 209; x_wconf 85' lang='lat' dir='ltr'>quo</span> <span class='ocrx_word' id='word_1_4' title='bbox 145 161 246 206; x_wconf 78' lang='lat' dir='ltr'>major</span> <span class='ocrx_word' id='word_1_5' title='bbox 264 159 325 194; x_wconf 90' lang='lat' dir='ltr'>erit</span> <span class='ocrx_word' id='word_1_6' title='bbox 336 158 563 198; x_wconf 79' lang='lat' dir='ltr'>indifferentia.</span> <span class='ocrx_word' id='word_1_7' title='bbox 574 161 628 195; x_wconf 87' lang='lat' dir='ltr'>Sic</span> <span class='ocrx_word' id='word_1_8' title='bbox 639 161 746 209; x_wconf 81' lang='lat' dir='ltr'>igitur,</span> <span class='ocrx_word' id='word_1_9' title='bbox 760 163 815 208; x_wconf 88' lang='lat' dir='ltr'>qui</span> <span class='ocrx_word' id='word_1_10' title='bbox 829 173 868 196; x_wconf 86' lang='lat' dir='ltr'>ex</span> <span class='ocrx_word' id='word_1_11' title='bbox 890 159 1150 209; x_wconf 75' lang='lat' dir='ltr'>concupiscentia</span> <span class='ocrx_word' id='word_1_12' title='bbox 1171 165 1204 199; x_wconf 92' lang='lat'>&amp;</span> <span class='ocrx_word' id='word_1_13' title='bbox 1218 174 1334 211; x_wconf 75' lang='lat' dir='ltr'>magna</span> <span class='ocrx_word' id='word_1_14' title='bbox 1348 165 1440 201; x_wconf 80' lang='lat' dir='ltr'>dele-</span> 
     </span>
     <span class='ocr_line' id='line_1_3' title="bbox 61 208 1440 258; baseline 0.006 -16"><span class='ocrx_word' id='word_1_15' title='bbox 61 210 202 246; x_wconf 66' lang='lat' dir='ltr'>&amp;atione</span> <span class='ocrx_word' id='word_1_16' title='bbox 215 220 291 258; x_wconf 85' lang='lat' dir='ltr'>aget</span> <span class='ocrx_word' id='word_1_17' title='bbox 304 237 313 252; x_wconf 93' lang='lat'>,</span> <span class='ocrx_word' id='word_1_18' title='bbox 323 210 428 245; x_wconf 88' lang='lat' dir='ltr'>minus</span> <span class='ocrx_word' id='word_1_19' title='bbox 440 209 589 258; x_wconf 80' lang='lat' dir='ltr'>peccabit</span> <span class='ocrx_word' id='word_1_20' title='bbox 598 237 609 253; x_wconf 82' lang='lat'>,</span> <span class='ocrx_word' id='word_1_21' title='bbox 619 209 709 256; x_wconf 86' lang='lat' dir='ltr'>quod</span> <span class='ocrx_word' id='word_1_22' title='bbox 726 212 828 246; x_wconf 88' lang='lat' dir='ltr'>minus</span> <span class='ocrx_word' id='word_1_23' title='bbox 839 208 943 244; x_wconf 88' lang='lat' dir='ltr'>libere</span> <span class='ocrx_word' id='word_1_24' title='bbox 954 214 987 246; x_wconf 92' lang='lat'><strong>&amp;</strong></span> <span class='ocrx_word' id='word_1_25' title='bbox 1000 210 1235 246; x_wconf 77' lang='lat' dir='ltr'>indifferenter:</span> <span class='ocrx_word' id='word_1_26' title='bbox 1251 224 1323 247; x_wconf 89' lang='lat' dir='ltr'>cum</span> <span class='ocrx_word' id='word_1_27' title='bbox 1338 212 1440 250; x_wconf 88' lang='lat' dir='ltr'>libido</span> 
     </span>
     <span class='ocr_line' id='line_1_4' title="bbox 56 258 1443 310; baseline 0.004 -17"><span class='ocrx_word' id='word_1_28' title='bbox 56 269 114 293; x_wconf 84' lang='lat' dir='ltr'>aut</span> <span class='ocrx_word' id='word_1_29' title='bbox 123 258 381 307; x_wconf 84' lang='lat' dir='ltr'>concupiscentia</span> <span class='ocrx_word' id='word_1_30' title='bbox 391 260 483 295; x_wconf 83' lang='lat' dir='ltr'>instar</span> <span class='ocrx_word' id='word_1_31' title='bbox 493 260 646 308; x_wconf 87' lang='lat' dir='ltr'>ponderis</span> <span class='ocrx_word' id='word_1_32' title='bbox 656 271 714 293; x_wconf 91' lang='lat' dir='ltr'>nos</span> <span class='ocrx_word' id='word_1_33' title='bbox 724 271 858 307; x_wconf 83' lang='lat' dir='ltr'>peccare</span> <span class='ocrx_word' id='word_1_34' title='bbox 872 258 1057 307; x_wconf 86' lang='lat' dir='ltr'>compellat.</span> <span class='ocrx_word' id='word_1_35' title='bbox 1088 260 1193 295; x_wconf 82' lang='lat' dir='ltr'>Simili</span> <span class='ocrx_word' id='word_1_36' title='bbox 1200 264 1327 298; x_wconf 84' lang='lat' dir='ltr'>ratione</span> <span class='ocrx_word' id='word_1_37' title='bbox 1338 265 1394 310; x_wconf 88' lang='lat' dir='ltr'>qui</span> <span class='ocrx_word' id='word_1_38' title='bbox 1403 276 1443 299; x_wconf 83' lang='lat' dir='ltr'>ex</span> 
     </span>
     <span class='ocr_line' id='line_1_5' title="bbox 48 302 1443 360; baseline 0.004 -17"><span class='ocrx_word' id='word_1_39' title='bbox 48 305 172 343; x_wconf 82' lang='lat' dir='ltr'>-habitu</span> <span class='ocrx_word' id='word_1_40' title='bbox 182 319 295 355; x_wconf 85' lang='lat' dir='ltr'>peccat</span> <span class='ocrx_word' id='word_1_41' title='bbox 306 326 317 351; x_wconf 64' lang='lat'>‚=</span> <span class='ocrx_word' id='word_1_42' title='bbox 328 310 355 341; x_wconf 85' lang='lat' dir='ltr'>is</span> <span class='ocrx_word' id='word_1_43' title='bbox 368 302 473 343; x_wconf 69' lang='lat' dir='ltr'>min&#39;us</span> <span class='ocrx_word' id='word_1_44' title='bbox 492 307 594 343; x_wconf 77' lang='lat' dir='ltr'>iibere</span> <span class='ocrx_word' id='word_1_45' title='bbox 605 312 640 345; x_wconf 71' lang='grc' dir='ltr'>ὃς</span> <span class='ocrx_word' id='word_1_46' title='bbox 649 321 723 343; x_wconf 90' lang='lat' dir='ltr'>cum</span> <span class='ocrx_word' id='word_1_47' title='bbox 733 311 855 344; x_wconf 83' lang='lat' dir='ltr'>minori</span> <span class='ocrx_word' id='word_1_48' title='bbox 865 307 1088 344; x_wconf 75' lang='lat' dir='ltr'>indifferentia</span> <span class='ocrx_word' id='word_1_49' title='bbox 1109 322 1233 357; x_wconf 77' lang='lat' dir='ltr'>peccat.</span> <span class='ocrx_word' id='word_1_50' title='bbox 1245 312 1374 346; x_wconf 35' lang='lat' dir='ltr'>‘Avarus</span> <span class='ocrx_word' id='word_1_51' title='bbox 1387 315 1443 360; x_wconf 81' lang='lat' dir='ltr'>qui</span> 
     </span>
     <span class='ocr_line' id='line_1_6' title="bbox 49 355 1443 408; baseline 0.003 -16"><span class='ocrx_word' id='word_1_52' title='bbox 49 355 238 395; x_wconf 74' lang='lat' dir='ltr'>multum&amp;</span> <span class='ocrx_word' id='word_1_53' title='bbox 257 357 310 391; x_wconf 87' lang='lat' dir='ltr'>diu</span> <span class='ocrx_word' id='word_1_54' title='bbox 319 356 481 392; x_wconf 88' lang='lat' dir='ltr'>deliberat</span> <span class='ocrx_word' id='word_1_55' title='bbox 496 370 538 393; x_wconf 84' lang='lat' dir='ltr'>an</span> <span class='ocrx_word' id='word_1_56' title='bbox 556 359 664 393; x_wconf 61' lang='lat' dir='ltr'>aetum</span> <span class='ocrx_word' id='word_1_57' title='bbox 681 356 883 393; x_wconf 82' lang='lat' dir='ltr'>liberalitatis</span> <span class='ocrx_word' id='word_1_58' title='bbox 897 369 1065 401; x_wconf 84' lang='lat' dir='ltr'>exerceat,</span> <span class='ocrx_word' id='word_1_59' title='bbox 1083 357 1217 393; x_wconf 84' lang='lat' dir='ltr'>liberius</span> <span class='ocrx_word' id='word_1_60' title='bbox 1232 372 1443 408; x_wconf 42' lang='lat' dir='ltr'>«agetfquani</span> 
     </span>
     <span class='ocr_line' id='line_1_7' title="bbox 57 404 1442 457; baseline 0.003 -16"><span class='ocrx_word' id='word_1_61' title='bbox 57 405 159 441; x_wconf 83' lang='lat' dir='ltr'>homo</span> <span class='ocrx_word' id='word_1_62' title='bbox 177 404 318 440; x_wconf 86' lang='lat' dir='ltr'>liberalis</span> <span class='ocrx_word' id='word_1_63' title='bbox 326 409 384 454; x_wconf 84' lang='lat' dir='ltr'>qui</span> <span class='ocrx_word' id='word_1_64' title='bbox 395 419 549 456; x_wconf 81' lang='lat' dir='ltr'>prompte</span> <span class='ocrx_word' id='word_1_65' title='bbox 566 413 599 443; x_wconf 70' lang='grc' dir='ltr'>δι</span> <span class='ocrx_word' id='word_1_66' title='bbox 615 409 695 441; x_wconf 84' lang='lat' dir='ltr'>citra</span> <span class='ocrx_word' id='word_1_67' title='bbox 710 407 1004 450; x_wconf 79' lang='lat' dir='ltr'>deliberationem,</span> <span class='ocrx_word' id='word_1_68' title='bbox 1019 418 1119 454; x_wconf 87' lang='lat' dir='ltr'>atque</span> <span class='ocrx_word' id='word_1_69' title='bbox 1131 411 1171 442; x_wconf 73' lang='lat' dir='ltr'>ex</span> <span class='ocrx_word' id='word_1_70' title='bbox 1192 408 1305 444; x_wconf 89' lang='lat' dir='ltr'>habitu</span> <span class='ocrx_word' id='word_1_71' title='bbox 1327 406 1442 457; x_wconf 72' lang='lat' dir='ltr'>operai-</span> 
     </span>
     <span class='ocr_line' id='line_1_8' title="bbox 57 454 1442 506; baseline 0.001 -17"><span class='ocrx_word' id='word_1_72' title='bbox 57 464 120 490; x_wconf 81' lang='lat' dir='ltr'>tur.</span> <span class='ocrx_word' id='word_1_73' title='bbox 134 456 188 489; x_wconf 85' lang='lat' dir='ltr'>Sic</span> <span class='ocrx_word' id='word_1_74' title='bbox 196 467 262 490; x_wconf 90' lang='lat' dir='ltr'>non</span> <span class='ocrx_word' id='word_1_75' title='bbox 276 457 337 490; x_wconf 90' lang='lat' dir='ltr'>erit</span> <span class='ocrx_word' id='word_1_76' title='bbox 348 454 481 491; x_wconf 82' lang='lat' dir='ltr'>libertas</span> <span class='ocrx_word' id='word_1_77' title='bbox 498 486 508 500; x_wconf 91' lang='lat'>‚</span> <span class='ocrx_word' id='word_1_78' title='bbox 521 455 576 492; x_wconf 86' lang='lat' dir='ltr'>nifi</span> <span class='ocrx_word' id='word_1_79' title='bbox 590 455 646 491; x_wconf 91' lang='lat' dir='ltr'>ubi</span> <span class='ocrx_word' id='word_1_80' title='bbox 657 457 700 491; x_wconf 90' lang='lat' dir='ltr'>est</span> <span class='ocrx_word' id='word_1_81' title='bbox 709 458 891 506; x_wconf 83' lang='lat' dir='ltr'>ignorantia</span> <span class='ocrx_word' id='word_1_82' title='bbox 901 462 936 494; x_wconf 86' lang='lat'>&amp;</span> <span class='ocrx_word' id='word_1_83' title='bbox 956 455 1141 493; x_wconf 77' lang='lat' dir='ltr'>infirmitas,</span> <span class='ocrx_word' id='word_1_84' title='bbox 1168 459 1250 492; x_wconf 90' lang='lat' dir='ltr'>Non</span> <span class='ocrx_word' id='word_1_85' title='bbox 1265 460 1350 493; x_wconf 87' lang='lat' dir='ltr'>enim</span> <span class='ocrx_word' id='word_1_86' title='bbox 1363 471 1442 494; x_wconf 90' lang='lat' dir='ltr'>con-</span> 
     </span>
     <span class='ocr_line' id='line_1_9' title="bbox 49 501 1442 554; baseline 0.002 -16"><span class='ocrx_word' id='word_1_87' title='bbox 49 501 207 539; x_wconf 74' lang='lat' dir='ltr'>saltamus</span> <span class='ocrx_word' id='word_1_88' title='bbox 219 501 273 538; x_wconf 86' lang='lat' dir='ltr'>nisi</span> <span class='ocrx_word' id='word_1_89' title='bbox 286 516 419 553; x_wconf 87' lang='lat' dir='ltr'>propter</span> <span class='ocrx_word' id='word_1_90' title='bbox 433 508 649 554; x_wconf 75' lang='lat' dir='ltr'>ignorantiam</span> <span class='ocrx_word' id='word_1_91' title='bbox 661 523 670 550; x_wconf 81' lang='lat'><em>3</em></span> <span class='ocrx_word' id='word_1_92' title='bbox 682 505 851 541; x_wconf 83' lang='lat' dir='ltr'>consilium</span> <span class='ocrx_word' id='word_1_93' title='bbox 860 519 927 541; x_wconf 90' lang='lat' dir='ltr'>non</span> <span class='ocrx_word' id='word_1_94' title='bbox 937 516 1097 540; x_wconf 88' lang='lat' dir='ltr'>mutamus</span> <span class='ocrx_word' id='word_1_95' title='bbox 1110 533 1121 549; x_wconf 89' lang='lat'><strong><em>,</em></strong></span> <span class='ocrx_word' id='word_1_96' title='bbox 1132 505 1188 540; x_wconf 83' lang='lat' dir='ltr'>nisi</span> <span class='ocrx_word' id='word_1_97' title='bbox 1206 505 1250 541; x_wconf 91' lang='lat' dir='ltr'>ob</span> <span class='ocrx_word' id='word_1_98' title='bbox 1269 506 1442 543; x_wconf 83' lang='lat' dir='ltr'>levitatem</span> 
     </span>
     <span class='ocr_line' id='line_1_10' title="bbox 55 553 1441 603; baseline 0.002 -17"><span class='ocrx_word' id='word_1_99' title='bbox 55 557 91 589; x_wconf 68' lang='grc' dir='ltr'>δι</span> <span class='ocrx_word' id='word_1_100' title='bbox 106 553 351 589; x_wconf 78' lang='lat' dir='ltr'>inconstantiam</span> <span class='ocrx_word' id='word_1_101' title='bbox 363 557 465 590; x_wconf 82' lang='lat' dir='ltr'>animi</span> <span class='ocrx_word' id='word_1_102' title='bbox 476 572 486 600; x_wconf 79' lang='lat'>3</span> <span class='ocrx_word' id='word_1_103' title='bbox 496 568 557 590; x_wconf 91' lang='lat' dir='ltr'>nec</span> <span class='ocrx_word' id='word_1_104' title='bbox 571 553 743 591; x_wconf 84' lang='lat' dir='ltr'>verisimile</span> <span class='ocrx_word' id='word_1_105' title='bbox 757 555 803 590; x_wconf 90' lang='lat' dir='ltr'>est</span> <span class='ocrx_word' id='word_1_106' title='bbox 814 553 939 591; x_wconf 80' lang='lat' dir='ltr'>sublata</span> <span class='ocrx_word' id='word_1_107' title='bbox 950 566 1020 590; x_wconf 84' lang='lat' dir='ltr'>tum</span> <span class='ocrx_word' id='word_1_108' title='bbox 1041 556 1223 603; x_wconf 80' lang='lat' dir='ltr'>ignorantia</span> <span class='ocrx_word' id='word_1_109' title='bbox 1235 583 1246 598; x_wconf 94' lang='lat'>,</span> <span class='ocrx_word' id='word_1_110' title='bbox 1263 561 1332 591; x_wconf 80' lang='lat' dir='ltr'>t&#39;um</span> <span class='ocrx_word' id='word_1_111' title='bbox 1351 555 1441 594; x_wconf 83' lang='lat' dir='ltr'>infir-</span> 
     </span>
     <span class='ocr_line' id='line_1_11' title="bbox 48 601 1430 643; baseline 0.006 -8"><span class='ocrx_word' id='word_1_112' title='bbox 48 601 368 638; x_wconf 58' lang='lat' dir='ltr'>&gt;mitatelibertatem</span> <span class='ocrx_word' id='word_1_113' title='bbox 385 604 518 642; x_wconf 84' lang='lat' dir='ltr'>auferri.</span> <span class='ocrx_word' id='word_1_114' title='bbox 1426 637 1430 643; x_wconf 87' lang='grc'><strong><em>,</em></strong></span> 
     </span>
    </p>

    <p class='ocr_par' dir='ltr' id='par_1_3' title="bbox 48 650 1440 835">
     <span class='ocr_line' id='line_1_12' title="bbox 89 650 1437 702; baseline 0.003 -17"><span class='ocrx_word' id='word_1_115' title='bbox 89 652 257 686; x_wconf 88' lang='lat' dir='ltr'>Postremo</span> <span class='ocrx_word' id='word_1_116' title='bbox 279 650 300 687; x_wconf 87' lang='lat' dir='ltr'>fi</span> <span class='ocrx_word' id='word_1_117' title='bbox 326 651 458 687; x_wconf 87' lang='lat' dir='ltr'>libertas</span> <span class='ocrx_word' id='word_1_118' title='bbox 479 651 702 700; x_wconf 78' lang='lat' dir='ltr'>inaequilibrio</span> <span class='ocrx_word' id='word_1_119' title='bbox 723 659 756 691; x_wconf 91' lang='lat'>&amp;</span> <span class='ocrx_word' id='word_1_120' title='bbox 776 653 992 689; x_wconf 68' lang='lat' dir='ltr'>indifferentia</span> <span class='ocrx_word' id='word_1_121' title='bbox 1012 651 1114 702; x_wconf 81' lang='lat' dir='ltr'>posita</span> <span class='ocrx_word' id='word_1_122' title='bbox 1134 652 1170 687; x_wconf 87' lang='lat' dir='ltr'>sit</span> <span class='ocrx_word' id='word_1_123' title='bbox 1184 682 1194 696; x_wconf 91' lang='lat'>‚</span> <span class='ocrx_word' id='word_1_124' title='bbox 1214 656 1321 692; x_wconf 74' lang='lat' dir='ltr'>minus</span> <span class='ocrx_word' id='word_1_125' title='bbox 1334 653 1437 691; x_wconf 84' lang='lat' dir='ltr'>libere</span> 
     </span>
     <span class='ocr_line' id='line_1_13' title="bbox 53 699 1439 751; baseline 0.004 -17"><span class='ocrx_word' id='word_1_126' title='bbox 53 712 152 749; x_wconf 84' lang='lat' dir='ltr'>agenr</span> <span class='ocrx_word' id='word_1_127' title='bbox 159 699 320 744; x_wconf 82' lang='lat' dir='ltr'>scelerati,</span> <span class='ocrx_word' id='word_1_128' title='bbox 338 704 412 748; x_wconf 84' lang='lat' dir='ltr'>quia</span> <span class='ocrx_word' id='word_1_129' title='bbox 432 715 471 737; x_wconf 87' lang='lat' dir='ltr'>ex</span> <span class='ocrx_word' id='word_1_130' title='bbox 485 704 602 738; x_wconf 85' lang='lat' dir='ltr'>minori</span> <span class='ocrx_word' id='word_1_131' title='bbox 626 701 845 739; x_wconf 86' lang='lat' dir='ltr'>indifferentia</span> <span class='ocrx_word' id='word_1_132' title='bbox 861 721 871 748; x_wconf 87' lang='lat'>;</span> <span class='ocrx_word' id='word_1_133' title='bbox 899 705 1003 738; x_wconf 88' lang='lat' dir='ltr'>minus</span> <span class='ocrx_word' id='word_1_134' title='bbox 1020 701 1411 751; x_wconf 38' lang='lat' dir='ltr'>peccabitvintemperans</span> <span class='ocrx_word' id='word_1_135' title='bbox 1429 732 1439 747; x_wconf 86' lang='lat'>‚</span> 
     </span>
     <span class='ocr_line' id='line_1_14' title="bbox 48 748 1440 800; baseline 0.004 -17"><span class='ocrx_word' id='word_1_136' title='bbox 48 750 111 796; x_wconf 87' lang='lat' dir='ltr'>qui</span> <span class='ocrx_word' id='word_1_137' title='bbox 122 762 191 784; x_wconf 90' lang='lat' dir='ltr'>non</span> <span class='ocrx_word' id='word_1_138' title='bbox 204 748 365 784; x_wconf 78' lang='lat' dir='ltr'>deliberat</span> <span class='ocrx_word' id='word_1_139' title='bbox 374 779 386 794; x_wconf 88' lang='lat'><em>,</em></span> <span class='ocrx_word' id='word_1_140' title='bbox 401 751 502 799; x_wconf 59' lang='lat' dir='ltr'>quam</span> <span class='ocrx_word' id='word_1_141' title='bbox 515 752 720 787; x_wconf 85' lang='lat' dir='ltr'>incontinens</span> <span class='ocrx_word' id='word_1_142' title='bbox 732 780 742 796; x_wconf 82' lang='lat'>‚</span> <span class='ocrx_word' id='word_1_143' title='bbox 754 765 854 800; x_wconf 85' lang='lat' dir='ltr'>quern</span> <span class='ocrx_word' id='word_1_144' title='bbox 862 754 950 788; x_wconf 65' lang='lat' dir='ltr'>recta</span> <span class='ocrx_word' id='word_1_145' title='bbox 965 754 1048 788; x_wconf 81' lang='lat' dir='ltr'>tatio</span> <span class='ocrx_word' id='word_1_146' title='bbox 1059 751 1209 789; x_wconf 83' lang='lat' dir='ltr'>&amp;libido</span> <span class='ocrx_word' id='word_1_147' title='bbox 1220 753 1254 788; x_wconf 91' lang='lat' dir='ltr'>in</span> <span class='ocrx_word' id='word_1_148' title='bbox 1269 764 1376 800; x_wconf 85' lang='lat' dir='ltr'>partes</span> <span class='ocrx_word' id='word_1_149' title='bbox 1390 754 1440 788; x_wconf 82' lang='lat' dir='ltr'>di-</span> 
     </span>
     <span class='ocr_line' id='line_1_15' title="bbox 53 796 312 835; baseline 0.004 -2"><span class='ocrx_word' id='word_1_150' title='bbox 53 796 157 833; x_wconf 87' lang='lat' dir='ltr'>versas</span> <span class='ocrx_word' id='word_1_151' title='bbox 172 798 312 835; x_wconf 85' lang='lat' dir='ltr'>trahunt.</span> 
     </span>
    </p>

    <p class='ocr_par' dir='ltr' id='par_1_4' title="bbox 46 846 1440 1385">
     <span class='ocr_line' id='line_1_16' title="bbox 93 846 1438 899; baseline 0.004 -20"><span class='ocrx_word' id='word_1_152' title='bbox 93 848 179 895; x_wconf 68' lang='lat' dir='ltr'>Resp-</span> <span class='ocrx_word' id='word_1_153' title='bbox 199 846 452 884; x_wconf 80' lang='lat' dir='ltr'>Indifferentiam</span> <span class='ocrx_word' id='word_1_154' title='bbox 474 849 516 883; x_wconf 81' lang='lat' dir='ltr'>ad</span> <span class='ocrx_word' id='word_1_155' title='bbox 532 851 695 884; x_wconf 85' lang='lat' dir='ltr'>rationem</span> <span class='ocrx_word' id='word_1_156' title='bbox 705 849 866 886; x_wconf 75' lang='lat' dir='ltr'>libertatis</span> <span class='ocrx_word' id='word_1_157' title='bbox 880 848 919 886; x_wconf 87' lang='lat' dir='ltr'>sic</span> <span class='ocrx_word' id='word_1_158' title='bbox 928 853 1110 899; x_wconf 86' lang='lat' dir='ltr'>pertinere,</span> <span class='ocrx_word' id='word_1_159' title='bbox 1126 861 1240 886; x_wconf 88' lang='lat' dir='ltr'>utnon</span> <span class='ocrx_word' id='word_1_160' title='bbox 1254 849 1290 886; x_wconf 86' lang='lat' dir='ltr'>fit</span> <span class='ocrx_word' id='word_1_161' title='bbox 1312 863 1383 887; x_wconf 83' lang='lat' dir='ltr'>tota</span> <span class='ocrx_word' id='word_1_162' title='bbox 1398 852 1438 887; x_wconf 85' lang='lat' dir='ltr'>il-</span> 
     </span>
     <span class='ocr_line' id='line_1_17' title="bbox 51 895 1437 948; baseline 0.004 -18"><span class='ocrx_word' id='word_1_163' title='bbox 51 895 111 930; x_wconf 87' lang='lat' dir='ltr'>lius</span> <span class='ocrx_word' id='word_1_164' title='bbox 124 895 262 932; x_wconf 83' lang='lat' dir='ltr'>effentia.</span> <span class='ocrx_word' id='word_1_165' title='bbox 279 900 354 932; x_wconf 92' lang='lat' dir='ltr'>Duo</span> <span class='ocrx_word' id='word_1_166' title='bbox 369 897 440 932; x_wconf 87' lang='lat' dir='ltr'>sunt</span> <span class='ocrx_word' id='word_1_167' title='bbox 454 901 542 932; x_wconf 85' lang='lat' dir='ltr'>enim</span> <span class='ocrx_word' id='word_1_168' title='bbox 555 901 589 933; x_wconf 90' lang='lat' dir='ltr'>in</span> <span class='ocrx_word' id='word_1_169' title='bbox 604 897 708 933; x_wconf 85' lang='lat' dir='ltr'>libero</span> <span class='ocrx_word' id='word_1_170' title='bbox 719 898 872 936; x_wconf 78' lang='lat' dir='ltr'>arbitrio,</span> <span class='ocrx_word' id='word_1_171' title='bbox 883 901 1033 935; x_wconf 84' lang='lat' dir='ltr'>voluntas</span> <span class='ocrx_word' id='word_1_172' title='bbox 1047 906 1080 937; x_wconf 88' lang='lat'><strong>&amp;</strong></span> <span class='ocrx_word' id='word_1_173' title='bbox 1097 899 1262 948; x_wconf 79' lang='lat' dir='ltr'>judicium.</span> <span class='ocrx_word' id='word_1_174' title='bbox 1339 914 1386 936; x_wconf 86' lang='lat' dir='ltr'>uae</span> <span class='ocrx_word' id='word_1_175' title='bbox 1396 913 1437 936; x_wconf 84' lang='lat' dir='ltr'>ex</span> 
     </span>
     <span class='ocr_line' id='line_1_18' title="bbox 53 943 1438 996; baseline 0.006 -19"><span class='ocrx_word' id='word_1_176' title='bbox 53 943 169 978; x_wconf 86' lang='lat' dir='ltr'>habitu</span> <span class='ocrx_word' id='word_1_177' title='bbox 181 950 214 981; x_wconf 92' lang='lat'>&amp;</span> <span class='ocrx_word' id='word_1_178' title='bbox 231 945 449 981; x_wconf 58' lang='lat' dir='ltr'>delectatione</span> <span class='ocrx_word' id='word_1_179' title='bbox 462 949 585 994; x_wconf 79' lang='lat' dir='ltr'>agimus</span> <span class='ocrx_word' id='word_1_180' title='bbox 597 975 607 990; x_wconf 92' lang='lat'><strong>,</strong></span> <span class='ocrx_word' id='word_1_181' title='bbox 622 959 660 981; x_wconf 83' lang='lat' dir='ltr'>ea</span> <span class='ocrx_word' id='word_1_182' title='bbox 669 961 734 983; x_wconf 91' lang='lat' dir='ltr'>non</span> <span class='ocrx_word' id='word_1_183' title='bbox 745 950 896 982; x_wconf 86' lang='lat' dir='ltr'>minuunt</span> <span class='ocrx_word' id='word_1_184' title='bbox 910 947 1101 983; x_wconf 77' lang='lat' dir='ltr'>libertatem</span> <span class='ocrx_word' id='word_1_185' title='bbox 1122 961 1165 982; x_wconf 85' lang='lat' dir='ltr'>ex</span> <span class='ocrx_word' id='word_1_186' title='bbox 1183 960 1272 996; x_wconf 80' lang='lat' dir='ltr'>parte</span> <span class='ocrx_word' id='word_1_187' title='bbox 1287 951 1438 985; x_wconf 79' lang='lat' dir='ltr'>volunta-</span> 
     </span>
     <span class='ocr_line' id='line_1_19' title="bbox 53 993 1440 1045; baseline 0.006 -19"><span class='ocrx_word' id='word_1_188' title='bbox 53 994 102 1028; x_wconf 62' lang='lat' dir='ltr'>rii.</span> <span class='ocrx_word' id='word_1_189' title='bbox 120 993 279 1029; x_wconf 80' lang='lat' dir='ltr'>Voluntas</span> <span class='ocrx_word' id='word_1_190' title='bbox 297 997 385 1030; x_wconf 87' lang='lat' dir='ltr'>enim</span> <span class='ocrx_word' id='word_1_191' title='bbox 394 997 495 1044; x_wconf 81' lang='lat' dir='ltr'>magis</span> <span class='ocrx_word' id='word_1_192' title='bbox 506 997 540 1029; x_wconf 90' lang='lat' dir='ltr'>in</span> <span class='ocrx_word' id='word_1_193' title='bbox 555 1007 593 1029; x_wconf 86' lang='lat' dir='ltr'>ea</span> <span class='ocrx_word' id='word_1_194' title='bbox 612 996 783 1032; x_wconf 83' lang='lat' dir='ltr'>inclinatur</span> <span class='ocrx_word' id='word_1_195' title='bbox 796 1025 807 1039; x_wconf 89' lang='lat'>‚</span> <span class='ocrx_word' id='word_1_196' title='bbox 823 1009 888 1043; x_wconf 88' lang='lat' dir='ltr'>quo</span> <span class='ocrx_word' id='word_1_197' title='bbox 905 1001 1028 1045; x_wconf 79' lang='lat' dir='ltr'>majore</span> <span class='ocrx_word' id='word_1_198' title='bbox 1046 996 1265 1031; x_wconf 63' lang='lat' dir='ltr'>delectatione</span> <span class='ocrx_word' id='word_1_199' title='bbox 1275 1000 1343 1045; x_wconf 82' lang='lat' dir='ltr'>agit</span> <span class='ocrx_word' id='word_1_200' title='bbox 1357 1028 1366 1041; x_wconf 91' lang='lat'>,</span> <span class='ocrx_word' id='word_1_201' title='bbox 1384 1010 1440 1034; x_wconf 89' lang='lat' dir='ltr'>aut</span> 
     </span>
     <span class='ocr_line' id='line_1_20' title="bbox 51 1042 1439 1093; baseline 0.004 -18"><span class='ocrx_word' id='word_1_202' title='bbox 51 1044 152 1090; x_wconf 84' lang='lat' dir='ltr'>magis</span> <span class='ocrx_word' id='word_1_203' title='bbox 169 1054 211 1077; x_wconf 83' lang='lat' dir='ltr'>ex</span> <span class='ocrx_word' id='word_1_204' title='bbox 226 1042 466 1086; x_wconf 84' lang='lat' dir='ltr'>usu,exercitio</span> <span class='ocrx_word' id='word_1_205' title='bbox 479 1049 512 1080; x_wconf 67' lang='grc' dir='ltr'>ὃς</span> <span class='ocrx_word' id='word_1_206' title='bbox 527 1043 641 1078; x_wconf 76' lang='lat' dir='ltr'>habitu</span> <span class='ocrx_word' id='word_1_207' title='bbox 651 1056 811 1092; x_wconf 84' lang='lat' dir='ltr'>operatur.</span> <span class='ocrx_word' id='word_1_208' title='bbox 836 1046 899 1079; x_wconf 81' lang='lat' dir='ltr'>Sed</span> <span class='ocrx_word' id='word_1_209' title='bbox 915 1057 953 1079; x_wconf 87' lang='lat' dir='ltr'>ex</span> <span class='ocrx_word' id='word_1_210' title='bbox 973 1057 1064 1092; x_wconf 88' lang='lat' dir='ltr'>parte</span> <span class='ocrx_word' id='word_1_211' title='bbox 1081 1045 1196 1093; x_wconf 83' lang='lat' dir='ltr'>judicii</span> <span class='ocrx_word' id='word_1_212' title='bbox 1214 1051 1248 1082; x_wconf 84' lang='lat'>&amp;</span> <span class='ocrx_word' id='word_1_213' title='bbox 1266 1046 1439 1082; x_wconf 67' lang='lat' dir='ltr'>electionis</span> 
     </span>
     <span class='ocr_line' id='line_1_21' title="bbox 52 1089 1437 1140; baseline 0.004 -16"><span class='ocrx_word' id='word_1_214' title='bbox 52 1091 115 1125; x_wconf 90' lang='lat' dir='ltr'>duo</span> <span class='ocrx_word' id='word_1_215' title='bbox 128 1089 196 1126; x_wconf 86' lang='lat' dir='ltr'>sunt</span> <span class='ocrx_word' id='word_1_216' title='bbox 209 1104 277 1138; x_wconf 83' lang='lat' dir='ltr'>quae</span> <span class='ocrx_word' id='word_1_217' title='bbox 287 1091 474 1128; x_wconf 89' lang='lat' dir='ltr'>libertatem</span> <span class='ocrx_word' id='word_1_218' title='bbox 484 1095 697 1128; x_wconf 85' lang='lat' dir='ltr'>imminuunt:</span> <span class='ocrx_word' id='word_1_219' title='bbox 711 1104 766 1127; x_wconf 82' lang='lat' dir='ltr'>aut</span> <span class='ocrx_word' id='word_1_220' title='bbox 779 1094 874 1127; x_wconf 89' lang='lat' dir='ltr'>nimis</span> <span class='ocrx_word' id='word_1_221' title='bbox 888 1093 1022 1127; x_wconf 83' lang='lat' dir='ltr'>confusa</span> <span class='ocrx_word' id='word_1_222' title='bbox 1032 1095 1179 1140; x_wconf 84' lang='lat' dir='ltr'>cognitio</span> <span class='ocrx_word' id='word_1_223' title='bbox 1190 1121 1200 1135; x_wconf 86' lang='lat'>‚</span> <span class='ocrx_word' id='word_1_224' title='bbox 1215 1094 1320 1139; x_wconf 84' lang='lat' dir='ltr'>qualis</span> <span class='ocrx_word' id='word_1_225' title='bbox 1344 1096 1388 1129; x_wconf 86' lang='lat' dir='ltr'>est</span> <span class='ocrx_word' id='word_1_226' title='bbox 1404 1098 1437 1130; x_wconf 89' lang='lat' dir='ltr'>in</span> 
     </span>
     <span class='ocr_line' id='line_1_22' title="bbox 50 1139 1440 1191; baseline 0.003 -18"><span class='ocrx_word' id='word_1_227' title='bbox 50 1141 157 1188; x_wconf 85' lang='lat' dir='ltr'>pueris</span> <span class='ocrx_word' id='word_1_228' title='bbox 172 1170 182 1184; x_wconf 91' lang='lat'>,</span> <span class='ocrx_word' id='word_1_229' title='bbox 196 1143 251 1187; x_wconf 85' lang='lat' dir='ltr'>qui</span> <span class='ocrx_word' id='word_1_230' title='bbox 264 1140 380 1190; x_wconf 87' lang='lat' dir='ltr'>sponte</span> <span class='ocrx_word' id='word_1_231' title='bbox 392 1153 503 1191; x_wconf 81' lang='lat' dir='ltr'>agunt,</span> <span class='ocrx_word' id='word_1_232' title='bbox 520 1140 649 1176; x_wconf 84' lang='lat' dir='ltr'>sednon</span> <span class='ocrx_word' id='word_1_233' title='bbox 660 1140 762 1175; x_wconf 87' lang='lat' dir='ltr'>libere</span> <span class='ocrx_word' id='word_1_234' title='bbox 774 1139 905 1183; x_wconf 84' lang='lat' dir='ltr'>,saltem</span> <span class='ocrx_word' id='word_1_235' title='bbox 914 1139 1069 1175; x_wconf 89' lang='lat' dir='ltr'>libertate</span> <span class='ocrx_word' id='word_1_236' title='bbox 1080 1140 1198 1176; x_wconf 82' lang='lat' dir='ltr'>morali</span> <span class='ocrx_word' id='word_1_237' title='bbox 1212 1156 1219 1177; x_wconf 93' lang='lat'><strong>:</strong></span> <span class='ocrx_word' id='word_1_238' title='bbox 1236 1145 1248 1187; x_wconf 90' lang='lat'>(</span> <span class='ocrx_word' id='word_1_239' title='bbox 1262 1155 1337 1185; x_wconf 83' lang='lat' dir='ltr'>nam</span> <span class='ocrx_word' id='word_1_240' title='bbox 1350 1145 1384 1179; x_wconf 89' lang='lat' dir='ltr'>in</span> <span class='ocrx_word' id='word_1_241' title='bbox 1400 1146 1440 1181; x_wconf 80' lang='lat' dir='ltr'>iis</span> 
     </span>
     <span class='ocr_line' id='line_1_23' title="bbox 49 1187 1440 1241; baseline 0.003 -18"><span class='ocrx_word' id='word_1_242' title='bbox 49 1189 99 1223; x_wconf 82' lang='lat' dir='ltr'>est</span> <span class='ocrx_word' id='word_1_243' title='bbox 113 1187 242 1236; x_wconf 80' lang='lat' dir='ltr'>Physica</span> <span class='ocrx_word' id='word_1_244' title='bbox 260 1189 411 1234; x_wconf 79' lang='lat' dir='ltr'>libertas,</span> <span class='ocrx_word' id='word_1_245' title='bbox 429 1203 491 1237; x_wconf 83' lang='lat' dir='ltr'>qua</span> <span class='ocrx_word' id='word_1_246' title='bbox 503 1190 546 1224; x_wconf 85' lang='lat' dir='ltr'>ad</span> <span class='ocrx_word' id='word_1_247' title='bbox 562 1189 667 1224; x_wconf 83' lang='lat' dir='ltr'>multa</span> <span class='ocrx_word' id='word_1_248' title='bbox 685 1189 746 1225; x_wconf 83' lang='lat' dir='ltr'>sese</span> <span class='ocrx_word' id='word_1_249' title='bbox 759 1201 897 1226; x_wconf 88' lang='lat' dir='ltr'>movent</span> <span class='ocrx_word' id='word_1_250' title='bbox 911 1190 1122 1239; x_wconf 86' lang='lat' dir='ltr'>&amp;applicant</span> <span class='ocrx_word' id='word_1_251' title='bbox 1134 1219 1143 1233; x_wconf 91' lang='lat'>‚</span> <span class='ocrx_word' id='word_1_252' title='bbox 1166 1192 1177 1231; x_wconf 88' lang='lat'><strong><em>)</em></strong></span> <span class='ocrx_word' id='word_1_253' title='bbox 1201 1202 1257 1225; x_wconf 89' lang='lat' dir='ltr'>aut</span> <span class='ocrx_word' id='word_1_254' title='bbox 1279 1203 1346 1227; x_wconf 90' lang='lat' dir='ltr'>tam</span> <span class='ocrx_word' id='word_1_255' title='bbox 1363 1205 1440 1241; x_wconf 91' lang='lat' dir='ltr'>per-</span> 
     </span>
     <span class='ocr_line' id='line_1_24' title="bbox 51 1237 1438 1290; baseline 0.004 -18"><span class='ocrx_word' id='word_1_256' title='bbox 51 1237 141 1273; x_wconf 69' lang='lat' dir='ltr'>fecta</span> <span class='ocrx_word' id='word_1_257' title='bbox 154 1240 299 1287; x_wconf 81' lang='lat' dir='ltr'>cognitio</span> <span class='ocrx_word' id='word_1_258' title='bbox 312 1268 321 1282; x_wconf 88' lang='lat'><strong>‚</strong></span> <span class='ocrx_word' id='word_1_259' title='bbox 338 1250 375 1274; x_wconf 87' lang='lat' dir='ltr'>ut</span> <span class='ocrx_word' id='word_1_260' title='bbox 383 1239 462 1274; x_wconf 86' lang='lat' dir='ltr'>nihil</span> <span class='ocrx_word' id='word_1_261' title='bbox 478 1238 581 1273; x_wconf 87' lang='lat' dir='ltr'>libero</span> <span class='ocrx_word' id='word_1_262' title='bbox 590 1238 725 1273; x_wconf 87' lang='lat' dir='ltr'>arbitrio</span> <span class='ocrx_word' id='word_1_263' title='bbox 739 1238 939 1287; x_wconf 79' lang='lat' dir='ltr'>relinquatur</span> <span class='ocrx_word' id='word_1_264' title='bbox 950 1268 960 1281; x_wconf 96' lang='lat'>‚</span> <span class='ocrx_word' id='word_1_265' title='bbox 977 1251 1013 1274; x_wconf 85' lang='lat' dir='ltr'>ut</span> <span class='ocrx_word' id='word_1_266' title='bbox 1031 1241 1066 1273; x_wconf 91' lang='lat' dir='ltr'>in</span> <span class='ocrx_word' id='word_1_267' title='bbox 1090 1237 1195 1273; x_wconf 81' lang='lat' dir='ltr'>beatis</span> <span class='ocrx_word' id='word_1_268' title='bbox 1220 1242 1340 1276; x_wconf 84' lang='lat' dir='ltr'>accidit</span> <span class='ocrx_word' id='word_1_269' title='bbox 1353 1270 1364 1285; x_wconf 86' lang='lat'>,</span> <span class='ocrx_word' id='word_1_270' title='bbox 1383 1255 1438 1290; x_wconf 76' lang='lat' dir='ltr'>qui</span> 
     </span>
     <span class='ocr_line' id='line_1_25' title="bbox 51 1287 1438 1336; baseline 0.004 -14"><span class='ocrx_word' id='word_1_271' title='bbox 51 1288 162 1322; x_wconf 88' lang='lat' dir='ltr'>Deum</span> <span class='ocrx_word' id='word_1_272' title='bbox 176 1288 261 1322; x_wconf 85' lang='lat' dir='ltr'>clare</span> <span class='ocrx_word' id='word_1_273' title='bbox 283 1290 448 1336; x_wconf 86' lang='lat' dir='ltr'>cognitum</span> <span class='ocrx_word' id='word_1_274' title='bbox 464 1301 532 1323; x_wconf 88' lang='lat' dir='ltr'>non</span> <span class='ocrx_word' id='word_1_275' title='bbox 545 1300 656 1322; x_wconf 83' lang='lat' dir='ltr'>amare</span> <span class='ocrx_word' id='word_1_276' title='bbox 671 1301 739 1323; x_wconf 90' lang='lat' dir='ltr'>non</span> <span class='ocrx_word' id='word_1_277' title='bbox 755 1287 892 1336; x_wconf 68' lang='lat' dir='ltr'>possunt.</span> <span class='ocrx_word' id='word_1_278' title='bbox 909 1289 1008 1325; x_wconf 91' lang='lat' dir='ltr'>Unde</span> <span class='ocrx_word' id='word_1_279' title='bbox 1026 1288 1066 1322; x_wconf 82' lang='lat' dir='ltr'>ad</span> <span class='ocrx_word' id='word_1_280' title='bbox 1085 1287 1173 1323; x_wconf 85' lang='lat' dir='ltr'>usum</span> <span class='ocrx_word' id='word_1_281' title='bbox 1187 1287 1346 1325; x_wconf 85' lang='lat' dir='ltr'>libertatis</span> <span class='ocrx_word' id='word_1_282' title='bbox 1369 1304 1438 1327; x_wconf 89' lang='lat' dir='ltr'>me-</span> 
     </span>
     <span class='ocr_line' id='line_1_26' title="bbox 46 1335 803 1385; baseline -0.001 -15"><span class='ocrx_word' id='word_1_283' title='bbox 46 1335 121 1370; x_wconf 80' lang='lat' dir='ltr'>dius</span> <span class='ocrx_word' id='word_1_284' title='bbox 134 1337 267 1384; x_wconf 85' lang='lat' dir='ltr'>quidam</span> <span class='ocrx_word' id='word_1_285' title='bbox 283 1339 479 1385; x_wconf 73' lang='lat' dir='ltr'>cognitionis</span> <span class='ocrx_word' id='word_1_286' title='bbox 501 1337 595 1371; x_wconf 80' lang='lat' dir='ltr'>status</span> <span class='ocrx_word' id='word_1_287' title='bbox 619 1339 803 1384; x_wconf 85' lang='lat' dir='ltr'>requiritur.</span> 
     </span>
    </p>

    <p class='ocr_par' dir='ltr' id='par_1_5' title="bbox 49 1385 1438 1726">
     <span class='ocr_line' id='line_1_27' title="bbox 85 1385 1437 1433; baseline 0.004 -14"><span class='ocrx_word' id='word_1_288' title='bbox 85 1385 285 1433; x_wconf 75' lang='lat' dir='ltr'>Qanquam</span> <span class='ocrx_word' id='word_1_289' title='bbox 297 1388 331 1421; x_wconf 91' lang='lat' dir='ltr'>in</span> <span class='ocrx_word' id='word_1_290' title='bbox 343 1385 445 1420; x_wconf 78' lang='lat' dir='ltr'>beatis</span> <span class='ocrx_word' id='word_1_291' title='bbox 457 1399 524 1422; x_wconf 89' lang='lat' dir='ltr'>non</span> <span class='ocrx_word' id='word_1_292' title='bbox 534 1398 600 1420; x_wconf 80' lang='lat' dir='ltr'>tam</span> <span class='ocrx_word' id='word_1_293' title='bbox 617 1386 700 1421; x_wconf 86' lang='lat' dir='ltr'>clara</span> <span class='ocrx_word' id='word_1_294' title='bbox 713 1388 779 1422; x_wconf 88' lang='lat' dir='ltr'>Dei</span> <span class='ocrx_word' id='word_1_295' title='bbox 790 1385 867 1422; x_wconf 79' lang='lat' dir='ltr'>vifio</span> <span class='ocrx_word' id='word_1_296' title='bbox 879 1415 889 1429; x_wconf 93' lang='lat'>,</span> <span class='ocrx_word' id='word_1_297' title='bbox 903 1386 1004 1433; x_wconf 62' lang='lat' dir='ltr'>quirin</span> <span class='ocrx_word' id='word_1_298' title='bbox 1012 1385 1210 1423; x_wconf 84' lang='lat' dir='ltr'>invincibilis</span> <span class='ocrx_word' id='word_1_299' title='bbox 1227 1387 1282 1422; x_wconf 89' lang='lat' dir='ltr'>illa</span> <span class='ocrx_word' id='word_1_300' title='bbox 1293 1387 1437 1425; x_wconf 66' lang='lat' dir='ltr'>delecta-</span> 
     </span>
     <span class='ocr_line' id='line_1_28' title="bbox 53 1434 1437 1483; baseline 0.004 -16"><span class='ocrx_word' id='word_1_301' title='bbox 53 1436 100 1467; x_wconf 89' lang='lat' dir='ltr'>tio</span> <span class='ocrx_word' id='word_1_302' title='bbox 111 1447 176 1480; x_wconf 81' lang='lat' dir='ltr'>qua</span> <span class='ocrx_word' id='word_1_303' title='bbox 190 1447 302 1468; x_wconf 89' lang='lat' dir='ltr'>omnes</span> <span class='ocrx_word' id='word_1_304' title='bbox 320 1437 432 1468; x_wconf 80' lang='lat' dir='ltr'>animae</span> <span class='ocrx_word' id='word_1_305' title='bbox 444 1437 527 1468; x_wconf 88' lang='lat' dir='ltr'>vires</span> <span class='ocrx_word' id='word_1_306' title='bbox 545 1434 738 1481; x_wconf 83' lang='lat' dir='ltr'>implentur,</span> <span class='ocrx_word' id='word_1_307' title='bbox 754 1435 877 1470; x_wconf 87' lang='lat' dir='ltr'>nullum</span> <span class='ocrx_word' id='word_1_308' title='bbox 897 1435 1051 1471; x_wconf 70' lang='lat' dir='ltr'>electioni</span> <span class='ocrx_word' id='word_1_309' title='bbox 1070 1436 1176 1471; x_wconf 86' lang='lat' dir='ltr'>locum</span> <span class='ocrx_word' id='word_1_310' title='bbox 1189 1436 1351 1483; x_wconf 85' lang='lat' dir='ltr'>relinquit.</span> <span class='ocrx_word' id='word_1_311' title='bbox 1368 1440 1437 1473; x_wconf 90' lang='lat' dir='ltr'>Co-</span> 
     </span>
     <span class='ocr_line' id='line_1_29' title="bbox 51 1482 1436 1531; baseline 0.004 -16"><span class='ocrx_word' id='word_1_312' title='bbox 51 1484 157 1529; x_wconf 86' lang='lat' dir='ltr'>gnitio</span> <span class='ocrx_word' id='word_1_313' title='bbox 172 1485 259 1517; x_wconf 90' lang='lat' dir='ltr'>enim</span> <span class='ocrx_word' id='word_1_314' title='bbox 275 1485 481 1529; x_wconf 81' lang='lat' dir='ltr'>quantumvis</span> <span class='ocrx_word' id='word_1_315' title='bbox 500 1483 645 1530; x_wconf 64' lang='lat' dir='ltr'>perfecta</span> <span class='ocrx_word' id='word_1_316' title='bbox 658 1485 693 1518; x_wconf 88' lang='lat' dir='ltr'>in</span> <span class='ocrx_word' id='word_1_317' title='bbox 705 1482 835 1531; x_wconf 65' lang='lat' dir='ltr'>objecta</span> <span class='ocrx_word' id='word_1_318' title='bbox 850 1483 913 1530; x_wconf 83' lang='lat' dir='ltr'>ipsa</span> <span class='ocrx_word' id='word_1_319' title='bbox 929 1496 987 1518; x_wconf 87' lang='lat' dir='ltr'>nos</span> <span class='ocrx_word' id='word_1_320' title='bbox 998 1497 1065 1518; x_wconf 90' lang='lat' dir='ltr'>non</span> <span class='ocrx_word' id='word_1_321' title='bbox 1078 1486 1174 1530; x_wconf 72' lang='lat' dir='ltr'>rapit,</span> <span class='ocrx_word' id='word_1_322' title='bbox 1189 1484 1310 1530; x_wconf 84' lang='lat' dir='ltr'>nosque</span> <span class='ocrx_word' id='word_1_323' title='bbox 1325 1486 1436 1520; x_wconf 86' lang='lat' dir='ltr'>nobis-</span> 
     </span>
     <span class='ocr_line' id='line_1_30' title="bbox 53 1529 1438 1579; baseline 0.004 -15"><span class='ocrx_word' id='word_1_324' title='bbox 53 1529 193 1578; x_wconf 80' lang='lat' dir='ltr'>metipsis</span> <span class='ocrx_word' id='word_1_325' title='bbox 229 1532 399 1579; x_wconf 84' lang='lat' dir='ltr'>permittit.</span> <span class='ocrx_word' id='word_1_326' title='bbox 446 1532 509 1565; x_wconf 84' lang='lat' dir='ltr'>Sed</span> <span class='ocrx_word' id='word_1_327' title='bbox 536 1530 712 1566; x_wconf 61' lang='lat' dir='ltr'>deledkatio</span> <span class='ocrx_word' id='word_1_328' title='bbox 735 1534 877 1567; x_wconf 81' lang='lat' dir='ltr'>animam</span> <span class='ocrx_word' id='word_1_329' title='bbox 914 1534 1030 1566; x_wconf 85' lang='lat' dir='ltr'>intime</span> <span class='ocrx_word' id='word_1_330' title='bbox 1060 1529 1162 1566; x_wconf 83' lang='lat' dir='ltr'>afficit</span> <span class='ocrx_word' id='word_1_331' title='bbox 1176 1560 1185 1573; x_wconf 90' lang='lat'>,</span> <span class='ocrx_word' id='word_1_332' title='bbox 1216 1545 1287 1566; x_wconf 81' lang='lat' dir='ltr'>eam</span> <span class='ocrx_word' id='word_1_333' title='bbox 1309 1534 1438 1569; x_wconf 85' lang='lat' dir='ltr'>modifi-</span> 
     </span>
     <span class='ocr_line' id='line_1_31' title="bbox 51 1579 1436 1629; baseline 0.001 -17"><span class='ocrx_word' id='word_1_334' title='bbox 51 1590 122 1622; x_wconf 77' lang='lat' dir='ltr'>cat3</span> <span class='ocrx_word' id='word_1_335' title='bbox 142 1591 281 1626; x_wconf 82' lang='lat' dir='ltr'>cumque</span> <span class='ocrx_word' id='word_1_336' title='bbox 294 1582 435 1615; x_wconf 78' lang='lat' dir='ltr'>maxima</span> <span class='ocrx_word' id='word_1_337' title='bbox 449 1580 493 1614; x_wconf 88' lang='lat' dir='ltr'>est</span> <span class='ocrx_word' id='word_1_338' title='bbox 506 1608 515 1622; x_wconf 86' lang='lat'>‚</span> <span class='ocrx_word' id='word_1_339' title='bbox 530 1591 565 1614; x_wconf 89' lang='lat' dir='ltr'>ut</span> <span class='ocrx_word' id='word_1_340' title='bbox 575 1582 606 1614; x_wconf 91' lang='lat' dir='ltr'>in</span> <span class='ocrx_word' id='word_1_341' title='bbox 616 1579 720 1614; x_wconf 86' lang='lat' dir='ltr'>beatis</span> <span class='ocrx_word' id='word_1_342' title='bbox 731 1609 741 1623; x_wconf 92' lang='lat'>,</span> <span class='ocrx_word' id='word_1_343' title='bbox 761 1591 905 1616; x_wconf 88' lang='lat' dir='ltr'>amorem</span> <span class='ocrx_word' id='word_1_344' title='bbox 915 1579 1067 1627; x_wconf 56' lang='lat' dir='ltr'>objecti&amp;</span> <span class='ocrx_word' id='word_1_345' title='bbox 1080 1594 1147 1628; x_wconf 88' lang='lat' dir='ltr'>quo</span> <span class='ocrx_word' id='word_1_346' title='bbox 1160 1580 1215 1615; x_wconf 86' lang='lat' dir='ltr'>illa</span> <span class='ocrx_word' id='word_1_347' title='bbox 1233 1581 1364 1629; x_wconf 86' lang='lat' dir='ltr'>profluit</span> <span class='ocrx_word' id='word_1_348' title='bbox 1378 1598 1436 1618; x_wconf 78' lang='lat' dir='ltr'>vo-</span> 
     </span>
     <span class='ocr_line' id='line_1_32' title="bbox 51 1627 1435 1676; baseline 0.004 -15"><span class='ocrx_word' id='word_1_349' title='bbox 51 1627 155 1676; x_wconf 72' lang='lat' dir='ltr'>luptas</span> <span class='ocrx_word' id='word_1_350' title='bbox 169 1657 179 1671; x_wconf 88' lang='lat'><em>,</em></span> <span class='ocrx_word' id='word_1_351' title='bbox 198 1629 386 1663; x_wconf 78' lang='lat' dir='ltr'>naturaliter</span> <span class='ocrx_word' id='word_1_352' title='bbox 405 1635 439 1665; x_wconf 87' lang='lat'>&amp;</span> <span class='ocrx_word' id='word_1_353' title='bbox 451 1627 622 1663; x_wconf 78' lang='lat' dir='ltr'>neceffario</span> <span class='ocrx_word' id='word_1_354' title='bbox 636 1641 795 1676; x_wconf 86' lang='lat' dir='ltr'>procreat.</span> <span class='ocrx_word' id='word_1_355' title='bbox 814 1630 915 1675; x_wconf 75' lang='lat' dir='ltr'>quue</span> <span class='ocrx_word' id='word_1_356' title='bbox 933 1632 1075 1664; x_wconf 69' lang='lat' dir='ltr'>maxime</span> <span class='ocrx_word' id='word_1_357' title='bbox 1092 1642 1164 1665; x_wconf 87' lang='lat' dir='ltr'>cum</span> <span class='ocrx_word' id='word_1_358' title='bbox 1181 1630 1290 1665; x_wconf 83' lang='lat' dir='ltr'>lumen</span> <span class='ocrx_word' id='word_1_359' title='bbox 1302 1635 1435 1667; x_wconf 82' lang='lat' dir='ltr'>rationis</span> 
     </span>
     <span class='ocr_line' id='line_1_33' title="bbox 49 1676 1123 1726; baseline 0.002 -16"><span class='ocrx_word' id='word_1_360' title='bbox 49 1688 125 1712; x_wconf 85' lang='lat' dir='ltr'>cum</span> <span class='ocrx_word' id='word_1_361' title='bbox 140 1688 178 1710; x_wconf 88' lang='lat' dir='ltr'>ea</span> <span class='ocrx_word' id='word_1_362' title='bbox 190 1676 407 1712; x_wconf 59' lang='lat' dir='ltr'>delcetatione&#39;</span> <span class='ocrx_word' id='word_1_363' title='bbox 420 1680 643 1726; x_wconf 76' lang='lat' dir='ltr'>conjungitur:</span> <span class='ocrx_word' id='word_1_364' title='bbox 661 1689 729 1714; x_wconf 87' lang='lat' dir='ltr'>tum</span> <span class='ocrx_word' id='word_1_365' title='bbox 746 1682 836 1712; x_wconf 87' lang='lat' dir='ltr'>enim</span> <span class='ocrx_word' id='word_1_366' title='bbox 849 1678 895 1715; x_wconf 86' lang='lat' dir='ltr'>est</span> <span class='ocrx_word' id='word_1_367' title='bbox 916 1677 1123 1715; x_wconf 85' lang='lat' dir='ltr'>invincibilis.</span> 
     </span>
    </p>

    <p class='ocr_par' dir='ltr' id='par_1_6' title="bbox 48 1725 1439 1909">
     <span class='ocr_line' id='line_1_34' title="bbox 91 1725 1439 1776; baseline 0.004 -18"><span class='ocrx_word' id='word_1_368' title='bbox 91 1726 203 1774; x_wconf 81' lang='lat' dir='ltr'>Qare</span> <span class='ocrx_word' id='word_1_369' title='bbox 214 1726 342 1761; x_wconf 77' lang='lat' dir='ltr'>habitus</span> <span class='ocrx_word' id='word_1_370' title='bbox 353 1739 425 1761; x_wconf 88' lang='lat' dir='ltr'>cum</span> <span class='ocrx_word' id='word_1_371' title='bbox 437 1726 517 1762; x_wconf 88' lang='lat' dir='ltr'>boni</span> <span class='ocrx_word' id='word_1_372' title='bbox 530 1755 540 1769; x_wconf 92' lang='lat'>,</span> <span class='ocrx_word' id='word_1_373' title='bbox 551 1738 622 1762; x_wconf 79' lang='lat' dir='ltr'>tum</span> <span class='ocrx_word' id='word_1_374' title='bbox 639 1725 742 1762; x_wconf 73' lang='lat' dir='ltr'>vitiosi</span> <span class='ocrx_word' id='word_1_375' title='bbox 753 1756 762 1770; x_wconf 95' lang='lat'>,</span> <span class='ocrx_word' id='word_1_376' title='bbox 784 1726 972 1770; x_wconf 69' lang='lat' dir='ltr'>delectatio,</span> <span class='ocrx_word' id='word_1_377' title='bbox 989 1726 1249 1775; x_wconf 81' lang='lat' dir='ltr'>concupiscentia</span> <span class='ocrx_word' id='word_1_378' title='bbox 1261 1757 1271 1771; x_wconf 92' lang='lat'>‚</span> <span class='ocrx_word' id='word_1_379' title='bbox 1291 1730 1358 1763; x_wconf 91' lang='lat' dir='ltr'>imo</span> <span class='ocrx_word' id='word_1_380' title='bbox 1369 1742 1439 1776; x_wconf 71' lang='lat' dir='ltr'>gra-</span> 
     </span>
     <span class='ocr_line' id='line_1_35' title="bbox 52 1773 1436 1823; baseline 0.002 -17"><span class='ocrx_word' id='word_1_381' title='bbox 52 1775 96 1807; x_wconf 83' lang='lat' dir='ltr'>tia</span> <span class='ocrx_word' id='word_1_382' title='bbox 116 1773 180 1821; x_wconf 79' lang='lat' dir='ltr'>ipsa</span> <span class='ocrx_word' id='word_1_383' title='bbox 190 1775 445 1811; x_wconf 59' lang='lat' dir='ltr'>§adiisti-entiam</span> <span class='ocrx_word' id='word_1_384' title='bbox 461 1774 767 1823; x_wconf 79' lang='lat' dir='ltr'>aequilibriipoffiint</span> <span class='ocrx_word' id='word_1_385' title='bbox 792 1788 953 1821; x_wconf 85' lang='lat' dir='ltr'>utcunque</span> <span class='ocrx_word' id='word_1_386' title='bbox 976 1778 1170 1810; x_wconf 80' lang='lat' dir='ltr'>imminuere</span> <span class='ocrx_word' id='word_1_387' title='bbox 1184 1805 1193 1819; x_wconf 81' lang='lat'>‚</span> <span class='ocrx_word' id='word_1_388' title='bbox 1217 1790 1283 1811; x_wconf 88' lang='lat' dir='ltr'>non</span> <span class='ocrx_word' id='word_1_389' title='bbox 1307 1778 1436 1812; x_wconf 78' lang='lat' dir='ltr'>indiffe-</span> 
     </span>
     <span class='ocr_line' id='line_1_36' title="bbox 48 1823 1436 1872; baseline 0.004 -16"><span class='ocrx_word' id='word_1_390' title='bbox 48 1825 187 1858; x_wconf 76' lang='lat' dir='ltr'>rentiam</span> <span class='ocrx_word' id='word_1_391' title='bbox 211 1823 378 1859; x_wconf 70' lang='lat' dir='ltr'>electionis</span> <span class='ocrx_word' id='word_1_392' title='bbox 394 1853 402 1865; x_wconf 95' lang='lat'>‚</span> <span class='ocrx_word' id='word_1_393' title='bbox 418 1837 473 1859; x_wconf 80' lang='lat' dir='ltr'>aut</span> <span class='ocrx_word' id='word_1_394' title='bbox 483 1825 617 1860; x_wconf 84' lang='lat' dir='ltr'>dominii</span> <span class='ocrx_word' id='word_1_395' title='bbox 633 1853 642 1868; x_wconf 82' lang='lat'><em>‚</em></span> <span class='ocrx_word' id='word_1_396' title='bbox 655 1836 709 1858; x_wconf 81' lang='lat' dir='ltr'>aut</span> <span class='ocrx_word' id='word_1_397' title='bbox 729 1827 794 1860; x_wconf 79' lang='lat' dir='ltr'>vim</span> <span class='ocrx_word' id='word_1_398' title='bbox 811 1824 854 1862; x_wconf 79' lang='lat' dir='ltr'>sui</span> <span class='ocrx_word' id='word_1_399' title='bbox 865 1823 955 1872; x_wconf 77' lang='lat' dir='ltr'>ipfius</span> <span class='ocrx_word' id='word_1_400' title='bbox 966 1825 1263 1860; x_wconf 81' lang='lat' dir='ltr'>determinatricem</span> <span class='ocrx_word' id='word_1_401' title='bbox 1277 1825 1354 1860; x_wconf 86' lang='lat' dir='ltr'>:nisi</span> <span class='ocrx_word' id='word_1_402' title='bbox 1365 1826 1436 1861; x_wconf 86' lang='lat' dir='ltr'>for-</span> 
     </span>
     <span class='ocr_line' id='line_1_37' title="bbox 51 1872 501 1909; baseline 0.007 -4"><span class='ocrx_word' id='word_1_403' title='bbox 51 1882 84 1905; x_wconf 87' lang='lat' dir='ltr'>te</span> <span class='ocrx_word' id='word_1_404' title='bbox 103 1872 206 1906; x_wconf 80' lang='lat' dir='ltr'>nullus</span> <span class='ocrx_word' id='word_1_405' title='bbox 225 1872 260 1907; x_wconf 80' lang='lat' dir='ltr'>sit</span> <span class='ocrx_word' id='word_1_406' title='bbox 275 1875 391 1908; x_wconf 67' lang='lat' dir='ltr'>rationi</span> <span class='ocrx_word' id='word_1_407' title='bbox 406 1872 501 1909; x_wconf 74' lang='lat' dir='ltr'>locus.</span> 
     </span>
    </p>

    <p class='ocr_par' dir='ltr' id='par_1_7' title="bbox 49 1919 1435 2357">
     <span class='ocr_line' id='line_1_38' title="bbox 99 1919 1435 1971; baseline 0.004 -17"><span class='ocrx_word' id='word_1_408' title='bbox 99 1922 153 1954; x_wconf 84' lang='lat' dir='ltr'>Sic</span> <span class='ocrx_word' id='word_1_409' title='bbox 172 1921 300 1957; x_wconf 85' lang='lat' dir='ltr'>habitus</span> <span class='ocrx_word' id='word_1_410' title='bbox 318 1921 466 1966; x_wconf 85' lang='lat' dir='ltr'>honesti,</span> <span class='ocrx_word' id='word_1_411' title='bbox 483 1928 517 1959; x_wconf 86' lang='lat'>&amp;</span> <span class='ocrx_word' id='word_1_412' title='bbox 534 1919 638 1971; x_wconf 78' lang='lat' dir='ltr'>‘gratia</span> <span class='ocrx_word' id='word_1_413' title='bbox 657 1921 721 1970; x_wconf 74' lang='lat' dir='ltr'>ipsa</span> <span class='ocrx_word' id='word_1_414' title='bbox 733 1952 742 1966; x_wconf 91' lang='lat'>,</span> <span class='ocrx_word' id='word_1_415' title='bbox 757 1934 792 1957; x_wconf 90' lang='lat' dir='ltr'>ut</span> <span class='ocrx_word' id='word_1_416' title='bbox 815 1921 1037 1958; x_wconf 84' lang='lat' dir='ltr'>neceffitatem</span> <span class='ocrx_word' id='word_1_417' title='bbox 1059 1922 1222 1970; x_wconf 85' lang='lat' dir='ltr'>quandam</span> <span class='ocrx_word' id='word_1_418' title='bbox 1250 1923 1435 1969; x_wconf 80' lang='lat' dir='ltr'>Moralem,</span> 
     </span>
     <span class='ocr_line' id='line_1_39' title="bbox 49 1967 1435 2019; baseline 0.002 -14"><span class='ocrx_word' id='word_1_419' title='bbox 49 1981 117 2005; x_wconf 85' lang='lat' dir='ltr'>non</span> <span class='ocrx_word' id='word_1_420' title='bbox 136 1970 281 2019; x_wconf 80' lang='lat' dir='ltr'>Phycam</span> <span class='ocrx_word' id='word_1_421' title='bbox 304 1967 440 2006; x_wconf 74' lang='lat' dir='ltr'>afferant</span> <span class='ocrx_word' id='word_1_422' title='bbox 456 2001 466 2015; x_wconf 90' lang='lat'>,</span> <span class='ocrx_word' id='word_1_423' title='bbox 481 1985 547 2008; x_wconf 88' lang='lat' dir='ltr'>non</span> <span class='ocrx_word' id='word_1_424' title='bbox 567 1972 688 2007; x_wconf 83' lang='lat' dir='ltr'>idcirco</span> <span class='ocrx_word' id='word_1_425' title='bbox 713 1971 966 2007; x_wconf 83' lang='lat' dir='ltr'>indifferentiam</span> <span class='ocrx_word' id='word_1_426' title='bbox 996 1972 1174 2007; x_wconf 85' lang='lat' dir='ltr'>voluntatis</span> <span class='ocrx_word' id='word_1_427' title='bbox 1198 1971 1318 2007; x_wconf 89' lang='lat' dir='ltr'>tollunt</span> <span class='ocrx_word' id='word_1_428' title='bbox 1333 2001 1343 2015; x_wconf 90' lang='lat'>,</span> <span class='ocrx_word' id='word_1_429' title='bbox 1360 1972 1381 2008; x_wconf 83' lang='lat' dir='ltr'>[i</span> <span class='ocrx_word' id='word_1_430' title='bbox 1394 1986 1435 2008; x_wconf 82' lang='lat' dir='ltr'>ea</span> 
     </span>
     <span class='ocr_line' id='line_1_40' title="bbox 49 2018 1434 2069; baseline 0.004 -19"><span class='ocrx_word' id='word_1_431' title='bbox 49 2019 176 2054; x_wconf 79' lang='lat' dir='ltr'>ratione</span> <span class='ocrx_word' id='word_1_432' title='bbox 188 2020 326 2056; x_wconf 75' lang='lat' dir='ltr'>dominii</span> <span class='ocrx_word' id='word_1_433' title='bbox 340 2018 510 2069; x_wconf 88' lang='lat' dir='ltr'>spectetur.</span> <span class='ocrx_word' id='word_1_434' title='bbox 529 2024 567 2056; x_wconf 84' lang='lat' dir='ltr'>Et</span> <span class='ocrx_word' id='word_1_435' title='bbox 581 2021 717 2068; x_wconf 86' lang='lat' dir='ltr'>quidem</span> <span class='ocrx_word' id='word_1_436' title='bbox 731 2034 803 2057; x_wconf 83' lang='lat' dir='ltr'>cum</span> <span class='ocrx_word' id='word_1_437' title='bbox 828 2020 1049 2056; x_wconf 83' lang='lat' dir='ltr'>indifferentia</span> <span class='ocrx_word' id='word_1_438' title='bbox 1071 2022 1197 2056; x_wconf 79' lang='lat' dir='ltr'>ratione</span> <span class='ocrx_word' id='word_1_439' title='bbox 1224 2019 1267 2054; x_wconf 85' lang='lat' dir='ltr'>sui</span> <span class='ocrx_word' id='word_1_440' title='bbox 1289 2021 1434 2057; x_wconf 87' lang='lat' dir='ltr'>defectus</span> 
     </span>
     <span class='ocr_line' id='line_1_41' title="bbox 49 2064 1434 2118; baseline 0.002 -16"><span class='ocrx_word' id='word_1_441' title='bbox 49 2064 207 2114; x_wconf 80' lang='lat' dir='ltr'>spectatur</span> <span class='ocrx_word' id='word_1_442' title='bbox 218 2097 227 2111; x_wconf 89' lang='lat'>‚</span> <span class='ocrx_word' id='word_1_443' title='bbox 241 2071 328 2117; x_wconf 85' lang='lat' dir='ltr'>quod</span> <span class='ocrx_word' id='word_1_444' title='bbox 351 2071 505 2105; x_wconf 88' lang='lat' dir='ltr'>nimirum</span> <span class='ocrx_word' id='word_1_445' title='bbox 524 2069 675 2105; x_wconf 85' lang='lat' dir='ltr'>voluntas</span> <span class='ocrx_word' id='word_1_446' title='bbox 691 2083 826 2118; x_wconf 84' lang='lat' dir='ltr'>peccare</span> <span class='ocrx_word' id='word_1_447' title='bbox 841 2069 934 2118; x_wconf 80' lang='lat' dir='ltr'>possit</span> <span class='ocrx_word' id='word_1_448' title='bbox 948 2099 958 2113; x_wconf 89' lang='lat'>,</span> <span class='ocrx_word' id='word_1_449' title='bbox 973 2083 1040 2105; x_wconf 90' lang='lat' dir='ltr'>non</span> <span class='ocrx_word' id='word_1_450' title='bbox 1057 2069 1192 2104; x_wconf 82' lang='lat' dir='ltr'>dubium</span> <span class='ocrx_word' id='word_1_451' title='bbox 1210 2069 1257 2103; x_wconf 89' lang='lat' dir='ltr'>est</span> <span class='ocrx_word' id='word_1_452' title='bbox 1275 2073 1353 2117; x_wconf 87' lang='lat' dir='ltr'>quin</span> <span class='ocrx_word' id='word_1_453' title='bbox 1373 2070 1434 2105; x_wconf 90' lang='lat' dir='ltr'>bo-</span> 
     </span>
     <span class='ocr_line' id='line_1_42' title="bbox 52 2114 1434 2167; baseline 0.001 -19"><span class='ocrx_word' id='word_1_454' title='bbox 52 2116 86 2149; x_wconf 91' lang='lat' dir='ltr'>ni</span> <span class='ocrx_word' id='word_1_455' title='bbox 99 2114 225 2151; x_wconf 81' lang='lat' dir='ltr'>habitus</span> <span class='ocrx_word' id='word_1_456' title='bbox 244 2130 315 2154; x_wconf 80' lang='lat' dir='ltr'>eam</span> <span class='ocrx_word' id='word_1_457' title='bbox 339 2118 586 2166; x_wconf 82' lang='lat' dir='ltr'>quodammodo</span> <span class='ocrx_word' id='word_1_458' title='bbox 607 2121 804 2154; x_wconf 80' lang='lat' dir='ltr'>imminuant</span> <span class='ocrx_word' id='word_1_459' title='bbox 835 2134 844 2155; x_wconf 77' lang='lat' dir='ltr'>t</span> <span class='ocrx_word' id='word_1_460' title='bbox 863 2132 936 2154; x_wconf 88' lang='lat' dir='ltr'>cum</span> <span class='ocrx_word' id='word_1_461' title='bbox 953 2121 976 2153; x_wconf 92' lang='lat' dir='ltr'>ii</span> <span class='ocrx_word' id='word_1_462' title='bbox 994 2121 1120 2167; x_wconf 83' lang='lat' dir='ltr'>peccati</span> <span class='ocrx_word' id='word_1_463' title='bbox 1146 2118 1257 2152; x_wconf 90' lang='lat' dir='ltr'>odium</span> <span class='ocrx_word' id='word_1_464' title='bbox 1285 2124 1319 2154; x_wconf 66' lang='grc' dir='ltr'>ἃ·</span> <span class='ocrx_word' id='word_1_465' title='bbox 1341 2132 1434 2159; x_wconf 85' lang='lat' dir='ltr'>aver-</span> 
     </span>
     <span class='ocr_line' id='line_1_43' title="bbox 52 2160 1434 2216; baseline 0.005 -19"><span class='ocrx_word' id='word_1_466' title='bbox 52 2160 170 2199; x_wconf 83' lang='lat' dir='ltr'>sionem</span> <span class='ocrx_word' id='word_1_467' title='bbox 181 2178 363 2214; x_wconf 82' lang='lat' dir='ltr'>procreent.</span> <span class='ocrx_word' id='word_1_468' title='bbox 379 2170 422 2203; x_wconf 86' lang='lat' dir='ltr'>At</span> <span class='ocrx_word' id='word_1_469' title='bbox 437 2167 458 2203; x_wconf 78' lang='lat' dir='ltr'>sl</span> <span class='ocrx_word' id='word_1_470' title='bbox 476 2167 547 2204; x_wconf 86' lang='lat' dir='ltr'>finis</span> <span class='ocrx_word' id='word_1_471' title='bbox 561 2167 626 2214; x_wconf 81' lang='lat' dir='ltr'>ipse</span> <span class='ocrx_word' id='word_1_472' title='bbox 641 2166 822 2215; x_wconf 87' lang='lat' dir='ltr'>spectetur,</span> <span class='ocrx_word' id='word_1_473' title='bbox 854 2180 985 2216; x_wconf 87' lang='lat' dir='ltr'>propter</span> <span class='ocrx_word' id='word_1_474' title='bbox 1003 2181 1103 2215; x_wconf 88' lang='lat' dir='ltr'>quem</span> <span class='ocrx_word' id='word_1_475' title='bbox 1138 2166 1191 2200; x_wconf 84' lang='lat' dir='ltr'>illa</span> <span class='ocrx_word' id='word_1_476' title='bbox 1214 2167 1434 2204; x_wconf 81' lang='lat' dir='ltr'>indifferentia</span> 
     </span>
     <span class='ocr_line' id='line_1_44' title="bbox 54 2209 1434 2266; baseline 0.005 -22"><span class='ocrx_word' id='word_1_477' title='bbox 54 2209 178 2247; x_wconf 88' lang='lat' dir='ltr'>homini</span> <span class='ocrx_word' id='word_1_478' title='bbox 195 2216 338 2251; x_wconf 63' lang='lat' dir='ltr'>conce-isa</span> <span class='ocrx_word' id='word_1_479' title='bbox 353 2218 395 2251; x_wconf 86' lang='lat' dir='ltr'>est</span> <span class='ocrx_word' id='word_1_480' title='bbox 410 2246 418 2260; x_wconf 89' lang='lat'>‚</span> <span class='ocrx_word' id='word_1_481' title='bbox 434 2228 502 2252; x_wconf 88' lang='lat' dir='ltr'>tum</span> <span class='ocrx_word' id='word_1_482' title='bbox 517 2216 702 2251; x_wconf 73' lang='lat' dir='ltr'>libertatem</span> <span class='ocrx_word' id='word_1_483' title='bbox 723 2217 860 2252; x_wconf 89' lang='lat' dir='ltr'>hominis</span> <span class='ocrx_word' id='word_1_484' title='bbox 885 2218 969 2251; x_wconf 89' lang='lat' dir='ltr'>adeo</span> <span class='ocrx_word' id='word_1_485' title='bbox 996 2230 1062 2252; x_wconf 85' lang='lat' dir='ltr'>non</span> <span class='ocrx_word' id='word_1_486' title='bbox 1087 2217 1233 2250; x_wconf 86' lang='lat' dir='ltr'>minuunt</span> <span class='ocrx_word' id='word_1_487' title='bbox 1247 2244 1257 2258; x_wconf 85' lang='lat'>‚</span> <span class='ocrx_word' id='word_1_488' title='bbox 1275 2228 1311 2251; x_wconf 82' lang='lat' dir='ltr'>nt</span> <span class='ocrx_word' id='word_1_489' title='bbox 1333 2220 1434 2266; x_wconf 77' lang='lat' dir='ltr'>magis</span> 
     </span>
     <span class='ocr_line' id='line_1_45' title="bbox 54 2262 1435 2307; baseline 0.006 -13"><span class='ocrx_word' id='word_1_490' title='bbox 54 2270 127 2293; x_wconf 80' lang='lat' dir='ltr'>earn</span> <span class='ocrx_word' id='word_1_491' title='bbox 143 2262 328 2307; x_wconf 66' lang='lat' dir='ltr'>perficiant-t</span> <span class='ocrx_word' id='word_1_492' title='bbox 346 2267 420 2301; x_wconf 77' lang='lat' dir='ltr'>data</span> <span class='ocrx_word' id='word_1_493' title='bbox 433 2268 519 2301; x_wconf 84' lang='lat' dir='ltr'>enim</span> <span class='ocrx_word' id='word_1_494' title='bbox 531 2265 576 2299; x_wconf 91' lang='lat' dir='ltr'>illi</span> <span class='ocrx_word' id='word_1_495' title='bbox 590 2265 653 2299; x_wconf 85' lang='lat' dir='ltr'>fuit</span> <span class='ocrx_word' id='word_1_496' title='bbox 672 2277 707 2300; x_wconf 88' lang='lat' dir='ltr'>ut</span> <span class='ocrx_word' id='word_1_497' title='bbox 722 2268 879 2301; x_wconf 86' lang='lat' dir='ltr'>virtutem</span> <span class='ocrx_word' id='word_1_498' title='bbox 892 2266 980 2300; x_wconf 79' lang='lat' dir='ltr'>colat</span> <span class='ocrx_word' id='word_1_499' title='bbox 994 2280 1000 2301; x_wconf 88' lang='lat'>:</span> <span class='ocrx_word' id='word_1_500' title='bbox 1012 2278 1049 2299; x_wconf 85' lang='lat' dir='ltr'>ac</span> <span class='ocrx_word' id='word_1_501' title='bbox 1066 2265 1146 2299; x_wconf 90' lang='lat' dir='ltr'>boni</span> <span class='ocrx_word' id='word_1_502' title='bbox 1165 2263 1295 2299; x_wconf 73' lang='lat' dir='ltr'>habitus</span> <span class='ocrx_word' id='word_1_503' title='bbox 1316 2278 1435 2302; x_wconf 87' lang='lat' dir='ltr'>concu-</span> 
     </span>
     <span class='ocr_line' id='line_1_46' title="bbox 53 2306 574 2357; baseline 0.012 -16"><span class='ocrx_word' id='word_1_504' title='bbox 53 2306 210 2355; x_wconf 80' lang='lat' dir='ltr'>piscentiae</span> <span class='ocrx_word' id='word_1_505' title='bbox 225 2314 346 2357; x_wconf 83' lang='lat' dir='ltr'>pondus</span> <span class='ocrx_word' id='word_1_506' title='bbox 370 2316 574 2352; x_wconf 79' lang='lat' dir='ltr'>imminuunt.</span> 
     </span>
    </p>

    <p class='ocr_par' dir='ltr' id='par_1_8' title="bbox 88 2357 1437 2413">
     <span class='ocr_line' id='line_1_47' title="bbox 88 2357 1437 2413; baseline 0.007 -23"><span class='ocrx_word' id='word_1_507' title='bbox 88 2357 168 2391; x_wconf 91' lang='lat' dir='ltr'>Non</span> <span class='ocrx_word' id='word_1_508' title='bbox 187 2358 340 2399; x_wconf 82' lang='lat' dir='ltr'>diffimilis</span> <span class='ocrx_word' id='word_1_509' title='bbox 358 2364 405 2398; x_wconf 87' lang='lat' dir='ltr'>est</span> <span class='ocrx_word' id='word_1_510' title='bbox 415 2365 495 2398; x_wconf 78' lang='lat' dir='ltr'>ratio</span> <span class='ocrx_word' id='word_1_511' title='bbox 510 2377 683 2413; x_wconf 75' lang='lat' dir='ltr'>pravorum</span> <span class='ocrx_word' id='word_1_512' title='bbox 702 2364 871 2400; x_wconf 72' lang='lat' dir='ltr'>habituum</span> <span class='ocrx_word' id='word_1_513' title='bbox 883 2393 893 2408; x_wconf 83' lang='lat'>,</span> <span class='ocrx_word' id='word_1_514' title='bbox 906 2368 938 2401; x_wconf 87' lang='lat'>&amp;</span> <span class='ocrx_word' id='word_1_515' title='bbox 953 2363 1042 2413; x_wconf 73' lang='lat' dir='ltr'>ipsius</span> <span class='ocrx_word' id='word_1_516' title='bbox 1059 2363 1331 2412; x_wconf 65' lang='lat' dir='ltr'>concupiscentiae.</span> <span class='ocrx_word' id='word_1_517' title='bbox 1355 2366 1437 2402; x_wconf 87' lang='lat' dir='ltr'>Non</span> 
     </span>
    </p>

    <p class='ocr_par' dir='ltr' id='par_1_9' title="bbox 1166 2415 1274 2463">
     <span class='ocr_line' id='line_1_48' title="bbox 1166 2415 1274 2463; baseline -0.028 -15"><span class='ocrx_word' id='word_1_518' title='bbox 1166 2415 1213 2462; x_wconf 89' lang='lat' dir='ltr'>Pp</span> <span class='ocrx_word' id='word_1_519' title='bbox 1242 2415 1274 2463; x_wconf 79' lang='lat' dir='ltr'>iij</span> 
     </span>
    </p>
   </div>
  </div>
 </body>
</html>
