1857 2745
454 123 521 159 DE
557 120 1096 158 PRAEDICAMENTIS
1426 135 1470 157 τ’

109 175 229 218 dentia,
243 181 297 209 aut
305 181 508 221 quocumque
525 170 589 206 alio
605 171 739 207 nomine
751 168 892 219 designes
904 198 915 214 ,
934 170 1000 206 haec
1017 172 1066 205 tei
1090 168 1187 205 alicui
1215 168 1317 205 insunt
1327 199 1338 215 ,
1352 181 1421 219 quae
1438 138 1475 205 121}

108 225 238 261 mutatis
249 223 363 258 eadem
378 232 546 270 permanet
564 234 573 255 ι
602 232 674 256 curn
696 221 730 254 in
746 219 776 254 se
791 218 923 262 existat,
945 232 1012 254 non
1024 221 1058 255 in
1072 218 1150 254 alio.

143 273 286 322 Opponet
302 271 435 318 aliquis.
454 271 649 306 Humanitas
670 267 788 303 Christi
804 269 847 304 est
861 267 1055 304 substantia:
1079 266 1131 302 sed
1149 279 1205 316 pet
1223 265 1253 301 se
1271 279 1338 304 non
1357 268 1478 304 existit:

106 334 180 358 cum
192 324 224 356 in
236 318 339 356 vexbo
356 320 468 355 divino
482 317 639 354 subsistat:
662 329 739 366 ergo
758 315 927 353 substantia
945 316 1030 353 male
1048 315 1200 352 definitur
1217 328 1270 351 ens
1284 329 1342 364 per
1355 316 1385 352 se
1403 315 1478 352 sub-

106 370 226 406 fistens.

142 419 227 465 Resp.
239 416 409 463 Dist.min.
425 419 618 454 Humanitas
632 417 818 465 Christipet
836 415 866 452 se
884 428 950 452 non
960 413 1110 457 subsistit,
1120 414 1154 448 id
1166 414 1252 449 estin
1262 417 1390 462 proptia
1401 413 1473 449 sub-

104 466 243 504 sistentia
255 494 265 508 ,
291 467 333 502 C.
348 479 414 502 non
426 466 557 502 subsistit
568 469 600 502 in
617 465 718 501 verbo
731 467 862 510 divino,
880 465 900 501 ὲ
911 477 977 513 quo
990 464 1038 498 est
1053 461 1205 512 affumpta
1216 492 1225 505 ‚
1249 468 1282 499 &
1299 468 1382 509 quus
1401 476 1475 511 pro.

105 518 175 564 ptie
184 515 249 558 est,
267 518 312 555 N.
330 528 436 563 neque
450 519 536 551 enim
555 515 605 550 est
624 518 657 550 in
677 515 741 550 alio
763 512 918 562 tanquam
939 516 972 548 in
994 511 1148 559 subjecto·
1175 512 1274 547 Unde
1296 512 1476 547 humanitas

104 564 303 600 Christitam
320 564 362 598 est
379 564 547 600 substantia
561 576 617 613 pet
632 564 661 599 se
671 563 828 599 subsistens
839 593 849 607 ,
867 575 965 610 quam
979 563 1094 608 quaevis
1105 561 1188 595 alia:
1208 561 1283 595 licet
1303 563 1390 596 enim
1410 574 1477 596 non

105 612 228 649 habeat
237 615 400 662 propriam
411 612 662 657 subsistentiam,
679 612 731 648 seu
745 611 1002 662 personalitatem
1013 639 1022 654 ,
1044 610 1142 645 habet
1158 620 1265 645 tamen
1278 608 1335 644 fibi
1348 639 1358 653 ‚
1382 622 1418 644 ut
1429 610 1478 644 lo-

106 673 264 709 quuntur,
284 674 554 712 appropriatam,
580 661 634 698 seu
656 674 800 712 aptatam
816 676 831 698 ε,
855 673 968 697 verum
1009 659 1068 694 ista
1087 659 1130 694 ad
1152 658 1341 708 Theologos
1368 663 1478 693 remit-

106 722 213 746 timus.

134 757 350 794 Substantiam
360 760 547 795 Aristoteles
558 763 592 796 in
598 763 738 809 primam
751 764 785 796 &
796 758 966 793 secundam
976 759 1113 806 partitur
1130 771 1139 793 τ
1166 757 1221 792 illa
1245 757 1292 792 est
1306 755 1485 806 lingulam,

103 820 172 855 quae
183 819 290 854 neque
304 808 350 842 est
362 811 394 843 in
404 807 544 856 subjeeio
559 839 568 854 ‚
588 812 640 844 cui
656 809 807 844 inhaereat
821 836 831 851 ‚
852 819 958 854 neque
973 808 1014 840 de
1030 806 1175 854 subje&o
1193 807 1328 850 dicitut,
1355 818 1391 841 ut
1408 804 1476 840 sub·

103 857 217 892 stantia
227 856 363 892 secunda
376 886 386 901 ‚
404 869 475 905 quae
497 859 539 892 est
554 857 737 894 universalis
750 887 759 901 ‚
777 868 910 904 quaeque
922 868 1040 904 genera
1057 861 1090 892 &
1107 855 1224 904 species
1239 855 1478 904 complectitur,

102 917 139 940 ac
148 905 188 939 de
204 903 346 953 subjedh)
356 934 366 949 ,
383 918 502 954 nempe
513 906 732 942 attributionis
750 906 933 954 ptaedicatur
954 918 961 940 :
984 916 1019 938 ut
1040 904 1142 939 homo
1150 905 1190 939 de
1207 907 1305 940 Petro
1318 910 1351 940 ὅ(
1369 903 1478 940 Paulo.

105 952 289 988 Substantia
312 953 470 1003 singularis
492 957 594 1007 prima
611 957 745 998 dicitur,
769 954 854 1001 quod
873 953 919 987 illi
934 952 1099 989 existentia
1115 955 1266 1001 primario
1282 955 1474 996 conveniat,

104 1014 170 1037 non
185 1000 559 1047 substantiaeunivetlali,
578 1017 646 1051 quae
655 1017 720 1039 non
737 1004 840 1038 existit
851 1001 906 1036 nisi
919 1004 951 1036 in
959 1000 1177 1049 singularibus.
1198 1004 1285 1037 Hinc
1299 1002 1394 1036 docet
1406 1003 1478 1036 Ati-

106 1049 254 1093 stoteles,
272 1050 399 1086 sublatis
415 1054 523 1103 primis
539 1051 721 1087 substantiis
738 1051 808 1086 tolli
825 1052 934 1084 omnia
949 1063 958 1084 τ
979 1050 1027 1084 his
1046 1052 1135 1084 enim
1148 1049 1277 1085 sublatis
1293 1061 1352 1084 nec
1373 1061 1478 1084 rema-

102 1110 183 1134 nent
191 1098 330 1134 secundae
339 1099 519 1135 substantiae
531 1128 540 1143 ,
559 1113 632 1148 quae
640 1114 706 1136 non
715 1100 856 1134 existunt
870 1097 925 1133 nisi
935 1110 992 1145 pei·
1007 1099 1124 1146 primas
1134 1127 1143 1141 ,
1162 1109 1218 1132 aut
1232 1097 1395 1147 ”iugulates
1405 1098 1478 1133 sub-

103 1147 227 1182 stantias
241 1165 250 1191 ·‚
268 1161 373 1196 neque
386 1150 566 1184 accidentia
579 1179 588 1192 ‚
605 1162 674 1197 quae
688 1163 754 1184 non
765 1147 907 1183 existunt
923 1146 978 1182 nisi
991 1149 1023 1181 in
1039 1145 1229 1183 substantia..

145 1194 323 1232 Substantia
339 1201 439 1233 etiam
456 1198 559 1233 dividi
576 1198 698 1233 soletin
709 1197 907 1246 completam
925 1226 934 1239 ‚
950 1201 987 1232 &
1001 1195 1255 1243 incompletarm
1276 1194 1330 1229 illa
1343 1195 1386 1229 est
1404 1208 1476 1244 per-

102 1244 211 1288 secia,
225 1243 286 1281 five
299 1245 335 1281 fit
345 1246 550 1282 effennalitet
568 1247 729 1296 completa
739 1277 749 1291 ,
774 1252 806 1284 ἂι
822 1244 941 1280 habeat
951 1245 983 1279 id
998 1256 1095 1279 omne
1109 1245 1196 1292 quod
1216 1245 1259 1280 est
1273 1242 1476 1279 neceffarium

103 1294 144 1328 ad
154 1305 300 1330 naturam
310 1295 526 1345 completam:
540 1307 576 1331 ut
592 1296 692 1331 homo
705 1325 715 1339 ,
739 1298 796 1343 qui
815 1294 940 1330 constat
953 1306 995 1329 ex
1011 1305 1146 1341 corpore
1165 1298 1198 1330 &
1211 1297 1317 1328 anima
1334 1295 1475 1328 rationa-

102 1341 149 1386 li;
169 1341 233 1378 sive
247 1342 283 1379 sit
292 1344 407 1380 ultimo
420 1345 583 1394 completa
598 1348 630 1381 in
655 1348 778 1380 tatione
801 1341 966 1392 suppositi,
989 1354 1030 1377 ut.
1047 1343 1178 1385 Petrus,
1206 1344 1260 1390 qui
1287 1341 1377 1376 alteri
1406 1353 1477 1377 tan-

102 1403 200 1438 quam
220 1391 249 1426 su
274 1393 377 1441 posito
395 1397 626 1429 communicati
642 1407 708 1430 non
720 1393 825 1443 potest
847 1407 854 1428 ε
880 1392 1029 1427 ultimum
1054 1390 1132 1427 vero
1156 1391 1236 1426 illud
1252 1391 1476 1439 complemen-

103 1451 173 1474 tum
186 1439 241 1474 sub
256 1442 383 1477 istentia
394 1443 506 1477 dicitur
515 1471 524 1485 ,
548 1455 582 1477 ut
595 1446 628 1477 in
640 1440 862 1490 Metaphysica
874 1440 963 1475 fufius
978 1452 1182 1488 exponemus,
1192 1442 1268 1475 Hoc
1281 1440 1414 1487 quidem
1427 1440 1475 1474 lo-

102 1499 142 1521 co
160 1487 384 1525 subsistentiam
394 1491 462 1526 usur
487 1503 573 1524 arnus
587 1503 646 1537 pro
659 1491 912 1538 independentia
927 1490 948 1524 ἐι
966 1487 1108 1536 subjecto
1123 1487 1295 1523 inhaefionis
1314 1502 1322 1523 :
1340 1489 1424 1522 unde
1442 1493 1477 1524 &c

104 1534 252 1570 definitur
265 1549 320 1572 ens
339 1551 395 1586 pet
414 1538 444 1572 se
461 1503 618 1573 &absistens
630 1567 641 1582 ,
661 1538 724 1574 sive
737 1550 774 1572 ea
793 1537 828 1571 sit
845 1536 1161 1586 completautliomo
1174 1564 1182 1578 ‚
1203 1535 1266 1570 five
1280 1535 1477 1584 incompleta

104 1595 141 1618 ut
165 1586 278 1619 anima·
289 1586 472 1623 rationalis„

136 1631 317 1669 Substantia
329 1648 439 1671 autem
453 1635 650 1685 incompleta
660 1666 669 1680 ‚
692 1635 746 1670 s'eu
757 1632 951 1682 imperfecta
965 1661 974 1676 ‚
1000 1633 1054 1669 vel
1069 1630 1111 1666 est
1125 1632 1323 1680 incompleta
1338 1631 1476 1668 effentia-

102 1678 195 1724 liter,
221 1680 273 1716 seu
293 1684 327 1719 in
345 1687 470 1719 ratione
487 1696 607 1719 naturae
620 1702 629 1728 ·‚
642 1697 715 1719 cum
735 1682 858 1718 scilicet
871 1693 940 1729 pars
957 1681 999 1716 est
1011 1692 1130 1718 natutae
1144 1680 1332 1729 completae,
1358 1694 1394 1716 ut
1405 1685 1475 1717 ani-

103 1741 157 1762 ma
169 1729 325 1774 huniana3
343 1733 395 1767 vel
411 1736 442 1768 in
457 1736 581 1769 ratione
596 1732 765 1782 suppositi,
788 1744 862 1766 cum
879 1729 995 1765 scilicet
1011 1744 1078 1766 non
1095 1727 1196 1764 habet
1221 1729 1369 1765 ultimum
1386 1744 1478 1765 com-

101 1777 305 1824 plementum
322 1780 547 1828 substantiale,
563 1781 616 1818 seu
627 1781 863 1824 subsistentiam,
880 1791 915 1814 ut
935 1780 1043 1815 anima
1059 1777 1222 1814 rationalis
1240 1779 1261 1813 a.
1272 1791 1406 1827 corpote
1428 1779 1486 1813 se,

106 1837 235 1873 patara..

556 1894 927 1951 A‘RTICULUS
976 1913 992 1945 1
1011 1912 1039 1945 r.

495 2009 566 2058 Qae
579 2010 647 2057 fint
665 2010 878 2058 proprietates
888 2007 1078 2056 fhbstantiae.

107 2128 296 2212 SFquitut
309 2136 344 2160 ut
355 2134 434 2171 quas
447 2122 540 2158 affert
551 2122 761 2170 Philosophus
776 2122 953 2159 substantiae
963 2124 1172 2171 proprietates
1186 2151 1195 2165 ‚
1218 2120 1361 2156 breviter
1378 2118 1478 2168 expli-

164 2187 270 2209 cemus
287 2189 294 2211 :
311 2187 385 2209 nam
408 2177 441 2209 ὃς
458 2171 627 2208 intellectu
642 2171 711 2206 sunt
724 2172 832 2206 faciles
843 2202 853 2216 ‚
874 2185 933 2207 nec
949 2174 992 2206 de
1007 2174 1042 2206 iis
1062 2171 1199 2206 multum
1219 2171 1477 2205 controvertitur.

106 2225 212 2258 Prima
226 2224 269 2257 est
280 2236 350 2270 quse
363 2224 497 2258 omni&
508 2220 566 2255 soli
579 2220 744 2269 &semper
764 2224 939 2264 convenit,
956 2233 992 2256 ut
1005 2234 1071 2255 non
1087 2219 1122 2254 sit
1137 2222 1168 2254 in
1187 2218 1330 2267 subjecto
1353 2221 1363 2263 (
1380 2217 1478 2251 inhae-

107 2269 198 2306 sionis
212 2272 394 2314 videlicet.)
409 2272 498 2306 Nam
512 2268 683 2304 substantia
701 2268 835 2305 secunda
846 2271 932 2305 estin
947 2272 1068 2316 prima,
1083 2280 1118 2304 ut
1133 2270 1166 2304 in
1181 2267 1323 2315 subjecto
1344 2265 1478 2302 attribu-

103 2320 227 2363 tionis,
247 2321 287 2355 de
306 2332 371 2368 quo
405 2318 557 2355 videlicet
585 2313 791 2356 essentialiter
817 2319 1016 2368 praedicatur.
1205 2366 1271 2413 Q·

1264 2377 1283 2412 ¹l
