<?xml version="1.0" encoding="UTF-8"?>
<!DOCTYPE html PUBLIC "-//W3C//DTD XHTML 1.0 Transitional//EN"
    "http://www.w3.org/TR/xhtml1/DTD/xhtml1-transitional.dtd">
<html xmlns="http://www.w3.org/1999/xhtml" xml:lang="en" lang="en">
 <head>
  <title>
</title>
<meta http-equiv="Content-Type" content="text/html;charset=utf-8" />
  <meta name='ocr-system' content='tesseract 3.04.00' />
  <meta name='ocr-capabilities' content='ocr_page ocr_carea ocr_par ocr_line ocrx_word'/>
</head>
<body>
  <div class='ocr_page' id='page_1' title='image "./philosophiavetus01duhauoft_0475.png"; bbox 0 0 1857 2745; ppageno 0'>
   <div class='ocr_carea' id='block_1_1' title="bbox 32 135 1486 2424">
    <p class='ocr_par' dir='ltr' id='par_1_1' title="bbox 431 135 1484 175">
     <span class='ocr_line' id='line_1_1' title="bbox 431 135 1484 175; baseline -0.002 -1"><span class='ocrx_word' id='word_1_1' title='bbox 431 137 789 174; x_wconf 81' lang='lat' dir='ltr'>TRACTATUS</span> <span class='ocrx_word' id='word_1_2' title='bbox 849 135 1110 175; x_wconf 64' lang='lat' dir='ltr'>PRIMUS.</span> <span class='ocrx_word' id='word_1_3' title='bbox 1465 157 1484 168; x_wconf 59' lang='grc' dir='ltr'>-ν</span> 
     </span>
    </p>

    <p class='ocr_par' dir='ltr' id='par_1_2' title="bbox 84 154 1485 286">
     <span class='ocr_line' id='line_1_2' title="bbox 84 154 1485 236; baseline -0.003 -12"><span class='ocrx_word' id='word_1_4' title='bbox 84 190 166 232; x_wconf 69' lang='grc' dir='ltr'>-Ώὰῑ,</span> <span class='ocrx_word' id='word_1_5' title='bbox 179 199 294 224; x_wconf 83' lang='lat' dir='ltr'>contra</span> <span class='ocrx_word' id='word_1_6' title='bbox 308 188 494 225; x_wconf 82' lang='lat' dir='ltr'>Nestorium</span> <span class='ocrx_word' id='word_1_7' title='bbox 506 199 607 222; x_wconf 88' lang='lat' dir='ltr'>unam</span> <span class='ocrx_word' id='word_1_8' title='bbox 619 186 681 223; x_wconf 84' lang='lat' dir='ltr'>effe</span> <span class='ocrx_word' id='word_1_9' title='bbox 692 190 724 223; x_wconf 90' lang='lat' dir='ltr'>in</span> <span class='ocrx_word' id='word_1_10' title='bbox 733 186 866 222; x_wconf 88' lang='lat' dir='ltr'>Christo</span> <span class='ocrx_word' id='word_1_11' title='bbox 882 186 1052 236; x_wconf 78' lang='lat' dir='ltr'>personam</span> <span class='ocrx_word' id='word_1_12' title='bbox 1069 191 1102 223; x_wconf 89' lang='lat'>&amp;</span> <span class='ocrx_word' id='word_1_13' title='bbox 1123 186 1200 221; x_wconf 81' lang='lat' dir='ltr'>duas</span> <span class='ocrx_word' id='word_1_14' title='bbox 1216 197 1346 223; x_wconf 82' lang='lat' dir='ltr'>naturas</span> <span class='ocrx_word' id='word_1_15' title='bbox 1369 154 1485 224; x_wconf 44' lang='lat' dir='ltr'>adit-{s-</span> 
     </span>
     <span class='ocr_line' id='line_1_3' title="bbox 95 235 1150 286; baseline -0.001 -14"><span class='ocrx_word' id='word_1_16' title='bbox 95 235 142 272; x_wconf 85' lang='lat' dir='ltr'>sus</span> <span class='ocrx_word' id='word_1_17' title='bbox 152 237 365 286; x_wconf 84' lang='lat' dir='ltr'>Eutychetem</span> <span class='ocrx_word' id='word_1_18' title='bbox 378 238 532 272; x_wconf 88' lang='lat' dir='ltr'>decrevit.</span> <span class='ocrx_word' id='word_1_19' title='bbox 1147 264 1150 266; x_wconf 90' lang='lat'>.</span> 
     </span>
    </p>

    <p class='ocr_par' dir='ltr' id='par_1_3' title="bbox 97 283 1482 334">
     <span class='ocr_line' id='line_1_4' title="bbox 97 283 1482 334; baseline 0.001 -14"><span class='ocrx_word' id='word_1_20' title='bbox 97 318 101 320; x_wconf 82' lang='grc'>.</span> <span class='ocrx_word' id='word_1_21' title='bbox 122 289 211 322; x_wconf 69' lang='lat' dir='ltr'>,Non</span> <span class='ocrx_word' id='word_1_22' title='bbox 221 285 362 322; x_wconf 80' lang='lat' dir='ltr'>diffimili</span> <span class='ocrx_word' id='word_1_23' title='bbox 377 288 502 320; x_wconf 86' lang='lat' dir='ltr'>ratione</span> <span class='ocrx_word' id='word_1_24' title='bbox 514 285 653 320; x_wconf 84' lang='lat' dir='ltr'>haeretici</span> <span class='ocrx_word' id='word_1_25' title='bbox 664 287 698 319; x_wconf 90' lang='lat' dir='ltr'>in</span> <span class='ocrx_word' id='word_1_26' title='bbox 715 285 901 334; x_wconf 81' lang='lat' dir='ltr'>mysterium</span> <span class='ocrx_word' id='word_1_27' title='bbox 914 287 1083 321; x_wconf 80' lang='lat' dir='ltr'>Trinitatis</span> <span class='ocrx_word' id='word_1_28' title='bbox 1095 283 1304 320; x_wconf 78' lang='lat' dir='ltr'>offenderunt</span> <span class='ocrx_word' id='word_1_29' title='bbox 1314 314 1323 328; x_wconf 88' lang='lat'>‚</span> <span class='ocrx_word' id='word_1_30' title='bbox 1349 284 1436 332; x_wconf 79' lang='lat' dir='ltr'>quod</span> <span class='ocrx_word' id='word_1_31' title='bbox 1459 289 1482 321; x_wconf 59' lang='lat' dir='ltr'>&#39;xi</span> 
     </span>
    </p>

    <p class='ocr_par' dir='ltr' id='par_1_4' title="bbox 95 333 1485 382">
     <span class='ocr_line' id='line_1_5' title="bbox 95 333 1485 382; baseline -0.002 -12"><span class='ocrx_word' id='word_1_32' title='bbox 95 335 238 379; x_wconf 77' lang='lat' dir='ltr'>nullam,</span> <span class='ocrx_word' id='word_1_33' title='bbox 263 348 305 372; x_wconf 89' lang='lat' dir='ltr'>ne</span> <span class='ocrx_word' id='word_1_34' title='bbox 319 334 492 369; x_wconf 79' lang='lat' dir='ltr'>virtualem</span> <span class='ocrx_word' id='word_1_35' title='bbox 507 334 738 381; x_wconf 85' lang='lat' dir='ltr'>quidemintei·</span> <span class='ocrx_word' id='word_1_36' title='bbox 750 333 901 382; x_wconf 84' lang='lat' dir='ltr'>personas</span> <span class='ocrx_word' id='word_1_37' title='bbox 922 335 1050 369; x_wconf 87' lang='lat' dir='ltr'>divinas</span> <span class='ocrx_word' id='word_1_38' title='bbox 1081 339 1115 371; x_wconf 68' lang='grc' dir='ltr'>δε</span> <span class='ocrx_word' id='word_1_39' title='bbox 1140 344 1287 368; x_wconf 81' lang='lat' dir='ltr'>naturam</span> <span class='ocrx_word' id='word_1_40' title='bbox 1307 335 1485 370; x_wconf 59' lang='lat' dir='ltr'>distinetio-</span> 
     </span>
    </p>

    <p class='ocr_par' dir='ltr' id='par_1_5' title="bbox 95 380 1486 432">
     <span class='ocr_line' id='line_1_6' title="bbox 95 380 1486 432; baseline -0.002 -13"><span class='ocrx_word' id='word_1_41' title='bbox 95 396 172 420; x_wconf 85' lang='lat' dir='ltr'>nern</span> <span class='ocrx_word' id='word_1_42' title='bbox 186 383 408 432; x_wconf 83' lang='lat' dir='ltr'><strong>agnoscerent.</strong></span> <span class='ocrx_word' id='word_1_43' title='bbox 426 384 480 417; x_wconf 87' lang='lat' dir='ltr'>Sic</span> <span class='ocrx_word' id='word_1_44' title='bbox 494 385 583 418; x_wconf 85' lang='lat' dir='ltr'>enim</span> <span class='ocrx_word' id='word_1_45' title='bbox 603 382 819 418; x_wconf 82' lang='lat' dir='ltr'>concludebat</span> <span class='ocrx_word' id='word_1_46' title='bbox 837 381 997 418; x_wconf 82' lang='lat' dir='ltr'>Sabellius</span> <span class='ocrx_word' id='word_1_47' title='bbox 1011 411 1021 427; x_wconf 88' lang='lat'>‚</span> <span class='ocrx_word' id='word_1_48' title='bbox 1042 381 1178 430; x_wconf 84' lang='lat' dir='ltr'>persona</span> <span class='ocrx_word' id='word_1_49' title='bbox 1202 380 1293 416; x_wconf 91' lang='lat' dir='ltr'>nullo</span> <span class='ocrx_word' id='word_1_50' title='bbox 1317 385 1417 419; x_wconf 88' lang='lat' dir='ltr'>modo</span> <span class='ocrx_word' id='word_1_51' title='bbox 1437 386 1486 419; x_wconf 86' lang='lat' dir='ltr'>di.</span> 
     </span>
    </p>

    <p class='ocr_par' dir='ltr' id='par_1_6' title="bbox 83 430 1484 481">
     <span class='ocr_line' id='line_1_7' title="bbox 83 430 1484 481; baseline -0.001 -14"><span class='ocrx_word' id='word_1_52' title='bbox 83 433 262 481; x_wconf 69' lang='lat' dir='ltr'>stinguitur</span> <span class='ocrx_word' id='word_1_53' title='bbox 272 433 292 468; x_wconf 75' lang='grc' dir='ltr'>ἐι</span> <span class='ocrx_word' id='word_1_54' title='bbox 304 444 416 468; x_wconf 85' lang='lat' dir='ltr'>natura</span> <span class='ocrx_word' id='word_1_55' title='bbox 430 445 437 466; x_wconf 73' lang='grc' dir='ltr'><em>τ</em></span> <span class='ocrx_word' id='word_1_56' title='bbox 459 430 555 467; x_wconf 79' lang='lat' dir='ltr'>sedin</span> <span class='ocrx_word' id='word_1_57' title='bbox 569 435 645 468; x_wconf 90' lang='lat' dir='ltr'>Deo</span> <span class='ocrx_word' id='word_1_58' title='bbox 659 434 702 466; x_wconf 86' lang='lat' dir='ltr'>est</span> <span class='ocrx_word' id='word_1_59' title='bbox 714 443 776 466; x_wconf 88' lang='lat' dir='ltr'>uua</span> <span class='ocrx_word' id='word_1_60' title='bbox 788 442 897 466; x_wconf 86' lang='lat' dir='ltr'>natura</span> <span class='ocrx_word' id='word_1_61' title='bbox 913 460 923 475; x_wconf 92' lang='lat'>,</span> <span class='ocrx_word' id='word_1_62' title='bbox 951 444 1028 480; x_wconf 87' lang='lat' dir='ltr'>ergo</span> <span class='ocrx_word' id='word_1_63' title='bbox 1041 437 1076 469; x_wconf 89' lang='lat'>&amp;</span> <span class='ocrx_word' id='word_1_64' title='bbox 1089 443 1154 466; x_wconf 89' lang='lat' dir='ltr'>una</span> <span class='ocrx_word' id='word_1_65' title='bbox 1168 430 1314 479; x_wconf 89' lang='lat' dir='ltr'>persona.</span> <span class='ocrx_word' id='word_1_66' title='bbox 1347 434 1410 466; x_wconf 85' lang='lat' dir='ltr'>Sed</span> <span class='ocrx_word' id='word_1_67' title='bbox 1434 435 1484 468; x_wconf 88' lang='lat' dir='ltr'>in-</span> 
     </span>
    </p>

    <p class='ocr_par' dir='ltr' id='par_1_7' title="bbox 94 479 1484 529">
     <span class='ocr_line' id='line_1_8' title="bbox 94 479 1484 529; baseline -0.002 -13"><span class='ocrx_word' id='word_1_68' title='bbox 94 481 231 528; x_wconf 84' lang='lat' dir='ltr'>quiebat</span> <span class='ocrx_word' id='word_1_69' title='bbox 245 483 336 516; x_wconf 86' lang='lat' dir='ltr'>Arius</span> <span class='ocrx_word' id='word_1_70' title='bbox 353 510 364 525; x_wconf 89' lang='lat'>,</span> <span class='ocrx_word' id='word_1_71' title='bbox 387 483 420 515; x_wconf 89' lang='lat' dir='ltr'>in</span> <span class='ocrx_word' id='word_1_72' title='bbox 435 483 511 516; x_wconf 86' lang='lat' dir='ltr'>Deo</span> <span class='ocrx_word' id='word_1_73' title='bbox 524 479 595 515; x_wconf 88' lang='lat' dir='ltr'>sunt</span> <span class='ocrx_word' id='word_1_74' title='bbox 611 492 673 515; x_wconf 85' lang='lat' dir='ltr'>tres</span> <span class='ocrx_word' id='word_1_75' title='bbox 684 479 846 528; x_wconf 85' lang='lat' dir='ltr'>personae:</span> <span class='ocrx_word' id='word_1_76' title='bbox 867 492 945 529; x_wconf 81' lang='lat' dir='ltr'>ergo</span> <span class='ocrx_word' id='word_1_77' title='bbox 959 492 1021 515; x_wconf 85' lang='lat' dir='ltr'>tres</span> <span class='ocrx_word' id='word_1_78' title='bbox 1035 492 1161 515; x_wconf 81' lang='lat' dir='ltr'>naturae.</span> <span class='ocrx_word' id='word_1_79' title='bbox 1186 479 1274 514; x_wconf 83' lang='lat' dir='ltr'>Fides</span> <span class='ocrx_word' id='word_1_80' title='bbox 1289 492 1398 515; x_wconf 86' lang='lat' dir='ltr'>autem</span> <span class='ocrx_word' id='word_1_81' title='bbox 1411 482 1484 516; x_wconf 86' lang='lat' dir='ltr'>Ca-</span> 
     </span>
    </p>

    <p class='ocr_par' dir='ltr' id='par_1_8' title="bbox 52 528 1483 577">
     <span class='ocr_line' id='line_1_9' title="bbox 52 528 1483 577; baseline -0.001 -12"><span class='ocrx_word' id='word_1_82' title='bbox 52 541 65 550; x_wconf 68' lang='lat'><strong><em>‘</em></strong></span> <span class='ocrx_word' id='word_1_83' title='bbox 95 529 294 565; x_wconf 73' lang='lat' dir='ltr'>cholicauon</span> <span class='ocrx_word' id='word_1_84' title='bbox 309 528 655 565; x_wconf 80' lang='lat' dir='ltr'>rationum-subtilitate</span> <span class='ocrx_word' id='word_1_85' title='bbox 670 558 680 572; x_wconf 85' lang='lat'>‚</span> <span class='ocrx_word' id='word_1_86' title='bbox 697 528 750 563; x_wconf 90' lang='lat' dir='ltr'>sed</span> <span class='ocrx_word' id='word_1_87' title='bbox 773 531 1060 577; x_wconf 76' lang='lat' dir='ltr'>Scripturarum&amp;</span> <span class='ocrx_word' id='word_1_88' title='bbox 1072 529 1260 563; x_wconf 67' lang='lat' dir='ltr'>rtraditionis</span> <span class='ocrx_word' id='word_1_89' title='bbox 1283 529 1483 565; x_wconf 80' lang='lat' dir='ltr'>authoritate</span> 
     </span>
    </p>

    <p class='ocr_par' dir='ltr' id='par_1_9' title="bbox 95 576 1483 626">
     <span class='ocr_line' id='line_1_10' title="bbox 95 576 1483 626; baseline 0 -13"><span class='ocrx_word' id='word_1_90' title='bbox 95 577 227 613; x_wconf 87' lang='lat' dir='ltr'>subnixa</span> <span class='ocrx_word' id='word_1_91' title='bbox 240 608 250 622; x_wconf 86' lang='lat'>,</span> <span class='ocrx_word' id='word_1_92' title='bbox 269 579 366 614; x_wconf 90' lang='lat' dir='ltr'>docet</span> <span class='ocrx_word' id='word_1_93' title='bbox 376 581 411 614; x_wconf 91' lang='lat' dir='ltr'>in</span> <span class='ocrx_word' id='word_1_94' title='bbox 423 582 496 614; x_wconf 90' lang='lat' dir='ltr'>Deo</span> <span class='ocrx_word' id='word_1_95' title='bbox 515 590 612 613; x_wconf 85' lang='lat' dir='ltr'>unam</span> <span class='ocrx_word' id='word_1_96' title='bbox 625 576 686 613; x_wconf 80' lang='lat' dir='ltr'>eise</span> <span class='ocrx_word' id='word_1_97' title='bbox 698 590 845 614; x_wconf 86' lang='lat' dir='ltr'>naturam</span> <span class='ocrx_word' id='word_1_98' title='bbox 861 607 871 621; x_wconf 91' lang='lat'>,</span> <span class='ocrx_word' id='word_1_99' title='bbox 886 589 950 612; x_wconf 87' lang='lat' dir='ltr'>tres</span> <span class='ocrx_word' id='word_1_100' title='bbox 969 576 1129 626; x_wconf 85' lang='lat' dir='ltr'>personas.</span> <span class='ocrx_word' id='word_1_101' title='bbox 1145 579 1222 612; x_wconf 92' lang='lat' dir='ltr'>Duo</span> <span class='ocrx_word' id='word_1_102' title='bbox 1237 590 1483 626; x_wconf 54' lang='lat' dir='ltr'>quoqueaegeueu</span> 
     </span>
    </p>

    <p class='ocr_par' dir='ltr' id='par_1_10' title="bbox 93 625 1483 676">
     <span class='ocr_line' id='line_1_11' title="bbox 93 625 1483 676; baseline -0.003 -14"><span class='ocrx_word' id='word_1_103' title='bbox 93 639 129 662; x_wconf 87' lang='lat' dir='ltr'>ra</span> <span class='ocrx_word' id='word_1_104' title='bbox 145 627 373 662; x_wconf 87' lang='lat' dir='ltr'>attributorum</span> <span class='ocrx_word' id='word_1_105' title='bbox 385 630 416 662; x_wconf 89' lang='lat' dir='ltr'>iu</span> <span class='ocrx_word' id='word_1_106' title='bbox 436 631 510 664; x_wconf 87' lang='lat' dir='ltr'>Deo</span> <span class='ocrx_word' id='word_1_107' title='bbox 521 625 665 676; x_wconf 87' lang='lat' dir='ltr'>agnoscit</span> <span class='ocrx_word' id='word_1_108' title='bbox 677 656 688 670; x_wconf 95' lang='lat'>‚</span> <span class='ocrx_word' id='word_1_109' title='bbox 709 626 884 662; x_wconf 83' lang='lat' dir='ltr'>effentialia</span> <span class='ocrx_word' id='word_1_110' title='bbox 903 629 1059 663; x_wconf 89' lang='lat' dir='ltr'>nimirum</span> <span class='ocrx_word' id='word_1_111' title='bbox 1069 655 1080 669; x_wconf 91' lang='lat'>,</span> <span class='ocrx_word' id='word_1_112' title='bbox 1099 637 1133 660; x_wconf 93' lang='lat' dir='ltr'>ut</span> <span class='ocrx_word' id='word_1_113' title='bbox 1143 625 1333 674; x_wconf 79' lang='lat' dir='ltr'>sapientiam</span> <span class='ocrx_word' id='word_1_114' title='bbox 1347 632 1380 663; x_wconf 74' lang='grc' dir='ltr'>δ(</span> <span class='ocrx_word' id='word_1_115' title='bbox 1391 639 1483 662; x_wconf 68' lang='lat' dir='ltr'>ceter-</span> 
     </span>
    </p>

    <p class='ocr_par' dir='ltr' id='par_1_11' title="bbox 93 673 1482 725">
     <span class='ocr_line' id='line_1_12' title="bbox 93 673 1482 725; baseline -0.001 -13"><span class='ocrx_word' id='word_1_116' title='bbox 93 677 230 712; x_wconf 83' lang='lat' dir='ltr'>nitatem</span> <span class='ocrx_word' id='word_1_117' title='bbox 258 689 330 724; x_wconf 83' lang='lat' dir='ltr'>quae</span> <span class='ocrx_word' id='word_1_118' title='bbox 349 677 388 711; x_wconf 92' lang='lat' dir='ltr'>ad</span> <span class='ocrx_word' id='word_1_119' title='bbox 416 688 562 711; x_wconf 78' lang='lat' dir='ltr'>naturam</span> <span class='ocrx_word' id='word_1_120' title='bbox 585 678 777 725; x_wconf 75' lang='lat' dir='ltr'>pertinent,</span> <span class='ocrx_word' id='word_1_121' title='bbox 815 681 848 713; x_wconf 88' lang='lat'>&amp;</span> <span class='ocrx_word' id='word_1_122' title='bbox 863 675 974 710; x_wconf 68' lang='lat' dir='ltr'>⁴tribus</span> <span class='ocrx_word' id='word_1_123' title='bbox 1004 673 1143 724; x_wconf 86' lang='lat' dir='ltr'>personis</span> <span class='ocrx_word' id='word_1_124' title='bbox 1181 673 1251 709; x_wconf 89' lang='lat' dir='ltr'>suut</span> <span class='ocrx_word' id='word_1_125' title='bbox 1276 679 1482 719; x_wconf 72' lang='lat' dir='ltr'>communia3</span> 
     </span>
    </p>

    <p class='ocr_par' dir='ltr' id='par_1_12' title="bbox 92 722 1482 773">
     <span class='ocr_line' id='line_1_13' title="bbox 92 722 1482 773; baseline 0.001 -14"><span class='ocrx_word' id='word_1_126' title='bbox 92 724 155 760; x_wconf 84' lang='lat' dir='ltr'>alia</span> <span class='ocrx_word' id='word_1_127' title='bbox 172 737 244 772; x_wconf 83' lang='lat' dir='ltr'>quae</span> <span class='ocrx_word' id='word_1_128' title='bbox 259 725 439 761; x_wconf 83' lang='lat' dir='ltr'>notionalia</span> <span class='ocrx_word' id='word_1_129' title='bbox 451 725 619 768; x_wconf 88' lang='lat' dir='ltr'>dicuntur,</span> <span class='ocrx_word' id='word_1_130' title='bbox 636 724 751 772; x_wconf 85' lang='lat' dir='ltr'>quibus</span> <span class='ocrx_word' id='word_1_131' title='bbox 771 737 832 761; x_wconf 85' lang='lat' dir='ltr'>una</span> <span class='ocrx_word' id='word_1_132' title='bbox 846 723 978 773; x_wconf 87' lang='lat' dir='ltr'>persona</span> <span class='ocrx_word' id='word_1_133' title='bbox 995 724 1037 760; x_wconf 91' lang='lat' dir='ltr'>ab</span> <span class='ocrx_word' id='word_1_134' title='bbox 1054 723 1118 758; x_wconf 89' lang='lat' dir='ltr'>alia</span> <span class='ocrx_word' id='word_1_135' title='bbox 1145 722 1343 772; x_wconf 80' lang='lat' dir='ltr'>distinguitur</span> <span class='ocrx_word' id='word_1_136' title='bbox 1359 753 1369 767; x_wconf 85' lang='lat'>,</span> <span class='ocrx_word' id='word_1_137' title='bbox 1390 737 1482 772; x_wconf 86' lang='lat' dir='ltr'>quae-</span> 
     </span>
    </p>

    <p class='ocr_par' dir='ltr' id='par_1_13' title="bbox 87 771 1482 822">
     <span class='ocr_line' id='line_1_14' title="bbox 87 771 1482 822; baseline 0 -14"><span class='ocrx_word' id='word_1_138' title='bbox 87 786 156 820; x_wconf 84' lang='lat' dir='ltr'>que</span> <span class='ocrx_word' id='word_1_139' title='bbox 174 776 346 820; x_wconf 89' lang='lat' dir='ltr'>unicuique</span> <span class='ocrx_word' id='word_1_140' title='bbox 363 772 504 822; x_wconf 67' lang='lat' dir='ltr'>personae</span> <span class='ocrx_word' id='word_1_141' title='bbox 517 776 645 822; x_wconf 84' lang='lat' dir='ltr'>propria</span> <span class='ocrx_word' id='word_1_142' title='bbox 662 773 732 808; x_wconf 89' lang='lat' dir='ltr'>sunt</span> <span class='ocrx_word' id='word_1_143' title='bbox 745 788 752 809; x_wconf 91' lang='lat'><strong>:</strong></span> <span class='ocrx_word' id='word_1_144' title='bbox 766 785 964 822; x_wconf 81' lang='lat' dir='ltr'>utgenerare</span> <span class='ocrx_word' id='word_1_145' title='bbox 987 775 1021 808; x_wconf 88' lang='lat' dir='ltr'>in</span> <span class='ocrx_word' id='word_1_146' title='bbox 1039 776 1154 815; x_wconf 85' lang='lat' dir='ltr'>Patre,</span> <span class='ocrx_word' id='word_1_147' title='bbox 1177 777 1210 808; x_wconf 88' lang='lat'>&amp;</span> <span class='ocrx_word' id='word_1_148' title='bbox 1229 771 1312 807; x_wconf 86' lang='lat' dir='ltr'>nasci</span> <span class='ocrx_word' id='word_1_149' title='bbox 1330 775 1363 808; x_wconf 86' lang='lat' dir='ltr'>in</span> <span class='ocrx_word' id='word_1_150' title='bbox 1378 774 1456 808; x_wconf 84' lang='lat' dir='ltr'>Filio</span> <span class='ocrx_word' id='word_1_151' title='bbox 1472 803 1482 817; x_wconf 89' lang='lat'><em>,</em></span> 
     </span>
    </p>

    <p class='ocr_par' dir='ltr' id='par_1_14' title="bbox 32 819 1481 870">
     <span class='ocr_line' id='line_1_15' title="bbox 32 819 1481 870; baseline -0.004 -11"><span class='ocrx_word' id='word_1_152' title='bbox 32 819 36 822; x_wconf 62' lang='grc'><strong>’</strong></span> <span class='ocrx_word' id='word_1_153' title='bbox 92 827 128 859; x_wconf 88' lang='lat'><strong>&amp;</strong></span> <span class='ocrx_word' id='word_1_154' title='bbox 145 825 270 858; x_wconf 87' lang='lat' dir='ltr'>ratione</span> <span class='ocrx_word' id='word_1_155' title='bbox 283 823 400 857; x_wconf 82' lang='lat' dir='ltr'>borum</span> <span class='ocrx_word' id='word_1_156' title='bbox 412 822 645 858; x_wconf 77' lang='lat' dir='ltr'>attributorum</span> <span class='ocrx_word' id='word_1_157' title='bbox 657 835 858 869; x_wconf 82' lang='lat' dir='ltr'>unaquaeque</span> <span class='ocrx_word' id='word_1_158' title='bbox 871 820 1004 870; x_wconf 87' lang='lat' dir='ltr'>persona</span> <span class='ocrx_word' id='word_1_159' title='bbox 1017 823 1061 857; x_wconf 87' lang='lat' dir='ltr'>est</span> <span class='ocrx_word' id='word_1_160' title='bbox 1075 824 1237 868; x_wconf 77' lang='lat' dir='ltr'>integrum</span> <span class='ocrx_word' id='word_1_161' title='bbox 1252 823 1367 869; x_wconf 86' lang='lat' dir='ltr'>agendi</span> <span class='ocrx_word' id='word_1_162' title='bbox 1390 825 1481 870; x_wconf 90' lang='lat' dir='ltr'>prin-</span> 
     </span>
    </p>

    <p class='ocr_par' dir='ltr' id='par_1_15' title="bbox 95 869 1482 920">
     <span class='ocr_line' id='line_1_16' title="bbox 95 869 1482 920; baseline 0.001 -15"><span class='ocrx_word' id='word_1_163' title='bbox 95 873 217 919; x_wconf 85' lang='lat' dir='ltr'>cipium</span> <span class='ocrx_word' id='word_1_164' title='bbox 231 900 242 915; x_wconf 91' lang='lat'>,</span> <span class='ocrx_word' id='word_1_165' title='bbox 264 883 320 906; x_wconf 88' lang='lat' dir='ltr'>aut</span> <span class='ocrx_word' id='word_1_166' title='bbox 344 870 548 920; x_wconf 89' lang='lat' dir='ltr'>suppositum.</span> <span class='ocrx_word' id='word_1_167' title='bbox 569 872 628 906; x_wconf 85' lang='lat' dir='ltr'>Ista</span> <span class='ocrx_word' id='word_1_168' title='bbox 640 873 794 906; x_wconf 88' lang='lat' dir='ltr'>omittere</span> <span class='ocrx_word' id='word_1_169' title='bbox 806 884 873 906; x_wconf 91' lang='lat' dir='ltr'>non</span> <span class='ocrx_word' id='word_1_170' title='bbox 885 873 1047 919; x_wconf 87' lang='lat' dir='ltr'>potuimus</span> <span class='ocrx_word' id='word_1_171' title='bbox 1061 900 1071 914; x_wconf 89' lang='lat'>‚</span> <span class='ocrx_word' id='word_1_172' title='bbox 1097 883 1171 905; x_wconf 88' lang='lat' dir='ltr'>cum</span> <span class='ocrx_word' id='word_1_173' title='bbox 1195 881 1348 918; x_wconf 75' lang='lat' dir='ltr'>magnam</span> <span class='ocrx_word' id='word_1_174' title='bbox 1375 869 1482 907; x_wconf 80' lang='lat' dir='ltr'>lucem</span> 
     </span>
    </p>

    <p class='ocr_par' dir='ltr' id='par_1_16' title="bbox 92 919 759 968">
     <span class='ocr_line' id='line_1_17' title="bbox 92 919 759 968; baseline 0 -14"><span class='ocrx_word' id='word_1_175' title='bbox 92 921 131 954; x_wconf 86' lang='lat' dir='ltr'>iis</span> <span class='ocrx_word' id='word_1_176' title='bbox 152 933 222 967; x_wconf 86' lang='lat' dir='ltr'>quae</span> <span class='ocrx_word' id='word_1_177' title='bbox 239 921 345 968; x_wconf 87' lang='lat' dir='ltr'>postea</span> <span class='ocrx_word' id='word_1_178' title='bbox 355 921 497 956; x_wconf 86' lang='lat' dir='ltr'>dicemus</span> <span class='ocrx_word' id='word_1_179' title='bbox 512 949 521 963; x_wconf 87' lang='lat'>,</span> <span class='ocrx_word' id='word_1_180' title='bbox 540 919 598 955; x_wconf 88' lang='lat' dir='ltr'>sint</span> <span class='ocrx_word' id='word_1_181' title='bbox 613 919 759 956; x_wconf 77' lang='lat' dir='ltr'>allatura.</span> 
     </span>
    </p>

    <p class='ocr_par' dir='ltr' id='par_1_17' title="bbox 86 966 1482 1162">
     <span class='ocr_line' id='line_1_18' title="bbox 137 966 1481 1018; baseline -0.001 -14"><span class='ocrx_word' id='word_1_182' title='bbox 137 971 235 1004; x_wconf 85' lang='lat' dir='ltr'>Nunc</span> <span class='ocrx_word' id='word_1_183' title='bbox 249 966 374 1002; x_wconf 78' lang='lat' dir='ltr'>veroid</span> <span class='ocrx_word' id='word_1_184' title='bbox 387 971 556 1016; x_wconf 70' lang='lat' dir='ltr'>quaeritur,</span> <span class='ocrx_word' id='word_1_185' title='bbox 572 980 679 1002; x_wconf 89' lang='lat' dir='ltr'>utrum</span> <span class='ocrx_word' id='word_1_186' title='bbox 691 969 724 1002; x_wconf 88' lang='lat' dir='ltr'>in</span> <span class='ocrx_word' id='word_1_187' title='bbox 733 967 827 1002; x_wconf 83' lang='lat' dir='ltr'>rebus</span> <span class='ocrx_word' id='word_1_188' title='bbox 841 971 954 1003; x_wconf 85' lang='lat' dir='ltr'>creatis</span> <span class='ocrx_word' id='word_1_189' title='bbox 971 971 1053 1002; x_wconf 83' lang='lat' dir='ltr'>ratio</span> <span class='ocrx_word' id='word_1_190' title='bbox 1072 967 1138 1016; x_wconf 90' lang='lat' dir='ltr'>ipsa</span> <span class='ocrx_word' id='word_1_191' title='bbox 1158 967 1296 1015; x_wconf 72' lang='lat' dir='ltr'>persona:</span> <span class='ocrx_word' id='word_1_192' title='bbox 1309 996 1319 1011; x_wconf 87' lang='lat'><em>,</em></span> <span class='ocrx_word' id='word_1_193' title='bbox 1338 980 1394 1003; x_wconf 81' lang='lat' dir='ltr'>aut</span> <span class='ocrx_word' id='word_1_194' title='bbox 1414 968 1481 1018; x_wconf 66' lang='lat' dir='ltr'>sup-2</span> 
     </span>
     <span class='ocr_line' id='line_1_19' title="bbox 91 1015 1482 1064; baseline 0.001 -14"><span class='ocrx_word' id='word_1_195' title='bbox 91 1015 184 1064; x_wconf 79' lang='lat' dir='ltr'>politi</span> <span class='ocrx_word' id='word_1_196' title='bbox 195 1015 230 1051; x_wconf 85' lang='lat' dir='ltr'>fir</span> <span class='ocrx_word' id='word_1_197' title='bbox 240 1017 317 1063; x_wconf 91' lang='lat' dir='ltr'>quid</span> <span class='ocrx_word' id='word_1_198' title='bbox 333 1019 381 1051; x_wconf 85' lang='lat' dir='ltr'>rei</span> <span class='ocrx_word' id='word_1_199' title='bbox 397 1046 406 1060; x_wconf 91' lang='lat'><strong>‚</strong></span> <span class='ocrx_word' id='word_1_200' title='bbox 426 1016 478 1051; x_wconf 88' lang='lat' dir='ltr'>seu</span> <span class='ocrx_word' id='word_1_201' title='bbox 497 1017 576 1064; x_wconf 91' lang='lat' dir='ltr'>quid</span> <span class='ocrx_word' id='word_1_202' title='bbox 596 1015 771 1064; x_wconf 88' lang='lat' dir='ltr'>positivum</span> <span class='ocrx_word' id='word_1_203' title='bbox 788 1028 905 1052; x_wconf 82' lang='lat' dir='ltr'>naturae</span> <span class='ocrx_word' id='word_1_204' title='bbox 922 1017 1148 1064; x_wconf 80' lang='lat' dir='ltr'>superveniens</span> <span class='ocrx_word' id='word_1_205' title='bbox 1162 1044 1172 1059; x_wconf 92' lang='lat'><strong>,</strong></span> <span class='ocrx_word' id='word_1_206' title='bbox 1199 1022 1232 1053; x_wconf 88' lang='lat'>&amp;</span> <span class='ocrx_word' id='word_1_207' title='bbox 1257 1016 1298 1051; x_wconf 92' lang='lat' dir='ltr'>ab</span> <span class='ocrx_word' id='word_1_208' title='bbox 1318 1029 1354 1051; x_wconf 84' lang='lat' dir='ltr'>ea</span> <span class='ocrx_word' id='word_1_209' title='bbox 1372 1018 1482 1053; x_wconf 79' lang='lat' dir='ltr'>distin-</span> 
     </span>
     <span class='ocr_line' id='line_1_20' title="bbox 86 1064 1482 1114; baseline 0 -14"><span class='ocrx_word' id='word_1_210' title='bbox 86 1066 184 1103; x_wconf 64' lang='lat' dir='ltr'>stum</span> <span class='ocrx_word' id='word_1_211' title='bbox 203 1079 211 1100; x_wconf 92' lang='lat'><strong>:</strong></span> <span class='ocrx_word' id='word_1_212' title='bbox 228 1065 315 1111; x_wconf 91' lang='lat' dir='ltr'>quod</span> <span class='ocrx_word' id='word_1_213' title='bbox 327 1077 362 1100; x_wconf 86' lang='lat' dir='ltr'>ut</span> <span class='ocrx_word' id='word_1_214' title='bbox 375 1065 488 1102; x_wconf 85' lang='lat' dir='ltr'>melius</span> <span class='ocrx_word' id='word_1_215' title='bbox 502 1065 702 1114; x_wconf 83' lang='lat' dir='ltr'>intelligatur</span> <span class='ocrx_word' id='word_1_216' title='bbox 713 1077 809 1112; x_wconf 60' lang='lat' dir='ltr'>,qux</span> <span class='ocrx_word' id='word_1_217' title='bbox 828 1065 925 1101; x_wconf 86' lang='lat' dir='ltr'>nobis</span> <span class='ocrx_word' id='word_1_218' title='bbox 936 1067 1086 1104; x_wconf 85' lang='lat' dir='ltr'>videntur</span> <span class='ocrx_word' id='word_1_219' title='bbox 1096 1076 1195 1108; x_wconf 87' lang='lat' dir='ltr'>certa,</span> <span class='ocrx_word' id='word_1_220' title='bbox 1205 1064 1246 1099; x_wconf 90' lang='lat' dir='ltr'>ab</span> <span class='ocrx_word' id='word_1_221' title='bbox 1268 1067 1396 1101; x_wconf 86' lang='lat' dir='ltr'>incertis</span> <span class='ocrx_word' id='word_1_222' title='bbox 1412 1065 1482 1102; x_wconf 85' lang='lat' dir='ltr'>sunt</span> 
     </span>
     <span class='ocr_line' id='line_1_21' title="bbox 92 1113 274 1162; baseline -0.022 -13"><span class='ocrx_word' id='word_1_223' title='bbox 92 1113 274 1162; x_wconf 69' lang='lat' dir='ltr'>separanda.</span> 
     </span>
    </p>

    <p class='ocr_par' dir='ltr' id='par_1_18' title="bbox 119 1160 1480 1210">
     <span class='ocr_line' id='line_1_22' title="bbox 119 1160 1480 1210; baseline 0 -13"><span class='ocrx_word' id='word_1_224' title='bbox 119 1163 265 1197; x_wconf 71' lang='lat' dir='ltr'>-Certum</span> <span class='ocrx_word' id='word_1_225' title='bbox 280 1162 364 1198; x_wconf 51' lang='lat' dir='ltr'>esti*</span> <span class='ocrx_word' id='word_1_226' title='bbox 374 1161 488 1198; x_wconf 88' lang='lat' dir='ltr'>id-non</span> <span class='ocrx_word' id='word_1_227' title='bbox 498 1161 559 1198; x_wconf 77' lang='lat' dir='ltr'>effe</span> <span class='ocrx_word' id='word_1_228' title='bbox 570 1163 610 1197; x_wconf 91' lang='lat' dir='ltr'>de</span> <span class='ocrx_word' id='word_1_229' title='bbox 618 1161 685 1197; x_wconf 85' lang='lat' dir='ltr'>-fide</span> <span class='ocrx_word' id='word_1_230' title='bbox 700 1160 927 1198; x_wconf 71' lang='lat' dir='ltr'>subsistentiam</span> <span class='ocrx_word' id='word_1_231' title='bbox 939 1160 999 1197; x_wconf 87' lang='lat' dir='ltr'>esse</span> <span class='ocrx_word' id='word_1_232' title='bbox 1015 1162 1094 1210; x_wconf 90' lang='lat' dir='ltr'>quid</span> <span class='ocrx_word' id='word_1_233' title='bbox 1104 1161 1284 1210; x_wconf 72' lang='lat' dir='ltr'>vpositivum</span> <span class='ocrx_word' id='word_1_234' title='bbox 1295 1172 1416 1196; x_wconf 72' lang='lat' dir='ltr'>naturae</span> <span class='ocrx_word' id='word_1_235' title='bbox 1429 1161 1480 1197; x_wconf 79' lang='lat' dir='ltr'>su-</span> 
     </span>
    </p>

    <p class='ocr_par' dir='ltr' id='par_1_19' title="bbox 84 1209 1483 1842">
     <span class='ocr_line' id='line_1_23' title="bbox 115 1209 1483 1259; baseline 0.001 -13"><span class='ocrx_word' id='word_1_236' title='bbox 115 1211 294 1246; x_wconf 73' lang='lat' dir='ltr'>eradditum</span> <span class='ocrx_word' id='word_1_237' title='bbox 305 1225 312 1247; x_wconf 92' lang='lat'>:</span> <span class='ocrx_word' id='word_1_238' title='bbox 323 1211 356 1245; x_wconf 89' lang='lat' dir='ltr'>id</span> <span class='ocrx_word' id='word_1_239' title='bbox 366 1213 453 1245; x_wconf 88' lang='lat' dir='ltr'>enim</span> <span class='ocrx_word' id='word_1_240' title='bbox 468 1211 623 1259; x_wconf 79' lang='lat' dir='ltr'>nusquam</span> <span class='ocrx_word' id='word_1_241' title='bbox 634 1210 697 1245; x_wconf 88' lang='lat' dir='ltr'>fuit</span> <span class='ocrx_word' id='word_1_242' title='bbox 710 1209 894 1255; x_wconf 87' lang='lat' dir='ltr'>definitum,</span> <span class='ocrx_word' id='word_1_243' title='bbox 904 1224 942 1246; x_wconf 89' lang='lat' dir='ltr'>ac</span> <span class='ocrx_word' id='word_1_244' title='bbox 951 1213 1148 1246; x_wconf 88' lang='lat' dir='ltr'>contrarium</span> <span class='ocrx_word' id='word_1_245' title='bbox 1159 1222 1276 1259; x_wconf 81' lang='lat' dir='ltr'>magna</span> <span class='ocrx_word' id='word_1_246' title='bbox 1287 1223 1359 1258; x_wconf 86' lang='lat' dir='ltr'>pars</span> <span class='ocrx_word' id='word_1_247' title='bbox 1370 1211 1483 1246; x_wconf 89' lang='lat' dir='ltr'>Theo-</span> 
     </span>
     <span class='ocr_line' id='line_1_24' title="bbox 85 1224 1480 1308; baseline -0.001 -14"><span class='ocrx_word' id='word_1_248' title='bbox 85 1224 239 1308; x_wconf 47' lang='lat' dir='ltr'>logorum</span> <span class='ocrx_word' id='word_1_249' title='bbox 254 1265 288 1297; x_wconf 88' lang='lat'>&amp;</span> <span class='ocrx_word' id='word_1_250' title='bbox 300 1259 568 1308; x_wconf 80' lang='lat' dir='ltr'>Philosophorum</span> <span class='ocrx_word' id='word_1_251' title='bbox 582 1260 743 1296; x_wconf 85' lang='lat' dir='ltr'>defendit.</span> <span class='ocrx_word' id='word_1_252' title='bbox 760 1262 873 1295; x_wconf 89' lang='lat' dir='ltr'>Scotus</span> <span class='ocrx_word' id='word_1_253' title='bbox 886 1259 1116 1295; x_wconf 75' lang='lat' dir='ltr'>subsistentiam</span> <span class='ocrx_word' id='word_1_254' title='bbox 1127 1260 1206 1295; x_wconf 87' lang='lat' dir='ltr'>nihil</span> <span class='ocrx_word' id='word_1_255' title='bbox 1218 1257 1381 1307; x_wconf 26' lang='lat' dir='ltr'>effenputat</span> <span class='ocrx_word' id='word_1_256' title='bbox 1398 1273 1480 1308; x_wconf 74' lang='lat' dir='ltr'>prae-</span> 
     </span>
     <span class='ocr_line' id='line_1_25' title="bbox 90 1307 1476 1358; baseline 0.001 -15"><span class='ocrx_word' id='word_1_257' title='bbox 90 1319 141 1343; x_wconf 88' lang='lat' dir='ltr'>ter</span> <span class='ocrx_word' id='word_1_258' title='bbox 171 1311 380 1358; x_wconf 86' lang='lat' dir='ltr'>negationem</span> <span class='ocrx_word' id='word_1_259' title='bbox 405 1320 474 1344; x_wconf 87' lang='lat' dir='ltr'>tum</span> <span class='ocrx_word' id='word_1_260' title='bbox 501 1309 634 1345; x_wconf 63' lang='lat' dir='ltr'>actualis</span> <span class='ocrx_word' id='word_1_261' title='bbox 646 1338 656 1353; x_wconf 83' lang='lat'>,</span> <span class='ocrx_word' id='word_1_262' title='bbox 673 1320 750 1343; x_wconf 80' lang='lat' dir='ltr'>-tum</span> <span class='ocrx_word' id='word_1_263' title='bbox 763 1309 982 1356; x_wconf 79' lang='lat' dir='ltr'>aptitudinalis</span> <span class='ocrx_word' id='word_1_264' title='bbox 997 1309 1224 1357; x_wconf 72' lang='lat' dir='ltr'>dependentia:</span> <span class='ocrx_word' id='word_1_265' title='bbox 1241 1307 1282 1342; x_wconf 85' lang='lat' dir='ltr'>ab</span> <span class='ocrx_word' id='word_1_266' title='bbox 1298 1308 1362 1342; x_wconf 88' lang='lat' dir='ltr'>alio</span> <span class='ocrx_word' id='word_1_267' title='bbox 1374 1338 1383 1352; x_wconf 89' lang='lat'><em>‚</em></span> <span class='ocrx_word' id='word_1_268' title='bbox 1406 1321 1476 1344; x_wconf 89' lang='lat' dir='ltr'>tan-</span> 
     </span>
     <span class='ocr_line' id='line_1_26' title="bbox 90 1356 1478 1406; baseline 0.001 -14"><span class='ocrx_word' id='word_1_269' title='bbox 90 1370 188 1405; x_wconf 84' lang='lat' dir='ltr'>quam</span> <span class='ocrx_word' id='word_1_270' title='bbox 204 1357 225 1393; x_wconf 70' lang='lat' dir='ltr'>a.</span> <span class='ocrx_word' id='word_1_271' title='bbox 240 1356 409 1406; x_wconf 81' lang='lat' dir='ltr'>supposito.</span> <span class='ocrx_word' id='word_1_272' title='bbox 421 1360 541 1405; x_wconf 88' lang='lat' dir='ltr'>Neque</span> <span class='ocrx_word' id='word_1_273' title='bbox 554 1358 597 1392; x_wconf 81' lang='lat' dir='ltr'>ab</span> <span class='ocrx_word' id='word_1_274' title='bbox 613 1370 650 1391; x_wconf 88' lang='lat' dir='ltr'>ea</span> <span class='ocrx_word' id='word_1_275' title='bbox 670 1356 823 1393; x_wconf 84' lang='lat' dir='ltr'>sententia</span> <span class='ocrx_word' id='word_1_276' title='bbox 836 1358 973 1394; x_wconf 85' lang='lat' dir='ltr'>multum</span> <span class='ocrx_word' id='word_1_277' title='bbox 992 1358 1115 1392; x_wconf 89' lang='lat' dir='ltr'>alienus</span> <span class='ocrx_word' id='word_1_278' title='bbox 1127 1358 1258 1393; x_wconf 17' lang='lat' dir='ltr'>(videtur</span> <span class='ocrx_word' id='word_1_279' title='bbox 1279 1359 1312 1394; x_wconf 84' lang='lat' dir='ltr'>S.</span> <span class='ocrx_word' id='word_1_280' title='bbox 1332 1358 1478 1393; x_wconf 74' lang='lat' dir='ltr'>Thomas</span> 
     </span>
     <span class='ocr_line' id='line_1_27' title="bbox 87 1404 1476 1455; baseline 0 -13"><span class='ocrx_word' id='word_1_281' title='bbox 87 1420 118 1451; x_wconf 76' lang='lat'>3.</span> <span class='ocrx_word' id='word_1_282' title='bbox 146 1420 179 1455; x_wconf 88' lang='lat' dir='ltr'>p.</span> <span class='ocrx_word' id='word_1_283' title='bbox 201 1419 255 1453; x_wconf 90' lang='lat' dir='ltr'>qu.</span> <span class='ocrx_word' id='word_1_284' title='bbox 281 1421 309 1443; x_wconf 70' lang='grc' dir='ltr'>ι.</span> <span class='ocrx_word' id='word_1_285' title='bbox 327 1419 357 1442; x_wconf 89' lang='lat' dir='ltr'>a.</span> <span class='ocrx_word' id='word_1_286' title='bbox 378 1421 405 1442; x_wconf 90' lang='lat'>2.</span> <span class='ocrx_word' id='word_1_287' title='bbox 426 1407 505 1441; x_wconf 90' lang='lat' dir='ltr'>Non</span> <span class='ocrx_word' id='word_1_288' title='bbox 527 1404 713 1453; x_wconf 81' lang='lat' dir='ltr'>quodlibet,</span> <span class='ocrx_word' id='word_1_289' title='bbox 748 1408 874 1452; x_wconf 88' lang='lat' dir='ltr'>inquit,</span> <span class='ocrx_word' id='word_1_290' title='bbox 897 1406 1105 1441; x_wconf 81' lang='lat' dir='ltr'>individuum</span> <span class='ocrx_word' id='word_1_291' title='bbox 1122 1405 1476 1453; x_wconf 75' lang='lat' dir='ltr'>ingenereficbstantiae.</span> 
     </span>
     <span class='ocr_line' id='line_1_28' title="bbox 90 1452 1477 1503; baseline 0.002 -15"><span class='ocrx_word' id='word_1_292' title='bbox 90 1458 187 1490; x_wconf 77' lang='lat' dir='ltr'>etiam</span> <span class='ocrx_word' id='word_1_293' title='bbox 212 1458 246 1489; x_wconf 80' lang='lat' dir='ltr'>in</span> <span class='ocrx_word' id='word_1_294' title='bbox 287 1455 439 1488; x_wconf 76' lang='lat' dir='ltr'>rationali</span> <span class='ocrx_word' id='word_1_295' title='bbox 463 1466 588 1489; x_wconf 76' lang='lat' dir='ltr'>-natum</span> <span class='ocrx_word' id='word_1_296' title='bbox 622 1452 719 1487; x_wconf 80' lang='lat' dir='ltr'>habet</span> <span class='ocrx_word' id='word_1_297' title='bbox 739 1457 894 1488; x_wconf 82' lang='lat' dir='ltr'>rationem</span> <span class='ocrx_word' id='word_1_298' title='bbox 933 1456 1068 1502; x_wconf 69' lang='lat' dir='ltr'>persona</span> <span class='ocrx_word' id='word_1_299' title='bbox 1084 1481 1090 1491; x_wconf 87' lang='lat'><em>,</em></span> <span class='ocrx_word' id='word_1_300' title='bbox 1103 1454 1272 1499; x_wconf 75' lang='lat' dir='ltr'>sedsblum</span> <span class='ocrx_word' id='word_1_301' title='bbox 1293 1455 1380 1490; x_wconf 81' lang='lat' dir='ltr'>illud</span> <span class='ocrx_word' id='word_1_302' title='bbox 1389 1458 1477 1503; x_wconf 80' lang='lat' dir='ltr'>qnod</span> 
     </span>
     <span class='ocr_line' id='line_1_29' title="bbox 84 1501 1475 1552; baseline 0.002 -16"><span class='ocrx_word' id='word_1_303' title='bbox 84 1513 146 1552; x_wconf 88' lang='lat' dir='ltr'>per</span> <span class='ocrx_word' id='word_1_304' title='bbox 170 1506 205 1549; x_wconf 71' lang='lat' dir='ltr'><em>ft</em></span> <span class='ocrx_word' id='word_1_305' title='bbox 235 1503 341 1547; x_wconf 68' lang='lat' dir='ltr'>exssit</span> <span class='ocrx_word' id='word_1_306' title='bbox 374 1518 385 1535; x_wconf 92' lang='lat'>.·</span> <span class='ocrx_word' id='word_1_307' title='bbox 412 1516 471 1537; x_wconf 83' lang='lat' dir='ltr'>non</span> <span class='ocrx_word' id='word_1_308' title='bbox 501 1513 606 1536; x_wconf 73' lang='lat' dir='ltr'>autem</span> <span class='ocrx_word' id='word_1_309' title='bbox 630 1501 715 1536; x_wconf 79' lang='lat' dir='ltr'>illud</span> <span class='ocrx_word' id='word_1_310' title='bbox 746 1502 832 1548; x_wconf 83' lang='lat' dir='ltr'>quod</span> <span class='ocrx_word' id='word_1_311' title='bbox 856 1501 962 1546; x_wconf 72' lang='lat' dir='ltr'>existit</span> <span class='ocrx_word' id='word_1_312' title='bbox 981 1505 1014 1536; x_wconf 81' lang='lat' dir='ltr'>in</span> <span class='ocrx_word' id='word_1_313' title='bbox 1042 1503 1106 1536; x_wconf 83' lang='lat' dir='ltr'>alio</span> <span class='ocrx_word' id='word_1_314' title='bbox 1134 1502 1311 1549; x_wconf 62' lang='lat' dir='ltr'>perfi’fliori</span> <span class='ocrx_word' id='word_1_315' title='bbox 1336 1517 1345 1538; x_wconf 87' lang='lat'>‚·</span> <span class='ocrx_word' id='word_1_316' title='bbox 1392 1506 1475 1539; x_wconf 84' lang='lat' dir='ltr'>unde</span> 
     </span>
     <span class='ocr_line' id='line_1_30' title="bbox 90 1550 1473 1599; baseline 0.001 -13"><span class='ocrx_word' id='word_1_317' title='bbox 90 1563 201 1586; x_wconf 76' lang='lat' dir='ltr'>manus</span> <span class='ocrx_word' id='word_1_318' title='bbox 233 1553 374 1586; x_wconf 79' lang='lat' dir='ltr'>Socratis</span> <span class='ocrx_word' id='word_1_319' title='bbox 398 1554 545 1597; x_wconf 73' lang='lat' dir='ltr'>quamvis</span> <span class='ocrx_word' id='word_1_320' title='bbox 564 1550 610 1595; x_wconf 78' lang='lat' dir='ltr'>fit</span> <span class='ocrx_word' id='word_1_321' title='bbox 631 1551 791 1597; x_wconf 75' lang='lat' dir='ltr'>quoddam</span> <span class='ocrx_word' id='word_1_322' title='bbox 824 1551 1031 1585; x_wconf 77' lang='lat' dir='ltr'>individuum</span> <span class='ocrx_word' id='word_1_323' title='bbox 1044 1579 1053 1593; x_wconf 87' lang='lat'>,</span> <span class='ocrx_word' id='word_1_324' title='bbox 1066 1563 1126 1585; x_wconf 89' lang='lat' dir='ltr'>non</span> <span class='ocrx_word' id='word_1_325' title='bbox 1140 1560 1246 1585; x_wconf 81' lang='lat' dir='ltr'>tamen</span> <span class='ocrx_word' id='word_1_326' title='bbox 1266 1551 1307 1595; x_wconf 84' lang='lat' dir='ltr'>est</span> <span class='ocrx_word' id='word_1_327' title='bbox 1325 1555 1473 1599; x_wconf 76' lang='lat' dir='ltr'>persona,</span> 
     </span>
     <span class='ocr_line' id='line_1_31' title="bbox 91 1599 1474 1649; baseline -0.001 -14"><span class='ocrx_word' id='word_1_328' title='bbox 91 1603 239 1647; x_wconf 83' lang='lat' dir='ltr'>quianon</span> <span class='ocrx_word' id='word_1_329' title='bbox 251 1611 310 1649; x_wconf 84' lang='lat' dir='ltr'>per</span> <span class='ocrx_word' id='word_1_330' title='bbox 313 1601 348 1646; x_wconf 75' lang='lat' dir='ltr'><em>ft</em></span> <span class='ocrx_word' id='word_1_331' title='bbox 359 1600 481 1644; x_wconf 75' lang='lat' dir='ltr'>existit,</span> <span class='ocrx_word' id='word_1_332' title='bbox 496 1599 555 1644; x_wconf 74' lang='lat' dir='ltr'>sed</span> <span class='ocrx_word' id='word_1_333' title='bbox 564 1602 596 1633; x_wconf 86' lang='lat' dir='ltr'>in</span> <span class='ocrx_word' id='word_1_334' title='bbox 609 1599 746 1645; x_wconf 75' lang='lat' dir='ltr'>quodam</span> <span class='ocrx_word' id='word_1_335' title='bbox 755 1600 934 1647; x_wconf 61' lang='lat' dir='ltr'>perfeffiori</span> <span class='ocrx_word' id='word_1_336' title='bbox 946 1627 954 1637; x_wconf 85' lang='lat'><em>,</em></span> <span class='ocrx_word' id='word_1_337' title='bbox 968 1600 1092 1644; x_wconf 81' lang='lat' dir='ltr'>scilicet</span> <span class='ocrx_word' id='word_1_338' title='bbox 1109 1602 1144 1633; x_wconf 86' lang='lat' dir='ltr'>in</span> <span class='ocrx_word' id='word_1_339' title='bbox 1160 1600 1218 1644; x_wconf 79' lang='lat' dir='ltr'>fiw</span> <span class='ocrx_word' id='word_1_340' title='bbox 1235 1610 1309 1636; x_wconf 81' lang='lat' dir='ltr'>toto.</span> <span class='ocrx_word' id='word_1_341' title='bbox 1327 1602 1366 1634; x_wconf 89' lang='lat' dir='ltr'>Et</span> <span class='ocrx_word' id='word_1_342' title='bbox 1382 1614 1415 1649; x_wconf 84' lang='lat' dir='ltr'>q.</span> <span class='ocrx_word' id='word_1_343' title='bbox 1439 1616 1474 1648; x_wconf 77' lang='lat'>4,</span> 
     </span>
     <span class='ocr_line' id='line_1_32' title="bbox 89 1643 1477 1699; baseline 0 -17"><span class='ocrx_word' id='word_1_344' title='bbox 89 1660 149 1685; x_wconf 84' lang='lat' dir='ltr'>art.</span> <span class='ocrx_word' id='word_1_345' title='bbox 167 1664 193 1686; x_wconf 90' lang='lat'>2.</span> <span class='ocrx_word' id='word_1_346' title='bbox 208 1650 390 1683; x_wconf 74' lang='lat' dir='ltr'>Dicendum</span> <span class='ocrx_word' id='word_1_347' title='bbox 406 1647 492 1695; x_wconf 74' lang='lat' dir='ltr'>quod</span> <span class='ocrx_word' id='word_1_348' title='bbox 511 1659 625 1681; x_wconf 77' lang='lat' dir='ltr'>naturae</span> <span class='ocrx_word' id='word_1_349' title='bbox 636 1649 787 1696; x_wconf 57' lang='lat' dir='ltr'>assumptae</span> <span class='ocrx_word' id='word_1_350' title='bbox 803 1643 864 1682; x_wconf 77' lang='lat' dir='ltr'>non</span> <span class='ocrx_word' id='word_1_351' title='bbox 883 1647 965 1692; x_wconf 86' lang='lat' dir='ltr'>deest</span> <span class='ocrx_word' id='word_1_352' title='bbox 974 1650 1106 1696; x_wconf 77' lang='lat' dir='ltr'>propria</span> <span class='ocrx_word' id='word_1_353' title='bbox 1124 1649 1331 1695; x_wconf 61' lang='lat' dir='ltr'>perfinalitas</span> <span class='ocrx_word' id='word_1_354' title='bbox 1349 1677 1359 1691; x_wconf 95' lang='lat'>,</span> <span class='ocrx_word' id='word_1_355' title='bbox 1377 1661 1477 1699; x_wconf 83' lang='lat' dir='ltr'>prop-</span> 
     </span>
     <span class='ocr_line' id='line_1_33' title="bbox 89 1695 1478 1747; baseline 0.001 -16"><span class='ocrx_word' id='word_1_356' title='bbox 89 1707 139 1732; x_wconf 80' lang='lat' dir='ltr'>ter</span> <span class='ocrx_word' id='word_1_357' title='bbox 150 1698 301 1742; x_wconf 66' lang='lat' dir='ltr'>defifsum</span> <span class='ocrx_word' id='word_1_358' title='bbox 316 1697 451 1740; x_wconf 77' lang='lat' dir='ltr'>alicujus</span> <span class='ocrx_word' id='word_1_359' title='bbox 467 1724 474 1734; x_wconf 85' lang='lat'><em>,</em></span> <span class='ocrx_word' id='word_1_360' title='bbox 490 1696 575 1743; x_wconf 82' lang='lat' dir='ltr'>quod</span> <span class='ocrx_word' id='word_1_361' title='bbox 592 1697 635 1730; x_wconf 80' lang='lat' dir='ltr'>ad</span> <span class='ocrx_word' id='word_1_362' title='bbox 643 1697 858 1744; x_wconf 63' lang='lat' dir='ltr'>perfeflionem</span> <span class='ocrx_word' id='word_1_363' title='bbox 868 1707 984 1730; x_wconf 61' lang='lat' dir='ltr'>nature</span> <span class='ocrx_word' id='word_1_364' title='bbox 999 1695 1136 1730; x_wconf 65' lang='lat' dir='ltr'>humano</span> <span class='ocrx_word' id='word_1_365' title='bbox 1148 1699 1308 1743; x_wconf 80' lang='lat' dir='ltr'>pertineat</span> <span class='ocrx_word' id='word_1_366' title='bbox 1319 1712 1327 1732; x_wconf 75' lang='grc' dir='ltr'><strong><em>ς</em></strong></span> <span class='ocrx_word' id='word_1_367' title='bbox 1339 1699 1393 1742; x_wconf 66' lang='grc' dir='ltr'>[ἑά</span> <span class='ocrx_word' id='word_1_368' title='bbox 1402 1710 1478 1747; x_wconf 89' lang='lat' dir='ltr'>pro-</span> 
     </span>
     <span class='ocr_line' id='line_1_34' title="bbox 88 1744 1474 1794; baseline -0.001 -15"><span class='ocrx_word' id='word_1_369' title='bbox 88 1755 163 1794; x_wconf 83' lang='lat' dir='ltr'>pter</span> <span class='ocrx_word' id='word_1_370' title='bbox 175 1746 368 1780; x_wconf 75' lang='lat' dir='ltr'>additionem</span> <span class='ocrx_word' id='word_1_371' title='bbox 382 1748 519 1790; x_wconf 79' lang='lat' dir='ltr'>alicujus</span> <span class='ocrx_word' id='word_1_372' title='bbox 534 1745 620 1790; x_wconf 77' lang='lat' dir='ltr'>quod</span> <span class='ocrx_word' id='word_1_373' title='bbox 634 1744 675 1789; x_wconf 78' lang='lat' dir='ltr'>est&#39;</span> <span class='ocrx_word' id='word_1_374' title='bbox 687 1747 790 1794; x_wconf 69' lang='lat' dir='ltr'>ficpra</span> <span class='ocrx_word' id='word_1_375' title='bbox 807 1745 977 1782; x_wconf 78' lang='lat' dir='ltr'>humanam</span> <span class='ocrx_word' id='word_1_376' title='bbox 991 1755 1140 1779; x_wconf 78' lang='lat' dir='ltr'>naturam</span> <span class='ocrx_word' id='word_1_377' title='bbox 1154 1771 1164 1783; x_wconf 86' lang='lat'><em>,</em></span> <span class='ocrx_word' id='word_1_378' title='bbox 1186 1744 1270 1791; x_wconf 81' lang='lat' dir='ltr'>quod</span> <span class='ocrx_word' id='word_1_379' title='bbox 1289 1745 1329 1790; x_wconf 85' lang='lat' dir='ltr'>est</span> <span class='ocrx_word' id='word_1_380' title='bbox 1342 1749 1414 1781; x_wconf 83' lang='lat' dir='ltr'>unio</span> <span class='ocrx_word' id='word_1_381' title='bbox 1427 1748 1474 1783; x_wconf 71' lang='lat' dir='ltr'>ad</span> 
     </span>
     <span class='ocr_line' id='line_1_35' title="bbox 88 1794 428 1842; baseline -0.012 -14"><span class='ocrx_word' id='word_1_382' title='bbox 88 1795 249 1842; x_wconf 78' lang='lat' dir='ltr'>personam</span> <span class='ocrx_word' id='word_1_383' title='bbox 272 1794 428 1829; x_wconf 72' lang='lat' dir='ltr'>divinam,</span> 
     </span>
    </p>

    <p class='ocr_par' dir='ltr' id='par_1_20' title="bbox 86 1840 1476 2187">
     <span class='ocr_line' id='line_1_36' title="bbox 118 1840 1474 1890; baseline -0.003 -12"><span class='ocrx_word' id='word_1_384' title='bbox 118 1843 260 1878; x_wconf 75' lang='lat' dir='ltr'>Certum</span> <span class='ocrx_word' id='word_1_385' title='bbox 273 1843 318 1876; x_wconf 89' lang='lat' dir='ltr'>est</span> <span class='ocrx_word' id='word_1_386' title='bbox 333 1853 363 1878; x_wconf 67' lang='grc' dir='ltr'>τ’</span> <span class='ocrx_word' id='word_1_387' title='bbox 373 1844 534 1877; x_wconf 78' lang='lat' dir='ltr'>rationem</span> <span class='ocrx_word' id='word_1_388' title='bbox 543 1840 732 1888; x_wconf 45' lang='lat' dir='ltr'>persona&amp;</span> <span class='ocrx_word' id='word_1_389' title='bbox 741 1841 1076 1890; x_wconf 78' lang='lat' dir='ltr'>negativa,&amp;positiva</span> <span class='ocrx_word' id='word_1_390' title='bbox 1089 1842 1232 1878; x_wconf 63' lang='lat' dir='ltr'>dietione</span> <span class='ocrx_word' id='word_1_391' title='bbox 1241 1843 1377 1889; x_wconf 87' lang='lat' dir='ltr'>exprimi</span> <span class='ocrx_word' id='word_1_392' title='bbox 1392 1841 1474 1877; x_wconf 86' lang='lat' dir='ltr'>sole-</span> 
     </span>
     <span class='ocr_line' id='line_1_37' title="bbox 87 1889 1473 1939; baseline 0.001 -14"><span class='ocrx_word' id='word_1_393' title='bbox 87 1903 124 1925; x_wconf 74' lang='lat' dir='ltr'>te</span> <span class='ocrx_word' id='word_1_394' title='bbox 137 1905 144 1926; x_wconf 93' lang='lat'>:</span> <span class='ocrx_word' id='word_1_395' title='bbox 156 1891 429 1939; x_wconf 80' lang='lat' dir='ltr'>quemadmodum</span> <span class='ocrx_word' id='word_1_396' title='bbox 439 1893 471 1925; x_wconf 90' lang='lat' dir='ltr'>in</span> <span class='ocrx_word' id='word_1_397' title='bbox 485 1889 585 1938; x_wconf 74' lang='lat' dir='ltr'>figura</span> <span class='ocrx_word' id='word_1_398' title='bbox 600 1891 808 1937; x_wconf 82' lang='lat' dir='ltr'>exprimenda</span> <span class='ocrx_word' id='word_1_399' title='bbox 818 1891 981 1925; x_wconf 87' lang='lat' dir='ltr'>interdum</span> <span class='ocrx_word' id='word_1_400' title='bbox 997 1902 1079 1927; x_wconf 89' lang='lat' dir='ltr'>voce</span> <span class='ocrx_word' id='word_1_401' title='bbox 1095 1890 1275 1926; x_wconf 86' lang='lat' dir='ltr'>affirmante</span> <span class='ocrx_word' id='word_1_402' title='bbox 1287 1893 1403 1926; x_wconf 88' lang='lat' dir='ltr'>utimur</span> <span class='ocrx_word' id='word_1_403' title='bbox 1415 1908 1424 1934; x_wconf 81' lang='lat'>3</span> <span class='ocrx_word' id='word_1_404' title='bbox 1437 1904 1473 1926; x_wconf 91' lang='lat' dir='ltr'>ut</span> 
     </span>
     <span class='ocr_line' id='line_1_38' title="bbox 90 1937 1473 1988; baseline 0 -14"><span class='ocrx_word' id='word_1_405' title='bbox 90 1953 163 1975; x_wconf 89' lang='lat' dir='ltr'>cum</span> <span class='ocrx_word' id='word_1_406' title='bbox 174 1941 307 1975; x_wconf 85' lang='lat' dir='ltr'>dicimus</span> <span class='ocrx_word' id='word_1_407' title='bbox 320 1952 391 1975; x_wconf 78' lang='lat' dir='ltr'>eam</span> <span class='ocrx_word' id='word_1_408' title='bbox 406 1937 466 1974; x_wconf 81' lang='lat' dir='ltr'>effe</span> <span class='ocrx_word' id='word_1_409' title='bbox 479 1941 623 1987; x_wconf 84' lang='lat' dir='ltr'>corporis</span> <span class='ocrx_word' id='word_1_410' title='bbox 634 1942 807 1974; x_wconf 86' lang='lat' dir='ltr'>terminum</span> <span class='ocrx_word' id='word_1_411' title='bbox 823 1944 856 1976; x_wconf 89' lang='lat'><strong>&amp;</strong></span> <span class='ocrx_word' id='word_1_412' title='bbox 865 1939 1142 1987; x_wconf 85' lang='lat' dir='ltr'>complementum</span> <span class='ocrx_word' id='word_1_413' title='bbox 1155 1954 1164 1976; x_wconf 75' lang='grc' dir='ltr'><strong><em>ε</em></strong></span> <span class='ocrx_word' id='word_1_414' title='bbox 1179 1951 1292 1987; x_wconf 84' lang='lat' dir='ltr'>corpus</span> <span class='ocrx_word' id='word_1_415' title='bbox 1306 1939 1358 1974; x_wconf 90' lang='lat' dir='ltr'>sua</span> <span class='ocrx_word' id='word_1_416' title='bbox 1372 1938 1473 1988; x_wconf 74' lang='lat' dir='ltr'>figura</span> 
     </span>
     <span class='ocr_line' id='line_1_39' title="bbox 86 1986 1476 2037; baseline -0.001 -15"><span class='ocrx_word' id='word_1_417' title='bbox 86 1986 304 2024; x_wconf 64' lang='lat' dir='ltr'>&gt;circumscribi</span> <span class='ocrx_word' id='word_1_418' title='bbox 317 2000 389 2032; x_wconf 73' lang='lat' dir='ltr'>3aut</span> <span class='ocrx_word' id='word_1_419' title='bbox 400 1999 539 2036; x_wconf 76' lang='lat' dir='ltr'>negante</span> <span class='ocrx_word' id='word_1_420' title='bbox 553 1989 649 2023; x_wconf 79' lang='lat' dir='ltr'>etiam</span> <span class='ocrx_word' id='word_1_421' title='bbox 658 2017 668 2031; x_wconf 88' lang='lat'><em>‚</em></span> <span class='ocrx_word' id='word_1_422' title='bbox 681 2000 752 2023; x_wconf 87' lang='lat' dir='ltr'>curn</span> <span class='ocrx_word' id='word_1_423' title='bbox 769 1999 924 2035; x_wconf 82' lang='lat' dir='ltr'>negamus</span> <span class='ocrx_word' id='word_1_424' title='bbox 941 2000 1055 2037; x_wconf 77' lang='lat' dir='ltr'>corpus</span> <span class='ocrx_word' id='word_1_425' title='bbox 1069 2000 1157 2023; x_wconf 83' lang='lat' dir='ltr'>extra</span> <span class='ocrx_word' id='word_1_426' title='bbox 1171 1987 1257 2023; x_wconf 84' lang='lat' dir='ltr'>suam</span> <span class='ocrx_word' id='word_1_427' title='bbox 1269 1986 1400 2036; x_wconf 77' lang='lat' dir='ltr'>figuram</span> <span class='ocrx_word' id='word_1_428' title='bbox 1418 1999 1476 2023; x_wconf 84' lang='lat' dir='ltr'>ex.</span> 
     </span>
     <span class='ocr_line' id='line_1_40' title="bbox 87 2035 1474 2086; baseline 0.001 -14"><span class='ocrx_word' id='word_1_429' title='bbox 87 2039 191 2074; x_wconf 68' lang='lat' dir='ltr'>rendi.</span> <span class='ocrx_word' id='word_1_430' title='bbox 212 2039 263 2075; x_wconf 81' lang='lat' dir='ltr'>Sic</span> <span class='ocrx_word' id='word_1_431' title='bbox 281 2051 336 2085; x_wconf 88' lang='lat' dir='ltr'>per</span> <span class='ocrx_word' id='word_1_432' title='bbox 353 2035 582 2084; x_wconf 77' lang='lat' dir='ltr'>subsistentiam</span> <span class='ocrx_word' id='word_1_433' title='bbox 597 2049 830 2086; x_wconf 68' lang='lat' dir='ltr'>negamusrem</span> <span class='ocrx_word' id='word_1_434' title='bbox 841 2035 902 2071; x_wconf 76' lang='lat' dir='ltr'>eise</span> <span class='ocrx_word' id='word_1_435' title='bbox 930 2038 962 2072; x_wconf 84' lang='lat' dir='ltr'>in</span> <span class='ocrx_word' id='word_1_436' title='bbox 983 2037 1048 2071; x_wconf 85' lang='lat' dir='ltr'>alio</span> <span class='ocrx_word' id='word_1_437' title='bbox 1075 2047 1110 2072; x_wconf 88' lang='lat' dir='ltr'>ut</span> <span class='ocrx_word' id='word_1_438' title='bbox 1137 2039 1171 2072; x_wconf 90' lang='lat' dir='ltr'>in</span> <span class='ocrx_word' id='word_1_439' title='bbox 1191 2037 1397 2085; x_wconf 62' lang='lat' dir='ltr'>perfectiori,</span> <span class='ocrx_word' id='word_1_440' title='bbox 1419 2049 1474 2073; x_wconf 85' lang='lat' dir='ltr'>aut</span> 
     </span>
     <span class='ocr_line' id='line_1_41' title="bbox 91 2084 1472 2134; baseline 0.001 -14"><span class='ocrx_word' id='word_1_441' title='bbox 91 2086 151 2121; x_wconf 82' lang='lat' dir='ltr'>effe</span> <span class='ocrx_word' id='word_1_442' title='bbox 168 2088 239 2133; x_wconf 73' lang='lat' dir='ltr'>juris</span> <span class='ocrx_word' id='word_1_443' title='bbox 252 2086 370 2125; x_wconf 82' lang='lat' dir='ltr'>alieni:</span> <span class='ocrx_word' id='word_1_444' title='bbox 381 2087 419 2119; x_wconf 87' lang='lat' dir='ltr'>-id</span> <span class='ocrx_word' id='word_1_445' title='bbox 432 2084 510 2121; x_wconf 81' lang='lat' dir='ltr'>ver&#39;o</span> <span class='ocrx_word' id='word_1_446' title='bbox 519 2084 677 2120; x_wconf 80' lang='lat' dir='ltr'>asserimus</span> <span class='ocrx_word' id='word_1_447' title='bbox 689 2085 858 2134; x_wconf 73' lang='lat' dir='ltr'>perfimam</span> <span class='ocrx_word' id='word_1_448' title='bbox 869 2098 924 2133; x_wconf 84' lang='lat' dir='ltr'>per</span> <span class='ocrx_word' id='word_1_449' title='bbox 934 2085 1163 2121; x_wconf 86' lang='lat' dir='ltr'>subsistentiam</span> <span class='ocrx_word' id='word_1_450' title='bbox 1179 2088 1210 2120; x_wconf 89' lang='lat' dir='ltr'>iu</span> <span class='ocrx_word' id='word_1_451' title='bbox 1225 2085 1255 2120; x_wconf 91' lang='lat' dir='ltr'>se</span> <span class='ocrx_word' id='word_1_452' title='bbox 1264 2084 1369 2120; x_wconf 87' lang='lat' dir='ltr'>sistere</span> <span class='ocrx_word' id='word_1_453' title='bbox 1385 2114 1395 2128; x_wconf 88' lang='lat'>,</span> <span class='ocrx_word' id='word_1_454' title='bbox 1410 2085 1472 2121; x_wconf 66' lang='lat' dir='ltr'>effie</span> 
     </span>
     <span class='ocr_line' id='line_1_42' title="bbox 90 2134 1474 2187; baseline 0 -19"><span class='ocrx_word' id='word_1_455' title='bbox 90 2134 220 2185; x_wconf 80' lang='lat' dir='ltr'>sui-juris</span> <span class='ocrx_word' id='word_1_456' title='bbox 234 2164 242 2178; x_wconf 84' lang='lat'>‚</span> <span class='ocrx_word' id='word_1_457' title='bbox 259 2134 319 2170; x_wconf 75' lang='lat' dir='ltr'>effe</span> <span class='ocrx_word' id='word_1_458' title='bbox 335 2138 495 2187; x_wconf 76' lang='lat' dir='ltr'>integrum</span> <span class='ocrx_word' id='word_1_459' title='bbox 508 2135 622 2181; x_wconf 79' lang='lat' dir='ltr'>agendi</span> <span class='ocrx_word' id='word_1_460' title='bbox 635 2137 839 2183; x_wconf 86' lang='lat' dir='ltr'>principium.</span> <span class='ocrx_word' id='word_1_461' title='bbox 856 2137 909 2169; x_wconf 88' lang='lat' dir='ltr'>Sic</span> <span class='ocrx_word' id='word_1_462' title='bbox 918 2138 1026 2171; x_wconf 86' lang='lat' dir='ltr'>Patres</span> <span class='ocrx_word' id='word_1_463' title='bbox 1042 2134 1185 2170; x_wconf 88' lang='lat' dir='ltr'>Concilii</span> <span class='ocrx_word' id='word_1_464' title='bbox 1206 2135 1474 2172; x_wconf 74' lang='lat' dir='ltr'>francofordien-</span> 
     </span>
    </p>

    <p class='ocr_par' dir='ltr' id='par_1_21' title="bbox 93 2181 1473 2233">
     <span class='ocr_line' id='line_1_43' title="bbox 93 2181 1473 2233; baseline -0.001 -17"><span class='ocrx_word' id='word_1_465' title='bbox 93 2182 128 2217; x_wconf 82' lang='lat' dir='ltr'>sis</span> <span class='ocrx_word' id='word_1_466' title='bbox 142 2184 276 2231; x_wconf 72' lang='lat' dir='ltr'>insspist.</span> <span class='ocrx_word' id='word_1_467' title='bbox 295 2185 335 2219; x_wconf 86' lang='lat' dir='ltr'>ad</span> <span class='ocrx_word' id='word_1_468' title='bbox 344 2186 515 2233; x_wconf 71' lang='lat' dir='ltr'>Episcopos</span> <span class='ocrx_word' id='word_1_469' title='bbox 529 2181 694 2231; x_wconf 77' lang='lat' dir='ltr'>Hispaniae</span> <span class='ocrx_word' id='word_1_470' title='bbox 711 2211 719 2225; x_wconf 86' lang='lat'>‚</span> <span class='ocrx_word' id='word_1_471' title='bbox 745 2186 783 2218; x_wconf 88' lang='lat' dir='ltr'>ln</span> <span class='ocrx_word' id='word_1_472' title='bbox 800 2186 867 2217; x_wconf 83' lang='lat' dir='ltr'>Deo</span> <span class='ocrx_word' id='word_1_473' title='bbox 889 2184 1030 2222; x_wconf 82' lang='lat' dir='ltr'>homine,</span> <span class='ocrx_word' id='word_1_474' title='bbox 1053 2185 1206 2231; x_wconf 74' lang='lat' dir='ltr'>,inquiunt</span> <span class='ocrx_word' id='word_1_475' title='bbox 1220 2212 1230 2226; x_wconf 87' lang='lat'>,</span> <span class='ocrx_word' id='word_1_476' title='bbox 1252 2186 1382 2231; x_wconf 85' lang='lat' dir='ltr'>gemina</span> <span class='ocrx_word' id='word_1_477' title='bbox 1393 2183 1473 2229; x_wconf 70' lang='lat' dir='ltr'><em>fiab-</em></span> 
     </span>
    </p>

    <p class='ocr_par' dir='ltr' id='par_1_22' title="bbox 87 2230 1471 2281">
     <span class='ocr_line' id='line_1_44' title="bbox 87 2230 1471 2281; baseline 0.001 -17"><span class='ocrx_word' id='word_1_478' title='bbox 87 2230 209 2275; x_wconf 78' lang='lat' dir='ltr'>stantia</span> <span class='ocrx_word' id='word_1_479' title='bbox 221 2232 347 2275; x_wconf 84' lang='lat' dir='ltr'>est‚non</span> <span class='ocrx_word' id='word_1_480' title='bbox 359 2235 488 2281; x_wconf 76' lang='lat' dir='ltr'>gemina</span> <span class='ocrx_word' id='word_1_481' title='bbox 501 2232 642 2280; x_wconf 70' lang='lat' dir='ltr'>persona.</span> <span class='ocrx_word' id='word_1_482' title='bbox 662 2234 891 2281; x_wconf 70' lang='lat' dir='ltr'>Nampersbna</span> <span class='ocrx_word' id='word_1_483' title='bbox 911 2233 1072 2279; x_wconf 75' lang='lat' dir='ltr'>personam</span> <span class='ocrx_word' id='word_1_484' title='bbox 1094 2233 1263 2277; x_wconf 79' lang='lat' dir='ltr'>confltmere</span> <span class='ocrx_word' id='word_1_485' title='bbox 1273 2231 1387 2280; x_wconf 38' lang='lat' dir='ltr'>potest&lt;</span> <span class='ocrx_word' id='word_1_486' title='bbox 1409 2244 1471 2266; x_wconf 79' lang='lat' dir='ltr'>non</span> 
     </span>
    </p>

    <p class='ocr_par' dir='ltr' id='par_1_23' title="bbox 92 2278 1467 2330">
     <span class='ocr_line' id='line_1_45' title="bbox 92 2278 1467 2330; baseline 0.001 -18"><span class='ocrx_word' id='word_1_487' title='bbox 92 2278 469 2324; x_wconf 69' lang='lat' dir='ltr'>fitbstamiafitbslantiaem</span> <span class='ocrx_word' id='word_1_488' title='bbox 487 2295 496 2312; x_wconf 95' lang='lat'><em>:</em></span> <span class='ocrx_word' id='word_1_489' title='bbox 509 2283 721 2330; x_wconf 54' lang='lat' dir='ltr'>quiapeyfina</span> <span class='ocrx_word' id='word_1_490' title='bbox 745 2293 793 2314; x_wconf 84' lang='lat' dir='ltr'>res</span> <span class='ocrx_word' id='word_1_491' title='bbox 803 2283 886 2322; x_wconf 73' lang='lat' dir='ltr'>juris</span> <span class='ocrx_word' id='word_1_492' title='bbox 897 2279 1145 2326; x_wconf 73' lang='lat' dir='ltr'>est‚fi1bstantia</span> <span class='ocrx_word' id='word_1_493' title='bbox 1163 2292 1210 2313; x_wconf 82' lang='lat' dir='ltr'>res</span> <span class='ocrx_word' id='word_1_494' title='bbox 1222 2291 1349 2316; x_wconf 82' lang='lat' dir='ltr'>naturae.</span> <span class='ocrx_word' id='word_1_495' title='bbox 1367 2281 1467 2317; x_wconf 85' lang='lat' dir='ltr'>Unde</span> 
     </span>
    </p>

    <p class='ocr_par' dir='ltr' id='par_1_24' title="bbox 83 2319 1471 2424">
     <span class='ocr_line' id='line_1_46' title="bbox 83 2319 1471 2378; baseline -0.001 -13"><span class='ocrx_word' id='word_1_496' title='bbox 83 2319 170 2365; x_wconf 68' lang='lat' dir='ltr'>¹licet</span> <span class='ocrx_word' id='word_1_497' title='bbox 188 2329 219 2364; x_wconf 85' lang='lat' dir='ltr'>in</span> <span class='ocrx_word' id='word_1_498' title='bbox 237 2327 364 2377; x_wconf 71' lang='lat' dir='ltr'>Christo</span> <span class='ocrx_word' id='word_1_499' title='bbox 384 2327 443 2365; x_wconf 85' lang='lat' dir='ltr'>siut</span> <span class='ocrx_word' id='word_1_500' title='bbox 456 2329 523 2366; x_wconf 69' lang='lat' dir='ltr'>dua:</span> <span class='ocrx_word' id='word_1_501' title='bbox 537 2339 587 2366; x_wconf 78' lang='lat' dir='ltr'>res</span> <span class='ocrx_word' id='word_1_502' title='bbox 599 2359 608 2374; x_wconf 84' lang='lat'>,</span> <span class='ocrx_word' id='word_1_503' title='bbox 634 2342 701 2378; x_wconf 78' lang='lat' dir='ltr'>quae</span> <span class='ocrx_word' id='word_1_504' title='bbox 728 2330 866 2365; x_wconf 82' lang='lat' dir='ltr'>maxime</span> <span class='ocrx_word' id='word_1_505' title='bbox 889 2330 974 2365; x_wconf 80' lang='lat' dir='ltr'>inter</span> <span class='ocrx_word' id='word_1_506' title='bbox 991 2327 1184 2366; x_wconf 65' lang='lat' dir='ltr'>sedifferunt</span> <span class='ocrx_word' id='word_1_507' title='bbox 1197 2356 1206 2369; x_wconf 87' lang='lat'>,</span> <span class='ocrx_word' id='word_1_508' title='bbox 1231 2328 1370 2364; x_wconf 84' lang='lat' dir='ltr'>humana</span> <span class='ocrx_word' id='word_1_509' title='bbox 1390 2328 1471 2365; x_wconf 56' lang='lat' dir='ltr'>scili,⁵</span> 
     </span>
     <span class='ocr_line' id='line_1_47' title="bbox 1124 2376 1252 2424; baseline -0.016 -13"><span class='ocrx_word' id='word_1_510' title='bbox 1124 2377 1156 2411; x_wconf 64' lang='lat' dir='ltr'>,L</span> <span class='ocrx_word' id='word_1_511' title='bbox 1168 2376 1200 2411; x_wconf 92' lang='lat' dir='ltr'>ll</span> <span class='ocrx_word' id='word_1_512' title='bbox 1219 2379 1252 2424; x_wconf 83' lang='lat' dir='ltr'>iij</span> 
     </span>
    </p>
   </div>
  </div>
 </body>
</html>
