1857 2745
346 147 762 185 T‘RACTATUS
804 143 1119 182 SECUNDUS.
1414 163 1452 186 οε

69 211 159 244 muS,
179 197 215 234 fir.
227 199 260 235 id
273 212 340 248 quo
355 211 404 234 res
413 198 634 239 constituitur;
651 194 817 244 exemplar
828 193 864 230 fit
878 195 968 230 velut
980 207 1094 230 norma
1109 224 1118 238 ,
1139 194 1178 230 ad
1192 206 1290 242 quarn
1311 164 1457 244 dirigi-tui·

70 255 106 288 ὅτ,
120 249 278 285 formatur
298 248 454 291 effectus3
471 246 577 282 forma
586 246 630 280 est
645 247 692 279 rei
710 247 827 280 intima
840 274 850 288 ‚
879 243 1043 293 exemplar
1063 245 1109 279 est
1133 245 1241 280 forma
1258 245 1432 281 extrinseca
1447 276 1457 290 ‚

70 310 141 346 quae
155 298 256 334 habet
268 296 328 333 effe
338 297 538 346 objeffivum
552 325 562 340 ,
575 307 610 330 ut
619 295 733 344 postea
744 295 886 329 dicemus
901 311 911 338 3
930 294 1037 329 forma
1052 295 1100 330 est
1113 306 1185 344 pars
1198 293 1379 343 compositi,
1392 308 1458 332 non

71 349 153 384 item
164 347 350 395 exemplar.

74 431 79 433 .
111 398 196 444 Opp.
210 412 240 434 2.
256 395 360 431 Causa
379 394 484 431 finalis
503 400 537 433 &
557 393 705 430 effectrix
722 393 802 442 saepe
822 406 888 428 non
905 391 1150 441 distinguuntur.
1163 394 1216 426 Sic
1231 395 1320 427 Deus
1341 395 1388 428 est
1409 394 1458 429 ul-

69 447 166 487 timus
180 444 251 481 finis
265 475 274 490 ,
293 450 329 483 ὃς
344 447 448 494 prima
465 456 572 479 rerum
584 446 730 480 omnium
742 442 892 478 effectrix
904 441 996 476 causa
1020 456 1028 478 :
1059 444 1128 476 imo
1143 444 1175 476 in
1190 440 1329 490 Physicis
1349 443 1458 479 forma

68 493 135 543 ipsa
148 495 189 533 est
201 493 271 531 finis
287 522 297 537 ,
324 507 426 542 quem
439 494 531 528 causa
549 491 693 529 effeetrix
717 491 775 528 fibi
795 493 959 541 praestituit
973 506 981 529 :
999 504 1078 539 ergo
1089 490 1162 527 finis
1173 503 1238 526 non
1251 491 1297 525 est
1315 491 1403 528 causa
1416 491 1458 527 ab

72 542 141 578 aliis
157 544 317 580 distincta.

88 593 195 641 «Kasp.
220 593 305 637 Dist.
325 603 424 629 antec.
443 590 547 627 Causa
563 591 665 627 finalis
678 591 888 626 materialiter
909 590 1034 638 sumpta
1053 618 1063 633 ‚
1089 588 1143 624 seu
1159 601 1208 623 res
1233 601 1303 636 quae
1317 589 1361 623 est
1384 601 1459 624 cau-

68 641 100 682 sa
111 641 232 686 finalis,
251 641 330 691 saepe
347 654 420 676 cum
432 639 595 677 effectrice
612 639 720 683 causa,
739 652 794 674 aut
816 640 923 675 forma
944 642 1043 676 etiam
1070 638 1301 681 confunditur,
1331 642 1368 674 C.
1385 651 1459 674 cau-

68 688 101 727 sa
118 690 224 727 finalis
243 690 422 726 formaliter
433 689 577 739 sumpta,
588 689 639 727 seu
649 701 810 738 quatenus
824 688 1023 725 eii-“estricern
1038 689 1078 723 ad
1098 688 1258 738 agendum
1276 687 1459 737 impellit&

68 751 184 776 movet
197 769 208 783 ‚
229 742 281 776 Ν.
1364 767 1367 769 .

105 789 337 839 Opp.3.Multae
349 787 419 824 sunt
430 788 525 823 causae
538 799 653 836 praeter
666 790 976 827 enumeratasNam
992 789 1148 823 terminus
1162 788 1207 822 est
1221 786 1310 821 causa
1324 786 1456 824 relatio-

67 839 116 876 riis
135 855 145 881 3
166 837 298 887 objecta
309 837 378 873 sunt
394 836 491 872 causae
506 836 676 873 habituum
694 845 728 876 ὅ(
743 843 872 876 actuum
888 857 897 883 ·‚
911 824 969 873 dis
979 836 1128 873 ositiones
1149 842 1182 874 &
1197 837 1400 872 conditiones
1415 838 1455 872 ad

66 888 230 935 agendum
240 886 397 935 requisitae
407 889 492 923 inter
501 886 603 922 causas
617 892 777 925 numerari
789 888 916 938 polsunt
926 851 1031 937 :grgo
1044 898 1159 936 praeter
1186 885 1290 921 causas
1305 899 1383 934 quas
1406 899 1455 922 at-

68 935 198 971 tulimus
212 966 221 980 ,
242 936 310 971 sunt
328 936 398 970 aliae
415 936 608 985 complures.
1124 979 1127 981 -

71 1017 75 1019 s
101 985 189 1029 Resp.
204 997 256 1018 eas
267 998 337 1031 quae
353 984 527 1019 afferuntur
538 1013 550 1027 ,
559 984 612 1020 vel
626 984 716 1019 nullo
728 986 829 1021 rnodo
841 984 944 1020 causas
955 984 1018 1018 dici
1033 983 1132 1033 posse,
1145 983 1234 1032 qu'od
1245 997 1309 1020 non
1321 983 1458 1020 influant

66 1032 100 1067 in
110 1032 283 1069 effectum:
299 1032 338 1068 fic
348 1035 503 1068 terminus
519 1046 585 1068 non
598 1033 642 1067 est
659 1034 748 1069 causa
765 1035 930 1069 relationis
940 1062 948 1077 ‚
965 1036 1013 1068 uti
1029 1046 1090 1070 nec
1105 1033 1287 1069 occasiones
1301 1033 1396 1068 causae
1406 1035 1457 1068 di-

66 1083 95 1117 ci
106 1080 251 1129 possunt,
275 1082 330 1117 nisi
342 1094 398 1130 per
415 1083 583 1125 accidens3
601 1081 653 1116 vel
667 1083 708 1115 ad
723 1083 798 1118 alias
810 1083 912 1118 causas
926 1086 1071 1117 revocari
1085 1082 1206 1125 solent,
1231 1095 1266 1118 ut
1290 1081 1456 1128 objectum

66 1130 111 1170 est
128 1130 220 1165 velut
239 1130 383 1166 formalis
393 1128 483 1165 causa
495 1133 690 1179 cognitionis
704 1149 712 1175 ·‚
728 1133 934 1166 conditiones
948 1129 1027 1165 vero
1038 1131 1078 1164 ad
1096 1132 1261 1178 agendum
1276 1130 1432 1177 requisitae
1446 1160 1457 1174 ,

65 1181 165 1214 autin
179 1182 362 1216 remotione
378 1179 687 1226 impedimentorum
703 1209 712 1223 ‚
730 1192 785 1215 aut
805 1183 839 1215 in
855 1179 1075 1229 applicatione
1093 1182 1218 1227 agentis
1233 1181 1273 1215 ad
1287 1182 1455 1215 materiam
1473 1192 1477 1207 ³

65 1226 275 1276 positae-sunt,
296 1240 334 1265 ut
349 1241 391 1265 ex
404 1230 445 1263 iis
460 1241 529 1276 quae
540 1242 620 1264 mox
632 1229 750 1265 dicturi
764 1228 866 1266 sumus
879 1259 888 1273 ‚
905 1227 1109 1265 manifestum
1131 1227 1197 1264 fiet.
1213 1255 1217 1257 -

549 1329 985 1376 QUAEST10111..

516 1428 572 1460 De
592 1426 755 1471 caufitrum
774 1423 999 1471 affeliionibus»

66 1525 296 1609 PRaecipuas
312 1521 473 1557 causarum
483 1524 698 1570 proprietates
710 1526 776 1571 jam
797 1523 972 1561 attulimus,
986 1522 1063 1571 Jam
1077 1533 1112 1557 ur
1127 1517 1203 1556 alias
1216 1534 1348 1571 quoque
1372 1522 1454 1562 affess
1468 1548 1473 1549 ν

133 1575 257 1609 &iones
268 1571 472 1606 decurramus
484 1600 493 1614 ‚
512 1584 579 1606 non
591 1574 651 1606 erit
668 1571 854 1608 alienumin
866 1576 951 1607 varia
970 1572 1133 1607 causarum
1151 1583 1269 1620 genera
1288 1573 1385 1620 paulo
1403 1578 1453 1610 di-

65 1621 221 1671 ligentius
239 1622 400 1666 inquirere
424 1635 431 1656 :
457 1621 488 1654 id
500 1622 590 1655 enim
601 1623 767 1669 permagni
779 1620 847 1656 usus
860 1623 987 1656 videtur
999 1622 1037 1656 ad
1054 1633 1091 1654 ea
1104 1620 1313 1668 intelligenda
1335 1635 1405 1670 quae
1416 1628 1452 1662 in
1469 1639 1473 1654 ·.

61 1670 199 1719 physicis
214 1669 361 1705 tradituri
373 1669 474 1705 sumus
488 1668 580 1705 :cum
592 1672 755 1718 principiis
768 1668 853 1705 bene
863 1671 1046 1705 constitutis
1058 1669 1182 1716 reliqua
1193 1668 1280 1704 velut
1292 1669 1343 1705 sua
1357 1672 1448 1721 spon-

64 1731 98 1754 te
116 1719 178 1754 sese
190 1718 351 1761 offerant3
374 1730 478 1767 neque
489 1731 527 1754 ex
547 1718 613 1753 alio
632 1719 726 1753 fonte
749 1730 799 1753 tot
812 1718 909 1754 sectas
931 1722 1005 1754 oriri
1025 1731 1156 1767 putem,
1181 1718 1281 1765 quam
1310 1724 1396 1766 quod
1418 1727 1450 1758 in
1469 1738 1471 1741 ·

65 1779 167 1802 certas
182 1767 285 1802 causas
298 1796 307 1809 ,
331 1766 400 1802 aliis
415 1769 552 1803 omnino
566 1767 720 1816 neglectis
739 1797 748 1810 ‚
771 1768 907 1816 quilque
916 1769 1063 1803 intendat
1082 1770 1236 1801 animum.
1282 1771 1363 1820 Qae
1391 1771 1452 1807 hoc

65 1815 142 1850 loco
159 1817 276 1851 dietari
288 1815 389 1850 sumus
406 1847 416 1860 ‚
434 1829 470 1852 ea
489 1815 557 1851 sunt
579 1816 598 1851 ἐι
620 1819 799 1851 recentiore
819 1823 852 1853 &
867 1817 1044 1854 acutiffimo
1064 1815 1260 1864 Philosoplio
1276 1819 1450 1855 l-lonorato
1463 1833 1472 1847 2·

66 1864 157 1900 Fabri
182 1864 275 1900 fufius
292 1865 450 1912 explicata
469 1879 476 1899 :
508 1877 546 1899 ex
563 1867 599 1898 iis
622 1877 690 1912 qua:
710 1865 750 1898 ad
769 1867 948 1901 institutum
965 1867 1102 1904 nostrum
1122 1864 1213 1899 utilia
1235 1865 1451 1912 videbuntur,
1468 1896 1472 1905 ,-

66 1925 276 1962 excerpemus
292 1943 301 1956 ‚
318 1919 350 1950 ὃ(
373 1916 405 1948 in
419 1926 520 1962 pauca
536 1914 753 1949 conferemus.

75 1994 79 1996 .
115 1962 224 1998 Causae
238 1974 273 1998 ut
290 1964 309 1997 a
323 1962 548 2011 Metaphyfico
559 1961 845 2010 (pestaridebent3
860 1976 925 1998 non
939 1973 974 1997 ut
991 1974 1043 1996 eas
1059 1961 1246 1997 Aristoteles
1260 1963 1450 2009 considerat,
1467 1992 1470 1996 .

66 2022 226 2059 quatenus
239 2025 284 2046 eae
295 2013 451 2046 duntaxat
465 2013 504 2045 ad
515 2013 759 2059 generationem
770 2014 913 2061 corporis
928 2010 1079 2046 naturalis
1093 2010 1276 2059 conspirant
1286 2041 1296 2055 ,
1309 2026 1364 2048 aut
1382 2014 1451 2049 sunt
1466 2024 1473 2043 ῑ

65 2059 178 2109 logicae
193 2088 202 2103 ,
233 2060 284 2095 seu
299 2058 545 2108 metaphysicae,
563 2072 619 2096 aut
641 2060 779 2096 morales
792 2090 801 2104 ‚
827 2073 881 2096 aut
895 2073 984 2096 mere
1013 2058 1206 2107 objectivae‚
1234 2073 1289 2096 aut
1303 2062 1458 2110 physicae.>

64 2111 161 2148 Primi
181 2112 306 2157 generis
318 2122 362 2146 eae
380 2109 452 2144 sunt
468 2121 538 2156 quae
549 2110 582 2144 in
601 2110 713 2145 ordine
725 2110 764 2143 ad
776 2109 923 2145 scientias
937 2109 1092 2145 humanas
1114 2110 1248 2157 perinde
1263 2109 1293 2144 se
1307 2111 1449 2158 habent,

67 2169 105 2191 ac
126 2157 147 2192 fi
163 2171 242 2192 verae
255 2157 354 2193 essent
368 2158 472 2195 causae.
498 2160 550 2193 Sic
564 2160 672 2193 anima
693 2159 806 2193 dicitur
823 2159 914 2194 causa
937 2158 1119 2194 intellectus
1145 2163 1178 2194 ἃ
1194 2158 1368 2194 voluntatis
1389 2177 1398 2203 3
1415 2167 1449 2199 &

68 2205 176 2240 forma
189 2219 296 2242 earum
313 2210 542 2256 proprietatum
555 2220 627 2254 qua:
640 2206 682 2241 ab
701 2210 955 2254 ea,cogitatione
970 2219 1096 2242 tantum
1110 2206 1259 2241 differunt
1293 2210 1343 2242 Sic
1357 2211 1451 2246 Geo..

69 2255 187 2289 metria
202 2260 234 2290 &
247 2255 460 2290 Arithmetica
478 2256 695 2291 demonstrant
705 2255 892 2291 affe-{tiones
903 2256 1074 2305 figurarum
1089 2267 1145 2289 aut
1158 2267 1365 2292 numerorum
1376 2287 1386 2302 ‚
1415 2265 1450 2296 &

70 2314 180 2337 earum
191 2303 294 2337 causas
310 2303 544 2352 afferunt‚quafi
557 2302 656 2340 effent
667 2304 687 2340 a
698 2303 804 2352 figuris
823 2306 1021 2340 velnumeris
1033 2304 1195 2339 distinctae.
1206 2305 1289 2339 Cum
1301 2309 1387 2341 enim
1399 2320 1449 2342 ra-

71 2353 118 2385 tio
132 2351 328 2399 cognitionis
343 2353 456 2387 nostrae
475 2382 484 2396 ‚
506 2364 561 2389 aut
578 2354 723 2390 humanae
744 2353 882 2388 scientiae
897 2352 1033 2389 habetur
1049 2382 1058 2397 ‚
1083 2364 1194 2400 parum
1218 2353 1318 2388 refert
1330 2367 1369 2390 an
1388 2356 1450 2392 illae

71 2402 282 2448 proprietates
307 2399 328 2435 a
344 2400 450 2436 fon-na
465 2400 523 2438 sint
538 2414 590 2447 re,
623 2402 677 2440 vel
692 2404 891 2451 cogitatione
920 2414 1046 2439 tantum
1072 2402 1237 2438 distinctae.
1261 2403 1384 2439 Sicubi
1406 2418 1448 2442 ex

1142 2452 1175 2485 R
1192 2463 1229 2486 rr
1253 2454 1272 2499 'ij
