<?xml version="1.0" encoding="UTF-8"?>
<!DOCTYPE html PUBLIC "-//W3C//DTD XHTML 1.0 Transitional//EN"
    "http://www.w3.org/TR/xhtml1/DTD/xhtml1-transitional.dtd">
<html xmlns="http://www.w3.org/1999/xhtml" xml:lang="en" lang="en">
 <head>
  <title>
</title>
<meta http-equiv="Content-Type" content="text/html;charset=utf-8" />
  <meta name='ocr-system' content='tesseract 3.04.00' />
  <meta name='ocr-capabilities' content='ocr_page ocr_carea ocr_par ocr_line ocrx_word'/>
</head>
<body>
  <div class='ocr_page' id='page_1' title='image "./philosophiavetus01duhauoft_0159.png"; bbox 0 0 1857 2745; ppageno 0'>
   <div class='ocr_carea' id='block_1_1' title="bbox 0 1013 11 1551">
    <p class='ocr_par' dir='ltr' id='par_1_1' title="bbox 0 1013 11 1551">
     <span class='ocr_line' id='line_1_1' title="bbox 0 1013 11 1551; baseline 0 1194"><span class='ocrx_word' id='word_1_1' title='bbox 0 1013 11 1551; x_wconf 95' lang='lat' dir='ltr'> </span> 
     </span>
    </p>
   </div>
   <div class='ocr_carea' id='block_1_2' title="bbox 80 114 1492 1484">
    <p class='ocr_par' dir='ltr' id='par_1_2' title="bbox 96 114 1479 266">
     <span class='ocr_line' id='line_1_2' title="bbox 469 114 1442 157; baseline 0.004 -4"><span class='ocrx_word' id='word_1_2' title='bbox 469 117 544 153; x_wconf 77' lang='lat' dir='ltr'>DE</span> <span class='ocrx_word' id='word_1_3' title='bbox 592 114 1088 152; x_wconf 79' lang='lat' dir='ltr'>PRAEDICAMENTIS.</span> <span class='ocrx_word' id='word_1_4' title='bbox 1432 136 1442 157; x_wconf 85' lang='lat'>1</span> 
     </span>
     <span class='ocr_line' id='line_1_3' title="bbox 97 134 1479 217; baseline -0.002 -11"><span class='ocrx_word' id='word_1_5' title='bbox 97 169 186 206; x_wconf 85' lang='lat' dir='ltr'>Hinc</span> <span class='ocrx_word' id='word_1_6' title='bbox 200 166 331 217; x_wconf 85' lang='lat' dir='ltr'>pulchra</span> <span class='ocrx_word' id='word_1_7' title='bbox 345 193 355 210; x_wconf 89' lang='lat'>,</span> <span class='ocrx_word' id='word_1_8' title='bbox 380 167 496 201; x_wconf 84' lang='lat' dir='ltr'>eadem</span> <span class='ocrx_word' id='word_1_9' title='bbox 513 164 654 201; x_wconf 87' lang='lat' dir='ltr'>formosa</span> <span class='ocrx_word' id='word_1_10' title='bbox 666 166 813 200; x_wconf 88' lang='lat' dir='ltr'>dicuntur</span> <span class='ocrx_word' id='word_1_11' title='bbox 827 179 835 200; x_wconf 75' lang='lat' dir='ltr'>t</span> <span class='ocrx_word' id='word_1_12' title='bbox 860 168 900 201; x_wconf 85' lang='lat' dir='ltr'>Et</span> <span class='ocrx_word' id='word_1_13' title='bbox 918 165 1125 213; x_wconf 65' lang='lat' dir='ltr'>pulchritudo</span> <span class='ocrx_word' id='word_1_14' title='bbox 1142 165 1207 214; x_wconf 82' lang='lat' dir='ltr'>ipsa</span> <span class='ocrx_word' id='word_1_15' title='bbox 1223 177 1263 201; x_wconf 79' lang='lat' dir='ltr'>ex</span> <span class='ocrx_word' id='word_1_16' title='bbox 1278 168 1328 203; x_wconf 87' lang='lat' dir='ltr'>M.</span> <span class='ocrx_word' id='word_1_17' title='bbox 1345 134 1479 212; x_wconf 42' lang='lat' dir='ltr'>Tullidz</span> 
     </span>
     <span class='ocr_line' id='line_1_4' title="bbox 96 213 1126 266; baseline -0.003 -14"><span class='ocrx_word' id='word_1_18' title='bbox 96 229 174 266; x_wconf 80' lang='lat' dir='ltr'>apta</span> <span class='ocrx_word' id='word_1_19' title='bbox 190 216 231 261; x_wconf 84' lang='lat' dir='ltr'>est</span> <span class='ocrx_word' id='word_1_20' title='bbox 241 215 350 266; x_wconf 75' lang='lat' dir='ltr'>figura</span> <span class='ocrx_word' id='word_1_21' title='bbox 364 213 575 250; x_wconf 84' lang='lat' dir='ltr'>membrorum</span> <span class='ocrx_word' id='word_1_22' title='bbox 589 228 658 249; x_wconf 87' lang='lat' dir='ltr'>cum</span> <span class='ocrx_word' id='word_1_23' title='bbox 674 215 785 249; x_wconf 80' lang='lat' dir='ltr'>coloris</span> <span class='ocrx_word' id='word_1_24' title='bbox 802 214 943 260; x_wconf 79' lang='lat' dir='ltr'>quadam</span> <span class='ocrx_word' id='word_1_25' title='bbox 950 215 1126 261; x_wconf 69' lang='lat' dir='ltr'>fiaavitate.</span> 
     </span>
    </p>

    <p class='ocr_par' dir='ltr' id='par_1_3' title="bbox 88 262 1478 693">
     <span class='ocr_line' id='line_1_5' title="bbox 128 262 1478 313; baseline -0.001 -11"><span class='ocrx_word' id='word_1_26' title='bbox 128 267 175 302; x_wconf 85' lang='lat' dir='ltr'>Ac</span> <span class='ocrx_word' id='word_1_27' title='bbox 184 265 265 299; x_wconf 68' lang='lat' dir='ltr'>nese:</span> <span class='ocrx_word' id='word_1_28' title='bbox 284 277 347 300; x_wconf 82' lang='lat' dir='ltr'>·an</span> <span class='ocrx_word' id='word_1_29' title='bbox 362 264 446 299; x_wconf 84' lang='lat' dir='ltr'>aliud</span> <span class='ocrx_word' id='word_1_30' title='bbox 459 262 647 308; x_wconf 83' lang='lat' dir='ltr'>discrimen,</span> <span class='ocrx_word' id='word_1_31' title='bbox 667 265 766 311; x_wconf 86' lang='lat' dir='ltr'>idque</span> <span class='ocrx_word' id='word_1_32' title='bbox 780 265 886 311; x_wconf 80' lang='lat' dir='ltr'>aptius</span> <span class='ocrx_word' id='word_1_33' title='bbox 904 265 987 300; x_wconf 84' lang='lat' dir='ltr'>inter</span> <span class='ocrx_word' id='word_1_34' title='bbox 1003 264 1144 299; x_wconf 88' lang='lat' dir='ltr'>formam</span> <span class='ocrx_word' id='word_1_35' title='bbox 1163 269 1196 301; x_wconf 92' lang='lat'>&amp;</span> <span class='ocrx_word' id='word_1_36' title='bbox 1219 263 1353 313; x_wconf 76' lang='lat' dir='ltr'>figuram</span> <span class='ocrx_word' id='word_1_37' title='bbox 1371 262 1478 300; x_wconf 72' lang='lat' dir='ltr'>affini</span> 
     </span>
     <span class='ocr_line' id='line_1_6' title="bbox 91 311 1477 363; baseline -0.002 -14"><span class='ocrx_word' id='word_1_38' title='bbox 91 314 207 363; x_wconf 84' lang='lat' dir='ltr'>poffit:</span> <span class='ocrx_word' id='word_1_39' title='bbox 230 314 317 361; x_wconf 90' lang='lat' dir='ltr'>quod</span> <span class='ocrx_word' id='word_1_40' title='bbox 338 312 437 362; x_wconf 84' lang='lat' dir='ltr'>figura</span> <span class='ocrx_word' id='word_1_41' title='bbox 457 311 493 347; x_wconf 85' lang='lat' dir='ltr'>fit</span> <span class='ocrx_word' id='word_1_42' title='bbox 509 314 653 348; x_wconf 75' lang='lat' dir='ltr'>exterior</span> <span class='ocrx_word' id='word_1_43' title='bbox 664 314 806 361; x_wconf 84' lang='lat' dir='ltr'>corporis</span> <span class='ocrx_word' id='word_1_44' title='bbox 826 312 1073 348; x_wconf 64' lang='lat' dir='ltr'>circumscriitio</span> <span class='ocrx_word' id='word_1_45' title='bbox 1091 331 1098 356; x_wconf 81' lang='lat'>3</span> <span class='ocrx_word' id='word_1_46' title='bbox 1123 312 1230 347; x_wconf 76' lang='lat' dir='ltr'>forma</span> <span class='ocrx_word' id='word_1_47' title='bbox 1252 326 1331 349; x_wconf 85' lang='lat' dir='ltr'>vero</span> <span class='ocrx_word' id='word_1_48' title='bbox 1348 313 1384 348; x_wconf 83' lang='lat' dir='ltr'>sit</span> <span class='ocrx_word' id='word_1_49' title='bbox 1402 326 1477 361; x_wconf 81' lang='lat' dir='ltr'>par-</span> 
     </span>
     <span class='ocr_line' id='line_1_7' title="bbox 93 327 1477 411; baseline -0.003 -13"><span class='ocrx_word' id='word_1_50' title='bbox 93 366 172 398; x_wconf 83' lang='lat' dir='ltr'>tium</span> <span class='ocrx_word' id='word_1_51' title='bbox 188 364 379 398; x_wconf 86' lang='lat' dir='ltr'>interiorum</span> <span class='ocrx_word' id='word_1_52' title='bbox 394 392 403 406; x_wconf 92' lang='lat'>,</span> <span class='ocrx_word' id='word_1_53' title='bbox 422 368 456 399; x_wconf 73' lang='grc' dir='ltr'>δι</span> <span class='ocrx_word' id='word_1_54' title='bbox 473 361 563 397; x_wconf 88' lang='lat' dir='ltr'>velut</span> <span class='ocrx_word' id='word_1_55' title='bbox 574 363 843 397; x_wconf 81' lang='lat' dir='ltr'>lineamentorum</span> <span class='ocrx_word' id='word_1_56' title='bbox 858 372 944 397; x_wconf 83' lang='lat' dir='ltr'>certa</span> <span class='ocrx_word' id='word_1_57' title='bbox 960 327 1134 411; x_wconf 55' lang='lat' dir='ltr'>dillpofitio.</span> <span class='ocrx_word' id='word_1_58' title='bbox 1165 363 1252 397; x_wconf 88' lang='lat' dir='ltr'>Cum</span> <span class='ocrx_word' id='word_1_59' title='bbox 1277 375 1348 397; x_wconf 73' lang='lat' dir='ltr'>cera</span> <span class='ocrx_word' id='word_1_60' title='bbox 1366 375 1404 397; x_wconf 86' lang='lat' dir='ltr'>ex</span> <span class='ocrx_word' id='word_1_61' title='bbox 1422 376 1477 398; x_wconf 85' lang='lat' dir='ltr'>ro-</span> 
     </span>
     <span class='ocr_line' id='line_1_8' title="bbox 92 409 1478 459; baseline -0.001 -12"><span class='ocrx_word' id='word_1_62' title='bbox 92 412 191 447; x_wconf 79' lang='lat' dir='ltr'>tunda</span> <span class='ocrx_word' id='word_1_63' title='bbox 207 411 243 447; x_wconf 87' lang='lat' dir='ltr'>fit</span> <span class='ocrx_word' id='word_1_64' title='bbox 257 412 428 459; x_wconf 77' lang='lat' dir='ltr'>quadrata,</span> <span class='ocrx_word' id='word_1_65' title='bbox 446 413 641 447; x_wconf 83' lang='lat' dir='ltr'>exteriorem</span> <span class='ocrx_word' id='word_1_66' title='bbox 666 423 769 446; x_wconf 86' lang='lat' dir='ltr'>mutat</span> <span class='ocrx_word' id='word_1_67' title='bbox 802 409 934 459; x_wconf 73' lang='lat' dir='ltr'>figuram</span> <span class='ocrx_word' id='word_1_68' title='bbox 960 425 967 446; x_wconf 73' lang='grc' dir='ltr'><strong>ε</strong></span> <span class='ocrx_word' id='word_1_69' title='bbox 1004 412 1057 446; x_wconf 63' lang='lat' dir='ltr'>std</span> <span class='ocrx_word' id='word_1_70' title='bbox 1075 411 1159 446; x_wconf 87' lang='lat' dir='ltr'>illius</span> <span class='ocrx_word' id='word_1_71' title='bbox 1179 423 1284 458; x_wconf 84' lang='lat' dir='ltr'>partes</span> <span class='ocrx_word' id='word_1_72' title='bbox 1306 413 1478 449; x_wconf 85' lang='lat' dir='ltr'>interiores</span> 
     </span>
     <span class='ocr_line' id='line_1_9' title="bbox 90 458 1475 507; baseline -0.002 -11"><span class='ocrx_word' id='word_1_73' title='bbox 90 464 189 496; x_wconf 82' lang='lat' dir='ltr'>etiam</span> <span class='ocrx_word' id='word_1_74' title='bbox 202 459 394 495; x_wconf 74' lang='lat' dir='ltr'>insensibiles</span> <span class='ocrx_word' id='word_1_75' title='bbox 407 472 496 494; x_wconf 90' lang='lat' dir='ltr'>certo</span> <span class='ocrx_word' id='word_1_76' title='bbox 506 461 648 507; x_wconf 86' lang='lat' dir='ltr'>quodam</span> <span class='ocrx_word' id='word_1_77' title='bbox 658 461 758 495; x_wconf 88' lang='lat' dir='ltr'>modo</span> <span class='ocrx_word' id='word_1_78' title='bbox 770 459 894 507; x_wconf 82' lang='lat' dir='ltr'>semper</span> <span class='ocrx_word' id='word_1_79' title='bbox 911 458 984 496; x_wconf 90' lang='lat' dir='ltr'>sunt</span> <span class='ocrx_word' id='word_1_80' title='bbox 997 460 1209 495; x_wconf 82' lang='lat' dir='ltr'>conformatae</span> <span class='ocrx_word' id='word_1_81' title='bbox 1225 477 1233 504; x_wconf 82' lang='lat'>3</span> <span class='ocrx_word' id='word_1_82' title='bbox 1249 460 1332 494; x_wconf 87' lang='lat' dir='ltr'>adeo</span> <span class='ocrx_word' id='word_1_83' title='bbox 1344 472 1377 494; x_wconf 85' lang='lat' dir='ltr'>ut</span> <span class='ocrx_word' id='word_1_84' title='bbox 1391 459 1475 495; x_wconf 66' lang='lat' dir='ltr'>hinc</span> 
     </span>
     <span class='ocr_line' id='line_1_10' title="bbox 90 507 1475 558; baseline 0 -14"><span class='ocrx_word' id='word_1_85' title='bbox 90 522 167 544; x_wconf 87' lang='lat' dir='ltr'>cerae</span> <span class='ocrx_word' id='word_1_86' title='bbox 181 509 343 553; x_wconf 86' lang='lat' dir='ltr'>formam,</span> <span class='ocrx_word' id='word_1_87' title='bbox 355 523 421 545; x_wconf 86' lang='lat' dir='ltr'>non</span> <span class='ocrx_word' id='word_1_88' title='bbox 434 509 548 557; x_wconf 77' lang='lat' dir='ltr'>lapidis</span> <span class='ocrx_word' id='word_1_89' title='bbox 560 509 731 558; x_wconf 74' lang='lat' dir='ltr'>subjiciant</span> <span class='ocrx_word' id='word_1_90' title='bbox 749 509 862 544; x_wconf 88' lang='lat' dir='ltr'>oculis.</span> <span class='ocrx_word' id='word_1_91' title='bbox 889 507 947 542; x_wconf 84' lang='lat' dir='ltr'>llla</span> <span class='ocrx_word' id='word_1_92' title='bbox 969 511 1107 557; x_wconf 83' lang='lat' dir='ltr'>partium</span> <span class='ocrx_word' id='word_1_93' title='bbox 1131 510 1229 542; x_wconf 84' lang='lat' dir='ltr'>etiam</span> <span class='ocrx_word' id='word_1_94' title='bbox 1249 507 1475 544; x_wconf 79' lang='lat' dir='ltr'>insensibilium</span> 
     </span>
     <span class='ocr_line' id='line_1_11' title="bbox 88 556 1473 607; baseline 0 -15"><span class='ocrx_word' id='word_1_95' title='bbox 88 557 303 607; x_wconf 80' lang='lat' dir='ltr'>configuratio</span> <span class='ocrx_word' id='word_1_96' title='bbox 321 558 458 593; x_wconf 80' lang='lat' dir='ltr'>formam</span> <span class='ocrx_word' id='word_1_97' title='bbox 473 556 624 605; x_wconf 86' lang='lat' dir='ltr'>cujusque</span> <span class='ocrx_word' id='word_1_98' title='bbox 642 561 687 592; x_wconf 85' lang='lat' dir='ltr'>rci</span> <span class='ocrx_word' id='word_1_99' title='bbox 704 586 714 601; x_wconf 92' lang='lat'>,</span> <span class='ocrx_word' id='word_1_100' title='bbox 736 557 848 592; x_wconf 85' lang='lat' dir='ltr'>saltem</span> <span class='ocrx_word' id='word_1_101' title='bbox 872 559 1052 593; x_wconf 71' lang='lat' dir='ltr'>inanimatae</span> <span class='ocrx_word' id='word_1_102' title='bbox 1065 586 1074 600; x_wconf 93' lang='lat'>‚</span> <span class='ocrx_word' id='word_1_103' title='bbox 1092 570 1127 592; x_wconf 89' lang='lat' dir='ltr'>ut</span> <span class='ocrx_word' id='word_1_104' title='bbox 1143 557 1300 606; x_wconf 85' lang='lat' dir='ltr'>plerisque</span> <span class='ocrx_word' id='word_1_105' title='bbox 1319 558 1449 592; x_wconf 79' lang='lat' dir='ltr'>videtur</span> <span class='ocrx_word' id='word_1_106' title='bbox 1463 587 1473 602; x_wconf 79' lang='lat'>,</span> 
     </span>
     <span class='ocr_line' id='line_1_12' title="bbox 88 605 1475 656; baseline -0.004 -13"><span class='ocrx_word' id='word_1_107' title='bbox 88 619 205 656; x_wconf 82' lang='lat' dir='ltr'>magna</span> <span class='ocrx_word' id='word_1_108' title='bbox 216 619 255 642; x_wconf 89' lang='lat' dir='ltr'>ex</span> <span class='ocrx_word' id='word_1_109' title='bbox 272 618 362 656; x_wconf 81' lang='lat' dir='ltr'>parte</span> <span class='ocrx_word' id='word_1_110' title='bbox 378 605 487 644; x_wconf 85' lang='lat' dir='ltr'>efficit.</span> <span class='ocrx_word' id='word_1_111' title='bbox 497 611 622 643; x_wconf 87' lang='lat' dir='ltr'>Verum</span> <span class='ocrx_word' id='word_1_112' title='bbox 636 608 708 652; x_wconf 82' lang='lat' dir='ltr'>ista,</span> <span class='ocrx_word' id='word_1_113' title='bbox 729 620 800 655; x_wconf 79' lang='lat' dir='ltr'>quae</span> <span class='ocrx_word' id='word_1_114' title='bbox 813 605 943 643; x_wconf 86' lang='lat' dir='ltr'>alterius</span> <span class='ocrx_word' id='word_1_115' title='bbox 952 607 1024 643; x_wconf 88' lang='lat' dir='ltr'>sunt</span> <span class='ocrx_word' id='word_1_116' title='bbox 1037 606 1102 642; x_wconf 89' lang='lat' dir='ltr'>loci</span> <span class='ocrx_word' id='word_1_117' title='bbox 1113 636 1123 651; x_wconf 89' lang='lat'>‚</span> <span class='ocrx_word' id='word_1_118' title='bbox 1144 607 1260 642; x_wconf 74' lang='lat' dir='ltr'>leviter</span> <span class='ocrx_word' id='word_1_119' title='bbox 1278 607 1415 655; x_wconf 68' lang='lat' dir='ltr'>attvgiffc</span> <span class='ocrx_word' id='word_1_120' title='bbox 1427 607 1475 641; x_wconf 82' lang='lat' dir='ltr'>sa-</span> 
     </span>
     <span class='ocr_line' id='line_1_13' title="bbox 90 656 262 693; baseline 0.023 -4"><span class='ocrx_word' id='word_1_121' title='bbox 90 657 129 690; x_wconf 89' lang='lat' dir='ltr'>tis</span> <span class='ocrx_word' id='word_1_122' title='bbox 150 656 262 693; x_wconf 82' lang='lat' dir='ltr'>fuerit.</span> 
     </span>
    </p>

    <p class='ocr_par' dir='ltr' id='par_1_4' title="bbox 80 703 1492 1191">
     <span class='ocr_line' id='line_1_14' title="bbox 117 703 1474 754; baseline 0.001 -16"><span class='ocrx_word' id='word_1_123' title='bbox 117 706 304 753; x_wconf 72' lang='lat' dir='ltr'>figurarum</span> <span class='ocrx_word' id='word_1_124' title='bbox 322 703 493 739; x_wconf 79' lang='lat' dir='ltr'>divisiones</span> <span class='ocrx_word' id='word_1_125' title='bbox 511 709 546 741; x_wconf 66' lang='grc' dir='ltr'>ὃ(</span> <span class='ocrx_word' id='word_1_126' title='bbox 559 717 678 754; x_wconf 84' lang='lat' dir='ltr'>genera</span> <span class='ocrx_word' id='word_1_127' title='bbox 693 703 813 740; x_wconf 85' lang='lat' dir='ltr'>referre</span> <span class='ocrx_word' id='word_1_128' title='bbox 844 704 896 740; x_wconf 84' lang='lat' dir='ltr'>etfi</span> <span class='ocrx_word' id='word_1_129' title='bbox 912 719 979 740; x_wconf 90' lang='lat' dir='ltr'>non</span> <span class='ocrx_word' id='word_1_130' title='bbox 1006 705 1094 739; x_wconf 87' lang='lat' dir='ltr'>foret</span> <span class='ocrx_word' id='word_1_131' title='bbox 1115 704 1253 747; x_wconf 89' lang='lat' dir='ltr'>inutile,</span> <span class='ocrx_word' id='word_1_132' title='bbox 1274 715 1383 740; x_wconf 88' lang='lat' dir='ltr'>tamen</span> <span class='ocrx_word' id='word_1_133' title='bbox 1401 704 1474 740; x_wconf 91' lang='lat' dir='ltr'>lon-</span> 
     </span>
     <span class='ocr_line' id='line_1_15' title="bbox 86 751 1475 801; baseline 0.002 -14"><span class='ocrx_word' id='word_1_134' title='bbox 86 765 163 801; x_wconf 82' lang='lat' dir='ltr'>gum</span> <span class='ocrx_word' id='word_1_135' title='bbox 178 751 298 791; x_wconf 79' lang='lat' dir='ltr'>esset&amp;</span> <span class='ocrx_word' id='word_1_136' title='bbox 309 752 493 788; x_wconf 85' lang='lat' dir='ltr'>molestum.</span> <span class='ocrx_word' id='word_1_137' title='bbox 517 756 554 788; x_wconf 78' lang='lat' dir='ltr'>In</span> <span class='ocrx_word' id='word_1_138' title='bbox 562 753 745 788; x_wconf 80' lang='lat' dir='ltr'>universum</span> <span class='ocrx_word' id='word_1_139' title='bbox 762 753 832 789; x_wconf 88' lang='lat' dir='ltr'>satis</span> <span class='ocrx_word' id='word_1_140' title='bbox 850 754 952 789; x_wconf 86' lang='lat' dir='ltr'>fuerit</span> <span class='ocrx_word' id='word_1_141' title='bbox 966 752 1165 788; x_wconf 79' lang='lat' dir='ltr'>admonuiffe</span> <span class='ocrx_word' id='word_1_142' title='bbox 1183 752 1318 801; x_wconf 83' lang='lat' dir='ltr'>figuram</span> <span class='ocrx_word' id='word_1_143' title='bbox 1335 752 1396 789; x_wconf 80' lang='lat' dir='ltr'>effe</span> <span class='ocrx_word' id='word_1_144' title='bbox 1420 754 1475 790; x_wconf 87' lang='lat' dir='ltr'>vel</span> 
     </span>
     <span class='ocr_line' id='line_1_16' title="bbox 84 802 1476 852; baseline 0.001 -16"><span class='ocrx_word' id='word_1_145' title='bbox 84 802 276 844; x_wconf 76' lang='lat' dir='ltr'>rotundam,</span> <span class='ocrx_word' id='word_1_146' title='bbox 297 814 365 849; x_wconf 86' lang='lat' dir='ltr'>quae</span> <span class='ocrx_word' id='word_1_147' title='bbox 379 814 444 836; x_wconf 91' lang='lat' dir='ltr'>uno</span> <span class='ocrx_word' id='word_1_148' title='bbox 458 804 598 836; x_wconf 86' lang='lat' dir='ltr'>termino</span> <span class='ocrx_word' id='word_1_149' title='bbox 610 829 620 844; x_wconf 92' lang='lat'><em>‚</em></span> <span class='ocrx_word' id='word_1_150' title='bbox 650 802 704 837; x_wconf 87' lang='lat' dir='ltr'>vel</span> <span class='ocrx_word' id='word_1_151' title='bbox 723 803 905 852; x_wconf 79' lang='lat' dir='ltr'>angularem</span> <span class='ocrx_word' id='word_1_152' title='bbox 917 832 927 847; x_wconf 96' lang='lat'>,</span> <span class='ocrx_word' id='word_1_153' title='bbox 954 815 1025 850; x_wconf 81' lang='lat' dir='ltr'>quae</span> <span class='ocrx_word' id='word_1_154' title='bbox 1039 802 1148 837; x_wconf 87' lang='lat' dir='ltr'>multis</span> <span class='ocrx_word' id='word_1_155' title='bbox 1170 806 1315 837; x_wconf 86' lang='lat' dir='ltr'>terminis</span> <span class='ocrx_word' id='word_1_156' title='bbox 1335 806 1476 839; x_wconf 86' lang='lat' dir='ltr'>circum-</span> 
     </span>
     <span class='ocr_line' id='line_1_17' title="bbox 85 848 1475 901; baseline 0 -15"><span class='ocrx_word' id='word_1_157' title='bbox 85 848 241 888; x_wconf 73' lang='lat' dir='ltr'>scribitur.</span> <span class='ocrx_word' id='word_1_158' title='bbox 254 852 407 894; x_wconf 74' lang='lat' dir='ltr'>Harum,</span> <span class='ocrx_word' id='word_1_159' title='bbox 434 861 471 885; x_wconf 89' lang='lat' dir='ltr'>ut</span> <span class='ocrx_word' id='word_1_160' title='bbox 488 851 644 894; x_wconf 83' lang='lat' dir='ltr'>diximus,</span> <span class='ocrx_word' id='word_1_161' title='bbox 668 853 771 900; x_wconf 83' lang='lat' dir='ltr'>prima</span> <span class='ocrx_word' id='word_1_162' title='bbox 789 853 832 886; x_wconf 87' lang='lat' dir='ltr'>est</span> <span class='ocrx_word' id='word_1_163' title='bbox 844 852 1006 895; x_wconf 80' lang='lat' dir='ltr'>trilatera,</span> <span class='ocrx_word' id='word_1_164' title='bbox 1026 864 1095 899; x_wconf 86' lang='lat' dir='ltr'>quae</span> <span class='ocrx_word' id='word_1_165' title='bbox 1109 857 1140 888; x_wconf 88' lang='lat'>&amp;</span> <span class='ocrx_word' id='word_1_166' title='bbox 1158 852 1353 901; x_wconf 84' lang='lat' dir='ltr'>triangulum</span> <span class='ocrx_word' id='word_1_167' title='bbox 1369 855 1475 888; x_wconf 73' lang='lat' dir='ltr'>nomi-</span> 
     </span>
     <span class='ocr_line' id='line_1_18' title="bbox 83 899 1492 949; baseline -0.001 -15"><span class='ocrx_word' id='word_1_168' title='bbox 83 910 189 935; x_wconf 86' lang='lat' dir='ltr'>natur.</span> <span class='ocrx_word' id='word_1_169' title='bbox 209 902 309 949; x_wconf 85' lang='lat' dir='ltr'>Hujus</span> <span class='ocrx_word' id='word_1_170' title='bbox 322 901 438 934; x_wconf 86' lang='lat' dir='ltr'>itidem</span> <span class='ocrx_word' id='word_1_171' title='bbox 449 901 543 934; x_wconf 82' lang='lat' dir='ltr'>variae</span> <span class='ocrx_word' id='word_1_172' title='bbox 558 899 628 935; x_wconf 82' lang='lat' dir='ltr'>sunt</span> <span class='ocrx_word' id='word_1_173' title='bbox 637 899 776 947; x_wconf 80' lang='lat' dir='ltr'>species:</span> <span class='ocrx_word' id='word_1_174' title='bbox 798 914 874 935; x_wconf 86' lang='lat' dir='ltr'>nam</span> <span class='ocrx_word' id='word_1_175' title='bbox 892 900 945 935; x_wconf 92' lang='lat' dir='ltr'>vel</span> <span class='ocrx_word' id='word_1_176' title='bbox 961 903 1021 935; x_wconf 85' lang='lat' dir='ltr'>tria</span> <span class='ocrx_word' id='word_1_177' title='bbox 1046 901 1146 935; x_wconf 82' lang='lat' dir='ltr'>latera</span> <span class='ocrx_word' id='word_1_178' title='bbox 1161 899 1230 935; x_wconf 88' lang='lat' dir='ltr'>sunt</span> <span class='ocrx_word' id='word_1_179' title='bbox 1249 900 1307 935; x_wconf 81' lang='lat' dir='ltr'>fibi</span> <span class='ocrx_word' id='word_1_180' title='bbox 1328 904 1492 938; x_wconf 64' lang='lat' dir='ltr'>invicem,</span> 
     </span>
     <span class='ocr_line' id='line_1_19' title="bbox 86 947 1473 997; baseline 0.001 -15"><span class='ocrx_word' id='word_1_181' title='bbox 86 948 219 995; x_wconf 80' lang='lat' dir='ltr'>aequalia</span> <span class='ocrx_word' id='word_1_182' title='bbox 233 977 242 992; x_wconf 87' lang='lat'>,</span> <span class='ocrx_word' id='word_1_183' title='bbox 264 961 398 997; x_wconf 87' lang='lat' dir='ltr'>tumque</span> <span class='ocrx_word' id='word_1_184' title='bbox 410 947 650 995; x_wconf 77' lang='lat' dir='ltr'>aequilaterum3</span> <span class='ocrx_word' id='word_1_185' title='bbox 672 948 725 982; x_wconf 88' lang='lat' dir='ltr'>vel</span> <span class='ocrx_word' id='word_1_186' title='bbox 744 949 809 982; x_wconf 91' lang='lat' dir='ltr'>duo</span> <span class='ocrx_word' id='word_1_187' title='bbox 828 960 952 984; x_wconf 83' lang='lat' dir='ltr'>tantum</span> <span class='ocrx_word' id='word_1_188' title='bbox 971 978 980 992; x_wconf 88' lang='lat'>,</span> <span class='ocrx_word' id='word_1_189' title='bbox 1009 949 1107 996; x_wconf 87' lang='lat' dir='ltr'>idque</span> <span class='ocrx_word' id='word_1_190' title='bbox 1128 947 1269 984; x_wconf 81' lang='lat' dir='ltr'>isosceles</span> <span class='ocrx_word' id='word_1_191' title='bbox 1298 968 1307 994; x_wconf 81' lang='lat'>3</span> <span class='ocrx_word' id='word_1_192' title='bbox 1333 950 1387 985; x_wconf 82' lang='lat' dir='ltr'>vel</span> <span class='ocrx_word' id='word_1_193' title='bbox 1413 953 1473 984; x_wconf 82' lang='lat' dir='ltr'>tria</span> 
     </span>
     <span class='ocr_line' id='line_1_20' title="bbox 84 995 1473 1046; baseline 0.002 -16"><span class='ocrx_word' id='word_1_194' title='bbox 84 995 154 1031; x_wconf 85' lang='lat' dir='ltr'>sunt</span> <span class='ocrx_word' id='word_1_195' title='bbox 166 997 358 1045; x_wconf 84' lang='lat' dir='ltr'>inaequalia,</span> <span class='ocrx_word' id='word_1_196' title='bbox 383 1009 517 1043; x_wconf 87' lang='lat' dir='ltr'>tumque</span> <span class='ocrx_word' id='word_1_197' title='bbox 533 995 693 1031; x_wconf 79' lang='lat' dir='ltr'>scalenum</span> <span class='ocrx_word' id='word_1_198' title='bbox 706 996 792 1044; x_wconf 85' lang='lat' dir='ltr'>quasi</span> <span class='ocrx_word' id='word_1_199' title='bbox 806 998 1032 1046; x_wconf 67' lang='lat' dir='ltr'>imperfectum</span> <span class='ocrx_word' id='word_1_200' title='bbox 1047 1002 1240 1034; x_wconf 85' lang='lat' dir='ltr'>nominatur.</span> <span class='ocrx_word' id='word_1_201' title='bbox 1270 1001 1320 1033; x_wconf 89' lang='lat' dir='ltr'>Sic</span> <span class='ocrx_word' id='word_1_202' title='bbox 1345 1001 1473 1034; x_wconf 79' lang='lat' dir='ltr'>ratione</span> 
     </span>
     <span class='ocr_line' id='line_1_21' title="bbox 83 1044 1474 1092; baseline 0.003 -14"><span class='ocrx_word' id='word_1_203' title='bbox 83 1044 274 1092; x_wconf 84' lang='lat' dir='ltr'>angulorum</span> <span class='ocrx_word' id='word_1_204' title='bbox 291 1048 326 1080; x_wconf 90' lang='lat' dir='ltr'>in</span> <span class='ocrx_word' id='word_1_205' title='bbox 339 1057 402 1080; x_wconf 89' lang='lat' dir='ltr'>tres</span> <span class='ocrx_word' id='word_1_206' title='bbox 420 1057 552 1092; x_wconf 87' lang='lat' dir='ltr'>quoque</span> <span class='ocrx_word' id='word_1_207' title='bbox 568 1044 688 1091; x_wconf 83' lang='lat' dir='ltr'>species</span> <span class='ocrx_word' id='word_1_208' title='bbox 699 1046 862 1081; x_wconf 84' lang='lat' dir='ltr'>dividitur.</span> <span class='ocrx_word' id='word_1_209' title='bbox 890 1050 1017 1081; x_wconf 86' lang='lat' dir='ltr'>Verum</span> <span class='ocrx_word' id='word_1_210' title='bbox 1037 1047 1090 1080; x_wconf 86' lang='lat' dir='ltr'>ista</span> <span class='ocrx_word' id='word_1_211' title='bbox 1123 1047 1162 1079; x_wconf 85' lang='lat' dir='ltr'>ad</span> <span class='ocrx_word' id='word_1_212' title='bbox 1193 1049 1385 1080; x_wconf 81' lang='lat' dir='ltr'>Geometras</span> <span class='ocrx_word' id='word_1_213' title='bbox 1399 1049 1474 1082; x_wconf 88' lang='lat' dir='ltr'>mit-</span> 
     </span>
     <span class='ocr_line' id='line_1_22' title="bbox 84 1092 1472 1142; baseline 0.004 -16"><span class='ocrx_word' id='word_1_214' title='bbox 84 1095 182 1128; x_wconf 84' lang='lat' dir='ltr'>timus</span> <span class='ocrx_word' id='word_1_215' title='bbox 201 1109 209 1130; x_wconf 89' lang='lat'>:</span> <span class='ocrx_word' id='word_1_216' title='bbox 229 1107 295 1129; x_wconf 90' lang='lat' dir='ltr'>nou</span> <span class='ocrx_word' id='word_1_217' title='bbox 312 1095 399 1141; x_wconf 87' lang='lat' dir='ltr'>quod</span> <span class='ocrx_word' id='word_1_218' title='bbox 413 1092 473 1128; x_wconf 84' lang='lat' dir='ltr'>fint</span> <span class='ocrx_word' id='word_1_219' title='bbox 493 1093 535 1128; x_wconf 83' lang='lat' dir='ltr'>ab</span> <span class='ocrx_word' id='word_1_220' title='bbox 554 1093 701 1128; x_wconf 88' lang='lat' dir='ltr'>instituto</span> <span class='ocrx_word' id='word_1_221' title='bbox 715 1096 840 1142; x_wconf 78' lang='lat' dir='ltr'>penitus</span> <span class='ocrx_word' id='word_1_222' title='bbox 857 1094 964 1129; x_wconf 84' lang='lat' dir='ltr'>aliena</span> <span class='ocrx_word' id='word_1_223' title='bbox 976 1123 985 1137; x_wconf 92' lang='lat'>,</span> <span class='ocrx_word' id='word_1_224' title='bbox 1005 1105 1059 1128; x_wconf 84' lang='lat' dir='ltr'>aut</span> <span class='ocrx_word' id='word_1_225' title='bbox 1076 1093 1201 1128; x_wconf 77' lang='lat' dir='ltr'>inutilia</span> <span class='ocrx_word' id='word_1_226' title='bbox 1216 1123 1227 1137; x_wconf 88' lang='lat'><em>‚</em></span> <span class='ocrx_word' id='word_1_227' title='bbox 1255 1093 1308 1129; x_wconf 89' lang='lat' dir='ltr'>sed</span> <span class='ocrx_word' id='word_1_228' title='bbox 1329 1096 1417 1142; x_wconf 90' lang='lat' dir='ltr'>quod</span> <span class='ocrx_word' id='word_1_229' title='bbox 1438 1098 1472 1131; x_wconf 85' lang='lat' dir='ltr'>in</span> 
     </span>
     <span class='ocr_line' id='line_1_23' title="bbox 80 1140 1158 1191; baseline 0.003 -15"><span class='ocrx_word' id='word_1_230' title='bbox 80 1140 144 1177; x_wconf 88' lang='lat' dir='ltr'>hoc</span> <span class='ocrx_word' id='word_1_231' title='bbox 154 1145 311 1178; x_wconf 68' lang='lat' dir='ltr'>Traetatu</span> <span class='ocrx_word' id='word_1_232' title='bbox 323 1155 372 1177; x_wconf 84' lang='lat' dir='ltr'>res</span> <span class='ocrx_word' id='word_1_233' title='bbox 386 1154 501 1179; x_wconf 87' lang='lat' dir='ltr'>omnes</span> <span class='ocrx_word' id='word_1_234' title='bbox 516 1155 574 1190; x_wconf 90' lang='lat' dir='ltr'>pro</span> <span class='ocrx_word' id='word_1_235' title='bbox 593 1143 750 1190; x_wconf 75' lang='lat' dir='ltr'>dignitate</span> <span class='ocrx_word' id='word_1_236' title='bbox 766 1143 919 1191; x_wconf 82' lang='lat' dir='ltr'>explicari</span> <span class='ocrx_word' id='word_1_237' title='bbox 946 1156 1013 1178; x_wconf 89' lang='lat' dir='ltr'>non</span> <span class='ocrx_word' id='word_1_238' title='bbox 1031 1141 1158 1191; x_wconf 81' lang='lat' dir='ltr'>pofflnt.</span> 
     </span>
    </p>

    <p class='ocr_par' dir='ltr' id='par_1_5' title="bbox 81 1189 1471 1484">
     <span class='ocr_line' id='line_1_24' title="bbox 118 1189 1471 1239; baseline 0.001 -14"><span class='ocrx_word' id='word_1_239' title='bbox 118 1190 202 1226; x_wconf 88' lang='lat' dir='ltr'>Illud</span> <span class='ocrx_word' id='word_1_240' title='bbox 219 1193 375 1227; x_wconf 78' lang='lat' dir='ltr'>duntaxat</span> <span class='ocrx_word' id='word_1_241' title='bbox 391 1192 617 1226; x_wconf 84' lang='lat' dir='ltr'>admonuerim</span> <span class='ocrx_word' id='word_1_242' title='bbox 629 1221 639 1235; x_wconf 93' lang='lat'>,</span> <span class='ocrx_word' id='word_1_243' title='bbox 663 1189 831 1239; x_wconf 74' lang='lat' dir='ltr'>figurarum</span> <span class='ocrx_word' id='word_1_244' title='bbox 844 1221 853 1236; x_wconf 87' lang='lat'>‚</span> <span class='ocrx_word' id='word_1_245' title='bbox 883 1203 916 1227; x_wconf 90' lang='lat' dir='ltr'>ut</span> <span class='ocrx_word' id='word_1_246' title='bbox 933 1204 1144 1228; x_wconf 83' lang='lat' dir='ltr'>numerorum</span> <span class='ocrx_word' id='word_1_247' title='bbox 1168 1194 1308 1227; x_wconf 82' lang='lat' dir='ltr'>rationes</span> <span class='ocrx_word' id='word_1_248' title='bbox 1333 1198 1365 1229; x_wconf 90' lang='lat'><strong>&amp;</strong></span> <span class='ocrx_word' id='word_1_249' title='bbox 1384 1194 1471 1227; x_wconf 79' lang='lat' dir='ltr'>ideas</span> 
     </span>
     <span class='ocr_line' id='line_1_25' title="bbox 83 1238 1470 1288; baseline 0.001 -14"><span class='ocrx_word' id='word_1_250' title='bbox 83 1241 130 1275; x_wconf 88' lang='lat' dir='ltr'>ita</span> <span class='ocrx_word' id='word_1_251' title='bbox 146 1238 317 1276; x_wconf 79' lang='lat' dir='ltr'>esse&#39;claras</span> <span class='ocrx_word' id='word_1_252' title='bbox 329 1246 362 1278; x_wconf 68' lang='grc' dir='ltr'>ὃς</span> <span class='ocrx_word' id='word_1_253' title='bbox 374 1241 555 1285; x_wconf 62' lang='grc' dir='ltr'>ἀίίὶίῃᾶεὶε,</span> <span class='ocrx_word' id='word_1_254' title='bbox 577 1253 612 1275; x_wconf 90' lang='lat' dir='ltr'>ut</span> <span class='ocrx_word' id='word_1_255' title='bbox 624 1241 713 1274; x_wconf 86' lang='lat' dir='ltr'>deiis</span> <span class='ocrx_word' id='word_1_256' title='bbox 731 1240 865 1276; x_wconf 75' lang='lat' dir='ltr'>infinitae</span> <span class='ocrx_word' id='word_1_257' title='bbox 883 1240 1284 1277; x_wconf 76' lang='lat' dir='ltr'>fiantdemonstrationes:</span> <span class='ocrx_word' id='word_1_258' title='bbox 1303 1247 1335 1278; x_wconf 87' lang='lat'>&amp;</span> <span class='ocrx_word' id='word_1_259' title='bbox 1355 1254 1470 1288; x_wconf 80' lang='lat' dir='ltr'>quam-</span> 
     </span>
     <span class='ocr_line' id='line_1_26' title="bbox 83 1287 1467 1338; baseline 0 -14"><span class='ocrx_word' id='word_1_260' title='bbox 83 1291 131 1324; x_wconf 86' lang='lat' dir='ltr'>vis</span> <span class='ocrx_word' id='word_1_261' title='bbox 144 1287 244 1337; x_wconf 87' lang='lat' dir='ltr'>figura</span> <span class='ocrx_word' id='word_1_262' title='bbox 262 1291 302 1324; x_wconf 82' lang='lat' dir='ltr'>ad</span> <span class='ocrx_word' id='word_1_263' title='bbox 315 1291 475 1338; x_wconf 82' lang='lat' dir='ltr'>agendum</span> <span class='ocrx_word' id='word_1_264' title='bbox 492 1292 574 1324; x_wconf 86' lang='lat' dir='ltr'>iners</span> <span class='ocrx_word' id='word_1_265' title='bbox 589 1289 689 1338; x_wconf 80' lang='lat' dir='ltr'>vulgo</span> <span class='ocrx_word' id='word_1_266' title='bbox 704 1289 863 1324; x_wconf 80' lang='lat' dir='ltr'>habeatur</span> <span class='ocrx_word' id='word_1_267' title='bbox 874 1319 884 1334; x_wconf 91' lang='lat'>,</span> <span class='ocrx_word' id='word_1_268' title='bbox 904 1291 935 1324; x_wconf 93' lang='lat' dir='ltr'>id</span> <span class='ocrx_word' id='word_1_269' title='bbox 950 1302 1060 1326; x_wconf 78' lang='lat' dir='ltr'>tamen</span> <span class='ocrx_word' id='word_1_270' title='bbox 1074 1302 1190 1338; x_wconf 75' lang='lat' dir='ltr'>negare</span> <span class='ocrx_word' id='word_1_271' title='bbox 1200 1303 1267 1325; x_wconf 90' lang='lat' dir='ltr'>non</span> <span class='ocrx_word' id='word_1_272' title='bbox 1288 1288 1447 1338; x_wconf 77' lang='lat' dir='ltr'>polsumus</span> <span class='ocrx_word' id='word_1_273' title='bbox 1457 1320 1467 1332; x_wconf 79' lang='lat'>,</span> 
     </span>
     <span class='ocr_line' id='line_1_27' title="bbox 82 1337 1467 1387; baseline 0.001 -15"><span class='ocrx_word' id='word_1_274' title='bbox 82 1350 155 1372; x_wconf 89' lang='lat' dir='ltr'>cum</span> <span class='ocrx_word' id='word_1_275' title='bbox 164 1350 307 1381; x_wconf 69' lang='lat' dir='ltr'>naturae,</span> <span class='ocrx_word' id='word_1_276' title='bbox 327 1351 396 1374; x_wconf 91' lang='lat' dir='ltr'>tum</span> <span class='ocrx_word' id='word_1_277' title='bbox 410 1341 486 1374; x_wconf 83' lang='lat' dir='ltr'>artis</span> <span class='ocrx_word' id='word_1_278' title='bbox 499 1351 598 1386; x_wconf 82' lang='lat' dir='ltr'>opera</span> <span class='ocrx_word' id='word_1_279' title='bbox 617 1339 733 1387; x_wconf 58' lang='lat' dir='ltr'>magni</span> <span class='ocrx_word' id='word_1_280' title='bbox 749 1351 897 1387; x_wconf 80' lang='lat' dir='ltr'>exparte</span> <span class='ocrx_word' id='word_1_281' title='bbox 915 1352 954 1373; x_wconf 80' lang='lat' dir='ltr'>ex</span> <span class='ocrx_word' id='word_1_282' title='bbox 968 1351 1041 1387; x_wconf 80' lang='lat' dir='ltr'>apti</span> <span class='ocrx_word' id='word_1_283' title='bbox 1074 1338 1246 1387; x_wconf 76' lang='lat' dir='ltr'>figurarum</span> <span class='ocrx_word' id='word_1_284' title='bbox 1264 1337 1467 1387; x_wconf 80' lang='lat' dir='ltr'>dispolitione</span> 
     </span>
     <span class='ocr_line' id='line_1_28' title="bbox 81 1386 1468 1436; baseline 0.001 -16"><span class='ocrx_word' id='word_1_285' title='bbox 81 1387 243 1435; x_wconf 88' lang='lat' dir='ltr'>pendere:</span> <span class='ocrx_word' id='word_1_286' title='bbox 257 1388 341 1422; x_wconf 87' lang='lat' dir='ltr'>adeo</span> <span class='ocrx_word' id='word_1_287' title='bbox 352 1390 520 1423; x_wconf 66' lang='lat' dir='ltr'>utree‘mm</span> <span class='ocrx_word' id='word_1_288' title='bbox 537 1386 786 1436; x_wconf 81' lang='lat' dir='ltr'>philosophandi</span> <span class='ocrx_word' id='word_1_289' title='bbox 807 1390 967 1423; x_wconf 83' lang='lat' dir='ltr'>rationem</span> <span class='ocrx_word' id='word_1_290' title='bbox 984 1391 1007 1422; x_wconf 89' lang='lat' dir='ltr'>ii</span> <span class='ocrx_word' id='word_1_291' title='bbox 1029 1401 1098 1422; x_wconf 83' lang='lat' dir='ltr'>non</span> <span class='ocrx_word' id='word_1_292' title='bbox 1112 1388 1283 1422; x_wconf 79' lang='lat' dir='ltr'>videantur</span> <span class='ocrx_word' id='word_1_293' title='bbox 1310 1387 1447 1423; x_wconf 79' lang='lat' dir='ltr'>inlistere</span> <span class='ocrx_word' id='word_1_294' title='bbox 1458 1419 1468 1433; x_wconf 77' lang='lat'>‚</span> 
     </span>
     <span class='ocr_line' id='line_1_29' title="bbox 82 1435 1312 1484; baseline 0.002 -14"><span class='ocrx_word' id='word_1_295' title='bbox 82 1438 140 1483; x_wconf 82' lang='lat' dir='ltr'>qui</span> <span class='ocrx_word' id='word_1_296' title='bbox 155 1437 190 1471; x_wconf 90' lang='lat' dir='ltr'>in</span> <span class='ocrx_word' id='word_1_297' title='bbox 204 1448 309 1472; x_wconf 87' lang='lat' dir='ltr'>rerum</span> <span class='ocrx_word' id='word_1_298' title='bbox 319 1439 439 1472; x_wconf 80' lang='lat' dir='ltr'>naturis</span> <span class='ocrx_word' id='word_1_299' title='bbox 456 1436 652 1484; x_wconf 82' lang='lat' dir='ltr'>explicandis</span> <span class='ocrx_word' id='word_1_300' title='bbox 670 1436 792 1471; x_wconf 82' lang='lat' dir='ltr'>nullam</span> <span class='ocrx_word' id='word_1_301' title='bbox 814 1436 988 1484; x_wconf 77' lang='lat' dir='ltr'>figurarum</span> <span class='ocrx_word' id='word_1_302' title='bbox 1007 1435 1133 1472; x_wconf 79' lang='lat' dir='ltr'>habent</span> <span class='ocrx_word' id='word_1_303' title='bbox 1145 1439 1312 1472; x_wconf 82' lang='lat' dir='ltr'>rationem.</span> 
     </span>
    </p>
   </div>
   <div class='ocr_carea' id='block_1_3' title="bbox 546 1517 985 1631">
    <p class='ocr_par' dir='ltr' id='par_1_6' title="bbox 546 1517 985 1631">
     <span class='ocr_line' id='line_1_30' title="bbox 546 1517 985 1562; baseline -0.016 -9"><span class='ocrx_word' id='word_1_304' title='bbox 546 1517 641 1562; x_wconf 67' lang='lat' dir='ltr'>QU</span> <span class='ocrx_word' id='word_1_305' title='bbox 664 1520 702 1549; x_wconf 87' lang='lat' dir='ltr'><strong>AE</strong></span> <span class='ocrx_word' id='word_1_306' title='bbox 719 1519 739 1550; x_wconf 83' lang='lat' dir='ltr'>S</span> <span class='ocrx_word' id='word_1_307' title='bbox 759 1518 819 1551; x_wconf 84' lang='lat' dir='ltr'>TI</span> <span class='ocrx_word' id='word_1_308' title='bbox 840 1518 873 1551; x_wconf 90' lang='lat' dir='ltr'>O</span> <span class='ocrx_word' id='word_1_309' title='bbox 917 1518 985 1550; x_wconf 80' lang='lat' dir='ltr'>lv.</span> 
     </span>
     <span class='ocr_line' id='line_1_31' title="bbox 632 1597 911 1631; baseline -0.007 -1"><span class='ocrx_word' id='word_1_310' title='bbox 632 1598 688 1630; x_wconf 84' lang='lat' dir='ltr'>De</span> <span class='ocrx_word' id='word_1_311' title='bbox 715 1597 911 1631; x_wconf 70' lang='lat' dir='ltr'>Relatione..</span> 
     </span>
    </p>
   </div>
   <div class='ocr_carea' id='block_1_4' title="bbox 38 1675 1465 2216">
    <p class='ocr_par' dir='ltr' id='par_1_7' title="bbox 38 1675 1465 2216">
     <span class='ocr_line' id='line_1_32' title="bbox 107 1675 1464 1725; baseline 0.003 -17"><span class='ocrx_word' id='word_1_312' title='bbox 107 1704 110 1708; x_wconf 87' lang='lat'><strong>.</strong></span> <span class='ocrx_word' id='word_1_313' title='bbox 136 1678 273 1725; x_wconf 80' lang='lat' dir='ltr'>Equitur</span> <span class='ocrx_word' id='word_1_314' title='bbox 285 1676 383 1725; x_wconf 84' lang='lat' dir='ltr'>paulo</span> <span class='ocrx_word' id='word_1_315' title='bbox 401 1675 563 1724; x_wconf 82' lang='lat' dir='ltr'>operosior</span> <span class='ocrx_word' id='word_1_316' title='bbox 574 1677 613 1711; x_wconf 89' lang='lat' dir='ltr'>de</span> <span class='ocrx_word' id='word_1_317' title='bbox 625 1677 800 1712; x_wconf 81' lang='lat' dir='ltr'>Relatione</span> <span class='ocrx_word' id='word_1_318' title='bbox 819 1678 970 1712; x_wconf 66' lang='lat' dir='ltr'>traetatio</span> <span class='ocrx_word' id='word_1_319' title='bbox 986 1704 994 1714; x_wconf 90' lang='lat'>,</span> <span class='ocrx_word' id='word_1_320' title='bbox 1018 1687 1115 1724; x_wconf 79' lang='lat' dir='ltr'>quam</span> <span class='ocrx_word' id='word_1_321' title='bbox 1161 1675 1282 1723; x_wconf 79' lang='lat' dir='ltr'>letique</span> <span class='ocrx_word' id='word_1_322' title='bbox 1296 1677 1464 1716; x_wconf 69' lang='lat' dir='ltr'>difficilem</span> 
     </span>
     <span class='ocr_line' id='line_1_33' title="bbox 79 1689 1461 1764; baseline 0.002 -3"><span class='ocrx_word' id='word_1_323' title='bbox 79 1754 81 1756; x_wconf 77' lang='lat'><em>-</em></span> <span class='ocrx_word' id='word_1_324' title='bbox 139 1732 172 1764; x_wconf 72' lang='grc' dir='ltr'>δι</span> <span class='ocrx_word' id='word_1_325' title='bbox 185 1725 366 1761; x_wconf 82' lang='lat' dir='ltr'>involutam</span> <span class='ocrx_word' id='word_1_326' title='bbox 378 1728 477 1760; x_wconf 76' lang='lat' dir='ltr'>nimia</span> <span class='ocrx_word' id='word_1_327' title='bbox 494 1724 676 1761; x_wconf 74' lang='lat' dir='ltr'>subtilitatis</span> <span class='ocrx_word' id='word_1_328' title='bbox 693 1726 748 1762; x_wconf 75' lang='lat' dir='ltr'>aff.</span> <span class='ocrx_word' id='word_1_329' title='bbox 760 1729 902 1762; x_wconf 63' lang='lat' dir='ltr'>&amp;itione</span> <span class='ocrx_word' id='word_1_330' title='bbox 920 1725 1107 1760; x_wconf 63' lang='lat' dir='ltr'>effecerunt.</span> <span class='ocrx_word' id='word_1_331' title='bbox 1130 1689 1214 1759; x_wconf 57' lang='lat' dir='ltr'>gum</span> <span class='ocrx_word' id='word_1_332' title='bbox 1238 1728 1326 1761; x_wconf 90' lang='lat' dir='ltr'>enim</span> <span class='ocrx_word' id='word_1_333' title='bbox 1347 1731 1461 1764; x_wconf 84' lang='lat' dir='ltr'>modos</span> 
     </span>
     <span class='ocr_line' id='line_1_34' title="bbox 81 1772 1464 1822; baseline -0.004 -11"><span class='ocrx_word' id='word_1_334' title='bbox 81 1775 190 1811; x_wconf 86' lang='lat' dir='ltr'>nescio</span> <span class='ocrx_word' id='word_1_335' title='bbox 201 1787 302 1821; x_wconf 80' lang='lat' dir='ltr'>quos,</span> <span class='ocrx_word' id='word_1_336' title='bbox 319 1786 374 1810; x_wconf 82' lang='lat' dir='ltr'>aut</span> <span class='ocrx_word' id='word_1_337' title='bbox 393 1775 514 1810; x_wconf 81' lang='lat' dir='ltr'>formas</span> <span class='ocrx_word' id='word_1_338' title='bbox 535 1774 555 1809; x_wconf 72' lang='grc' dir='ltr'>ἐι</span> <span class='ocrx_word' id='word_1_339' title='bbox 577 1774 672 1811; x_wconf 86' lang='lat' dir='ltr'>rebus</span> <span class='ocrx_word' id='word_1_340' title='bbox 686 1777 845 1811; x_wconf 59' lang='lat' dir='ltr'>diffinitas</span> <span class='ocrx_word' id='word_1_341' title='bbox 867 1773 961 1808; x_wconf 63' lang='lat' dir='ltr'>rebus</span> <span class='ocrx_word' id='word_1_342' title='bbox 986 1774 1054 1822; x_wconf 84' lang='lat' dir='ltr'>ipsis</span> <span class='ocrx_word' id='word_1_343' title='bbox 1077 1772 1268 1807; x_wconf 75' lang='lat' dir='ltr'>affinxerunt</span> <span class='ocrx_word' id='word_1_344' title='bbox 1285 1802 1290 1812; x_wconf 83' lang='lat'>‚</span> <span class='ocrx_word' id='word_1_345' title='bbox 1311 1788 1389 1821; x_wconf 66' lang='lat' dir='ltr'>quas</span> <span class='ocrx_word' id='word_1_346' title='bbox 1410 1789 1464 1812; x_wconf 75' lang='lat' dir='ltr'>aut</span> 
     </span>
     <span class='ocr_line' id='line_1_35' title="bbox 81 1821 1465 1870; baseline -0.001 -11"><span class='ocrx_word' id='word_1_347' title='bbox 81 1824 267 1859; x_wconf 82' lang='lat' dir='ltr'>Relationis</span> <span class='ocrx_word' id='word_1_348' title='bbox 285 1853 295 1867; x_wconf 90' lang='lat'>‚</span> <span class='ocrx_word' id='word_1_349' title='bbox 319 1835 375 1858; x_wconf 82' lang='lat' dir='ltr'>aut</span> <span class='ocrx_word' id='word_1_350' title='bbox 390 1824 523 1858; x_wconf 82' lang='lat' dir='ltr'>aliorum</span> <span class='ocrx_word' id='word_1_351' title='bbox 537 1824 861 1870; x_wconf 59' lang='lat' dir='ltr'>praedicamentorum</span> <span class='ocrx_word' id='word_1_352' title='bbox 873 1826 1005 1858; x_wconf 84' lang='lat' dir='ltr'>nomine</span> <span class='ocrx_word' id='word_1_353' title='bbox 1016 1821 1233 1870; x_wconf 82' lang='lat' dir='ltr'>defignarunt,</span> <span class='ocrx_word' id='word_1_354' title='bbox 1245 1833 1294 1856; x_wconf 88' lang='lat' dir='ltr'>tot</span> <span class='ocrx_word' id='word_1_355' title='bbox 1307 1823 1337 1857; x_wconf 83' lang='lat' dir='ltr'>se</span> <span class='ocrx_word' id='word_1_356' title='bbox 1352 1825 1465 1860; x_wconf 86' lang='lat' dir='ltr'>indue-</span> 
     </span>
     <span class='ocr_line' id='line_1_36' title="bbox 81 1869 1464 1920; baseline 0 -14"><span class='ocrx_word' id='word_1_357' title='bbox 81 1885 156 1910; x_wconf 84' lang='lat' dir='ltr'>runt</span> <span class='ocrx_word' id='word_1_358' title='bbox 165 1870 403 1907; x_wconf 76' lang='lat' dir='ltr'>difficultatibus</span> <span class='ocrx_word' id='word_1_359' title='bbox 414 1902 422 1915; x_wconf 88' lang='lat'>‚</span> <span class='ocrx_word' id='word_1_360' title='bbox 436 1872 729 1920; x_wconf 80' lang='lat' dir='ltr'>totquaestionibus</span> <span class='ocrx_word' id='word_1_361' title='bbox 740 1902 749 1916; x_wconf 87' lang='lat'>,</span> <span class='ocrx_word' id='word_1_362' title='bbox 769 1880 803 1910; x_wconf 90' lang='lat'>&amp;</span> <span class='ocrx_word' id='word_1_363' title='bbox 825 1870 1124 1907; x_wconf 81' lang='lat' dir='ltr'>concertationibus</span> <span class='ocrx_word' id='word_1_364' title='bbox 1150 1882 1217 1904; x_wconf 87' lang='lat' dir='ltr'>rem</span> <span class='ocrx_word' id='word_1_365' title='bbox 1236 1869 1307 1905; x_wconf 72' lang='lat' dir='ltr'>satis</span> <span class='ocrx_word' id='word_1_366' title='bbox 1319 1884 1464 1920; x_wconf 80' lang='lat' dir='ltr'>apertam</span> 
     </span>
     <span class='ocr_line' id='line_1_37' title="bbox 81 1919 1462 1969; baseline 0 -12"><span class='ocrx_word' id='word_1_367' title='bbox 81 1921 290 1958; x_wconf 87' lang='lat' dir='ltr'>involverunt</span> <span class='ocrx_word' id='word_1_368' title='bbox 302 1951 311 1964; x_wconf 96' lang='lat'>,</span> <span class='ocrx_word' id='word_1_369' title='bbox 329 1933 363 1956; x_wconf 91' lang='lat' dir='ltr'>ut</span> <span class='ocrx_word' id='word_1_370' title='bbox 374 1923 429 1956; x_wconf 85' lang='lat' dir='ltr'>vix</span> <span class='ocrx_word' id='word_1_371' title='bbox 441 1920 470 1955; x_wconf 87' lang='lat' dir='ltr'>se</span> <span class='ocrx_word' id='word_1_372' title='bbox 484 1922 635 1969; x_wconf 85' lang='lat' dir='ltr'>expedire</span> <span class='ocrx_word' id='word_1_373' title='bbox 652 1921 796 1969; x_wconf 71' lang='lat' dir='ltr'>possint:</span> <span class='ocrx_word' id='word_1_374' title='bbox 823 1920 916 1956; x_wconf 90' lang='lat' dir='ltr'>nobis</span> <span class='ocrx_word' id='word_1_375' title='bbox 936 1919 1129 1955; x_wconf 78' lang='lat' dir='ltr'>tutissimum</span> <span class='ocrx_word' id='word_1_376' title='bbox 1156 1919 1285 1953; x_wconf 82' lang='lat' dir='ltr'>videtur</span> <span class='ocrx_word' id='word_1_377' title='bbox 1310 1932 1358 1954; x_wconf 87' lang='lat' dir='ltr'>res</span> <span class='ocrx_word' id='word_1_378' title='bbox 1384 1921 1462 1968; x_wconf 65' lang='lat' dir='ltr'>ipsas</span> 
     </span>
     <span class='ocr_line' id='line_1_38' title="bbox 81 1968 1465 2020; baseline -0.001 -14"><span class='ocrx_word' id='word_1_379' title='bbox 81 1973 181 2020; x_wconf 79' lang='lat' dir='ltr'>magis</span> <span class='ocrx_word' id='word_1_380' title='bbox 194 1969 354 2005; x_wconf 88' lang='lat' dir='ltr'>consulere</span> <span class='ocrx_word' id='word_1_381' title='bbox 365 1999 374 2013; x_wconf 91' lang='lat'>,</span> <span class='ocrx_word' id='word_1_382' title='bbox 389 1972 488 2017; x_wconf 62' lang='lat' dir='ltr'>quam</span> <span class='ocrx_word' id='word_1_383' title='bbox 501 1970 670 2005; x_wconf 59' lang='lat' dir='ltr'>abstraffls</span> <span class='ocrx_word' id='word_1_384' title='bbox 684 1977 717 2008; x_wconf 90' lang='lat'><strong>&amp;</strong></span> <span class='ocrx_word' id='word_1_385' title='bbox 728 1983 823 2019; x_wconf 80' lang='lat' dir='ltr'>vagas</span> <span class='ocrx_word' id='word_1_386' title='bbox 834 1971 933 2004; x_wconf 81' lang='lat' dir='ltr'>animi</span> <span class='ocrx_word' id='word_1_387' title='bbox 954 1972 1117 2012; x_wconf 85' lang='lat' dir='ltr'>notiones,</span> <span class='ocrx_word' id='word_1_388' title='bbox 1135 1980 1204 2015; x_wconf 78' lang='lat' dir='ltr'>quae</span> <span class='ocrx_word' id='word_1_389' title='bbox 1216 1968 1297 2002; x_wconf 87' lang='lat' dir='ltr'>nihil</span> <span class='ocrx_word' id='word_1_390' title='bbox 1312 1968 1397 2004; x_wconf 86' lang='lat' dir='ltr'>aliud</span> <span class='ocrx_word' id='word_1_391' title='bbox 1412 1969 1465 2005; x_wconf 73' lang='lat' dir='ltr'>fie-</span> 
     </span>
     <span class='ocr_line' id='line_1_39' title="bbox 80 2018 1465 2069; baseline 0.001 -15"><span class='ocrx_word' id='word_1_392' title='bbox 80 2033 141 2069; x_wconf 85' lang='lat' dir='ltr'>pe,</span> <span class='ocrx_word' id='word_1_393' title='bbox 162 2019 259 2067; x_wconf 62' lang='lat' dir='ltr'>quiam</span> <span class='ocrx_word' id='word_1_394' title='bbox 275 2018 425 2055; x_wconf 78' lang='lat' dir='ltr'>tenebras</span> <span class='ocrx_word' id='word_1_395' title='bbox 435 2018 732 2057; x_wconf 74' lang='lat' dir='ltr'>mentioffundunt.</span> <span class='ocrx_word' id='word_1_396' title='bbox 756 2021 817 2055; x_wconf 87' lang='lat' dir='ltr'>Sed</span> <span class='ocrx_word' id='word_1_397' title='bbox 843 2031 884 2054; x_wconf 87' lang='lat' dir='ltr'>ne</span> <span class='ocrx_word' id='word_1_398' title='bbox 911 2018 1037 2067; x_wconf 73' lang='lat' dir='ltr'>longius</span> <span class='ocrx_word' id='word_1_399' title='bbox 1059 2029 1254 2065; x_wconf 77' lang='lat' dir='ltr'>evagemur,</span> <span class='ocrx_word' id='word_1_400' title='bbox 1274 2018 1349 2064; x_wconf 85' lang='lat' dir='ltr'>quid</span> <span class='ocrx_word' id='word_1_401' title='bbox 1366 2020 1465 2054; x_wconf 83' lang='lat' dir='ltr'>Rela-</span> 
     </span>
     <span class='ocr_line' id='line_1_40' title="bbox 80 2064 1461 2118; baseline -0.002 -15"><span class='ocrx_word' id='word_1_402' title='bbox 80 2070 178 2104; x_wconf 84' lang='lat' dir='ltr'>tionis</span> <span class='ocrx_word' id='word_1_403' title='bbox 191 2071 322 2103; x_wconf 86' lang='lat' dir='ltr'>nomine</span> <span class='ocrx_word' id='word_1_404' title='bbox 340 2068 557 2118; x_wconf 78' lang='lat' dir='ltr'>intelligamus</span> <span class='ocrx_word' id='word_1_405' title='bbox 569 2098 578 2112; x_wconf 92' lang='lat'>,</span> <span class='ocrx_word' id='word_1_406' title='bbox 599 2075 632 2106; x_wconf 72' lang='grc' dir='ltr'>ὃ(</span> <span class='ocrx_word' id='word_1_407' title='bbox 643 2070 812 2114; x_wconf 83' lang='lat' dir='ltr'>quomodo</span> <span class='ocrx_word' id='word_1_408' title='bbox 825 2068 936 2102; x_wconf 73' lang='lat' dir='ltr'>existat</span> <span class='ocrx_word' id='word_1_409' title='bbox 948 2097 958 2112; x_wconf 90' lang='lat'>,</span> <span class='ocrx_word' id='word_1_410' title='bbox 978 2070 1083 2116; x_wconf 81' lang='lat' dir='ltr'>primo</span> <span class='ocrx_word' id='word_1_411' title='bbox 1099 2066 1171 2101; x_wconf 91' lang='lat' dir='ltr'>loco</span> <span class='ocrx_word' id='word_1_412' title='bbox 1189 2064 1282 2100; x_wconf 80' lang='lat' dir='ltr'>nobis</span> <span class='ocrx_word' id='word_1_413' title='bbox 1297 2067 1338 2100; x_wconf 86' lang='lat' dir='ltr'>est</span> <span class='ocrx_word' id='word_1_414' title='bbox 1359 2068 1461 2116; x_wconf 86' lang='lat' dir='ltr'>expli-</span> 
     </span>
     <span class='ocr_line' id='line_1_41' title="bbox 38 2114 1462 2166; baseline 0.001 -15"><span class='ocrx_word' id='word_1_415' title='bbox 38 2120 46 2127; x_wconf 82' lang='lat'>&#39;</span> <span class='ocrx_word' id='word_1_416' title='bbox 81 2118 218 2152; x_wconf 76' lang='lat' dir='ltr'>candum</span> <span class='ocrx_word' id='word_1_417' title='bbox 236 2131 243 2153; x_wconf 94' lang='lat'><strong>:</strong></span> <span class='ocrx_word' id='word_1_418' title='bbox 269 2117 385 2152; x_wconf 88' lang='lat' dir='ltr'>deinde</span> <span class='ocrx_word' id='word_1_419' title='bbox 399 2120 431 2153; x_wconf 88' lang='lat' dir='ltr'>in</span> <span class='ocrx_word' id='word_1_420' title='bbox 449 2132 516 2166; x_wconf 88' lang='lat' dir='ltr'>quo</span> <span class='ocrx_word' id='word_1_421' title='bbox 534 2117 632 2166; x_wconf 79' lang='lat' dir='ltr'>politi</span> <span class='ocrx_word' id='word_1_422' title='bbox 647 2117 778 2153; x_wconf 86' lang='lat' dir='ltr'>fitillius</span> <span class='ocrx_word' id='word_1_423' title='bbox 796 2129 928 2160; x_wconf 79' lang='lat' dir='ltr'>natura3</span> <span class='ocrx_word' id='word_1_424' title='bbox 953 2129 1020 2152; x_wconf 88' lang='lat' dir='ltr'>tum</span> <span class='ocrx_word' id='word_1_425' title='bbox 1043 2116 1125 2150; x_wconf 83' lang='lat' dir='ltr'>illius</span> <span class='ocrx_word' id='word_1_426' title='bbox 1141 2115 1286 2161; x_wconf 63' lang='lat' dir='ltr'>adjunsta</span> <span class='ocrx_word' id='word_1_427' title='bbox 1305 2114 1462 2164; x_wconf 72' lang='lat' dir='ltr'>sigillatim</span> 
     </span>
     <span class='ocr_line' id='line_1_42' title="bbox 81 2165 1367 2216; baseline 0.001 -16"><span class='ocrx_word' id='word_1_428' title='bbox 81 2165 279 2202; x_wconf 83' lang='lat' dir='ltr'>discutienda</span> <span class='ocrx_word' id='word_1_429' title='bbox 289 2184 299 2211; x_wconf 81' lang='lat'>3</span> <span class='ocrx_word' id='word_1_430' title='bbox 314 2167 480 2215; x_wconf 88' lang='lat' dir='ltr'>postremo</span> <span class='ocrx_word' id='word_1_431' title='bbox 487 2169 594 2205; x_wconf 54' lang='lat' dir='ltr'>⁴varias</span> <span class='ocrx_word' id='word_1_432' title='bbox 604 2167 688 2203; x_wconf 84' lang='lat' dir='ltr'>illius</span> <span class='ocrx_word' id='word_1_433' title='bbox 702 2166 873 2205; x_wconf 75' lang='lat' dir='ltr'>divisiones</span> <span class='ocrx_word' id='word_1_434' title='bbox 884 2172 916 2204; x_wconf 65' lang='grc' dir='ltr'>ὃ(</span> <span class='ocrx_word' id='word_1_435' title='bbox 926 2179 1008 2216; x_wconf 86' lang='lat' dir='ltr'>prop</span> <span class='ocrx_word' id='word_1_436' title='bbox 1014 2168 1055 2200; x_wconf 69' lang='lat' dir='ltr'>iic</span> <span class='ocrx_word' id='word_1_437' title='bbox 1063 2176 1142 2200; x_wconf 69' lang='lat' dir='ltr'>tates</span> <span class='ocrx_word' id='word_1_438' title='bbox 1154 2176 1367 2211; x_wconf 78' lang='lat' dir='ltr'>exponemus,</span> 
     </span>
    </p>
   </div>
   <div class='ocr_carea' id='block_1_5' title="bbox 243 2359 1295 2412">
    <p class='ocr_par' dir='ltr' id='par_1_8' title="bbox 243 2359 1295 2412">
     <span class='ocr_line' id='line_1_43' title="bbox 243 2359 1295 2412; baseline 0.003 -20"><span class='ocrx_word' id='word_1_439' title='bbox 243 2359 328 2394; x_wconf 77' lang='lat' dir='ltr'>Tam.</span> <span class='ocrx_word' id='word_1_440' title='bbox 346 2362 378 2398; x_wconf 85' lang='lat'>1.</span> <span class='ocrx_word' id='word_1_441' title='bbox 551 2409 554 2412; x_wconf 20' lang='grc' dir='ltr'>ι</span> <span class='ocrx_word' id='word_1_442' title='bbox 1272 2365 1295 2397; x_wconf 88' lang='lat' dir='ltr'>S</span> 
     </span>
    </p>
   </div>
  </div>
 </body>
</html>
