1857 2745
400 134 463 166 290
816 116 1327 154 PHILOSOPHIA
1524 146 1527 147 γ

394 171 435 204 de
448 168 511 204 fine
525 165 641 202 ultimo
660 168 693 201 in
711 178 809 213 quem
823 177 945 202 naturae
956 165 1095 214 impulsu
1115 167 1287 202 tendimus.
1307 167 1360 200 Sic
1371 166 1474 214 prima
1487 165 1645 214 principia
1655 163 1726 200 sunt
1738 178 1793 203 na,
1819 175 1823 207 ζ

395 216 538 253 turaliter
553 227 652 259 nota,
678 227 782 262 eaque
799 213 1012 264 intelligimus
1025 242 1035 258 ,
1055 227 1122 250 non
1141 216 1181 250 de
1208 217 1246 251 iis
1259 215 1463 266 judicamuS,
1479 224 1533 250 aut
1549 215 1796 260 ratiocinamur,
1819 217 1821 258 j

393 266 445 301 sed
459 263 635 299 secundum
653 276 693 299 ea
708 265 749 299 de
763 262 917 300 omnibus
933 265 1123 313 judicamus.
1150 267 1231 301 Non
1245 263 1391 300 dlffimili
1404 264 1539 311 quidem
1554 265 1681 298 ratione
1695 263 1795 301 finem
1820 273 1835 297 ἰι

393 313 542 349 ultimum
559 342 569 358 ‚
586 326 643 349 aut
661 312 788 350 bonum
798 315 830 349 in
845 313 1029 349 universum
1054 313 1203 349 volumus
1220 315 1354 362 quidem
1371 343 1381 358 ‚
1408 314 1510 360 idque
1535 326 1600 348 non
1617 311 1796 349 voluntatis
1820 319 1821 322 ’
1835 327 1840 333 ·

391 362 551 406 arbitrio,
577 362 630 398 sed
654 365 795 411 quadam
814 374 935 399 naturae
952 362 1150 399 neceffitate.
1169 365 1278 410 Atque
1300 375 1336 398 ut
1352 365 1399 399 vis
1419 362 1474 397 illa
1489 374 1562 409 quae
1578 360 1795 398 conclusiones
1819 378 1840 406 ᾖ)

391 425 431 448 ex
441 415 607 462 principiis
621 415 706 448 eruit
716 442 725 457 ,
739 414 822 447 ratio
834 413 899 447 dici
909 412 1011 448 solet:
1028 415 1074 448 ita
1091 414 1140 446 vis
1155 423 1209 447 aut
1223 412 1359 448 facultas
1378 424 1441 459 qua
1459 411 1605 460 eligimus
1621 422 1659 445 ea
1670 422 1743 457 quae
1754 411 1796 448 acl
1820 420 1842 459 Η1

395 462 497 498 finem
507 462 658 498 videntur
671 462 821 498 conferre
831 490 841 506 ‚
855 474 985 510 quaque
994 465 1119 497 animus
1136 460 1199 497 sese
1215 474 1332 498 movet
1350 473 1406 497 aut
1421 461 1619 497 determinat
1640 459 1681 493 ad
1693 471 1795 508 agen·
1821 471 1845 499 ,ε

396 512 475 547 dum
490 539 500 554 ‚
521 511 659 547 liberum
670 511 841 546 arbitrium
858 513 1056 549 nominatur.
1367 550 1370 551 ⁷
1821 522 1830 559 ζ,

426 560 662 610 Qamobrem
677 560 817 597 liberum
827 560 995 597 arbitrium
1009 564 1098 598 reete
1107 562 1259 599 definitur
1274 562 1295 596 Ξι
1312 560 1422 595 sancto
1431 559 1660 602 Thoma,vis,
1682 558 1797 605 seufass.
1821 575 1832 610 «ελ
1855 571 1857 576 ·

389 610 494 645 cultas
511 610 656 648 elesiiva,
687 613 777 648 Nam
804 610 888 645 illius
913 609 981 645 usus
997 613 1029 646 in
1051 612 1216 648 electione
1239 609 1380 646 consistit
1396 638 1405 652 ,
1433 621 1471 643 ac
1493 607 1615 642 sublata
1630 607 1794 644 elefflone
1822 615 1827 651 ἒ
1855 640 1857 642 .

391 661 498 694 omnis
512 660 600 695 aetus
617 659 776 696 libertatis
790 659 923 697 tollitur.
937 661 1026 695 Cum
1044 663 1131 697 enim
1146 660 1295 697 voluntas
1308 662 1353 694 ita
1368 661 1402 693 in
1412 656 1581 706 objectum
1596 656 1796 705 propositum
1821 635 1828 710 l
1853 670 1857 680 ¹

391 708 608 744 determinate
619 709 722 745 fertur
736 740 746 754 ,
757 721 794 744 ut
805 722 846 745 eo
863 710 979 745 relicto
1001 712 1035 745 in
1047 711 1133 746 aliud
1155 711 1242 747 flesti
1259 723 1325 745 non
1340 706 1459 756 poffit,
1478 717 1532 742 aut
1551 705 1663 740 {altem
1681 706 1795 753 quoad
1822 711 1827 751 ζ

390 757 629 793 circunstantias
647 759 683 793 id
698 772 766 795 non
784 758 820 794 [it
830 758 940 808 aliquo
956 760 1055 794 modo
1068 761 1355 796 indeterminatum
1366 786 1377 801 ‚
1393 768 1461 792 tum
1477 755 1580 791 nullus
1597 754 1794 803 relinquitur
1826 795 1828 805 Ξ

390 805 497 841 libero
510 806 645 843 arbitrio
663 808 768 846 locus.

426 871 453 893 2.
467 855 608 895 Definiri
623 859 724 892 etiam
742 859 850 906 potest
863 857 998 893 libertas
1009 860 1061 892 vis
1073 860 1126 905 fici
1138 857 1235 906 ipstus
1247 857 1509 891 determinatrix.
1531 854 1617 889 Cum
1632 854 1724 889 enim
1736 852 1791 890 vel
1823 852 1829 884 3.

388 904 411 939 ὲ
424 917 537 941 natura
550 934 560 951 ‚
577 906 633 942 vel
654 906 675 943 a
688 906 781 942 causa
798 906 976 942 extrinseca
994 907 1036 941 ad
1059 907 1221 955 agendum
1232 905 1382 940 voluntas
1398 905 1534 939 omnino
1548 903 1794 948 determinatur,

390 964 459 989 tum
471 953 623 991 libertate
643 955 694 991 sua
704 969 771 992 non
785 959 888 991 utitur
901 985 911 999 ‚
931 967 968 990 ut
981 954 1048 990 fuse
1066 954 1244 1004 probatum
1258 954 1310 988 est.

424 1017 448 1048 3-
458 1004 569 1053 Vulgi,
579 1004 735 1041 definitur
747 1018 803 1053 per
817 1004 1072 1041 indifferentiam
1084 1033 1094 1047 ,
1103 1004 1252 1049 facultas
1265 1014 1344 1049 qna,
1353 1002 1463 1051 postris
1481 999 1622 1036 omnibus
1639 997 1687 1034 ad
1694 1012 1794 1049 agen-

388 1053 464 1087 dum
475 1055 866 1102 praerequifitis,poffumns
885 1066 999 1102 agere,
1017 1054 1074 1086 vel
1089 1065 1149 1087 non
1169 1064 1273 1100 agere.
1298 1054 1411 1099 Qam
1431 1049 1662 1085 definitionem
1679 1061 1793 1086 veram

389 1098 450 1135 effe
463 1113 502 1134 ex
515 1104 552 1135 iis
565 1114 635 1148 quae
645 1102 796 1144 diximus,
807 1114 918 1149 aperte
932 1100 1107 1148 colligitur.
1119 1102 1210 1137 Nam
1221 1098 1360 1134 liberum
1372 1098 1542 1134 arbitrium
1556 1101 1636 1133 citra
1647 1098 1792 1146 aliquam
1830 1140 1831 1147 ἵ

389 1149 645 1186 indifferentiam
658 1149 800 1198 intelligi
817 1163 884 1185 non
895 1150 1217 1198 potest.Qanquam
1230 1148 1317 1183 forte
1327 1160 1400 1196 quae
1412 1148 1432 1184 ἒι
1446 1148 1555 1183 sancto
1564 1148 1698 1183 Thoma
1711 1146 1792 1182 alla.
1830 1190 1831 1199 ἵ

389 1209 422 1232 ta
439 1198 498 1241 est,
515 1202 616 1247 magis
631 1210 778 1234 naturam
794 1198 889 1234 liberi
907 1197 1035 1233 arbitrii
1053 1198 1215 1247 explicare
1232 1198 1380 1234 videatur
1396 1212 1404 1233 :
1423 1210 1498 1232 nam
1524 1196 1659 1232 facultas
1682 1199 1791 1232 omnis
1830 1199 1833 1211 ⁵

388 1246 628 1284 definiridebet
638 1261 695 1296 per
710 1247 798 1283 suum
816 1247 1004 1298 objectum,
1019 1260 1059 1282 ex
1074 1260 1143 1294 quo
1152 1245 1238 1282 suam
1250 1246 1389 1295 speciem
1405 1246 1561 1283 desumit:
1575 1246 1666 1294 quod
1677 1247 1790 1294 utique

389 1295 559 1345 objedtum
575 1300 608 1332 in
628 1298 688 1332 hac
698 1297 890 1333 definitione
905 1311 974 1333 non
994 1296 1067 1332 satis
1083 1309 1121 1331 ex
1147 1298 1280 1333 rimitur.
1828 1294 1834 1345 f

425 1346 528 1394 de
541 1358 651 1382 autem
675 1346 797 1382 sanetus
813 1348 960 1389 Thomas
973 1346 1064 1381 addit
1079 1374 1087 1385 ,
1099 1309 1238 1380 liberum
1256 1343 1427 1380 arbitrium
1443 1342 1504 1378 esse
1526 1347 1595 1379 vim
1613 1344 1789 1381 electivam

390 1392 517 1430 servato
532 1396 649 1431 ordine
669 1396 761 1440 finis,
779 1410 845 1433 non
863 1396 934 1431 satis
951 1407 1027 1444 apte
1047 1394 1197 1431 nonnulli
1212 1395 1285 1429 hinc
1297 1393 1452 1442 colligere
1473 1393 1645 1438 videntur,
1661 1393 1789 1430 nullum
1829 1432 1833 1443 1,

389 1442 450 1478 else
462 1443 621 1479 libertatis
638 1445 728 1480 usum
741 1475 750 1489 ‚
771 1459 845 1480 cum
862 1444 882 1480 :2
905 1446 995 1480 recto
1010 1449 1044 1481 δε
1055 1444 1231 1492 praestituto
1240 1443 1357 1477 ordine
1367 1443 1406 1476 ad
1420 1441 1519 1477 finem
1533 1442 1720 1478 recedimus.
1732 1444 1789 1477 Fa·
1829 1454 1830 1458 ¹

388 1504 493 1527 temur
513 1496 602 1528 enim
617 1493 785 1529 defectum
796 1492 857 1529 effe
867 1492 1028 1529 libertatis
1042 1492 1159 1528 nostrae
1170 1522 1179 1536 ,
1194 1490 1283 1539 quod
1294 1492 1332 1526 ea
1342 1489 1435 1525 abuti
1450 1489 1626 1539 Ροίῐὶιῑιιιις,
1650 1497 1684 1529 &
1699 1491 1720 1527 ἐι
1733 1503 1786 1526 re-
1830 1502 1831 1521 ὲ

388 1543 442 1576 eto
455 1540 525 1576 finis
539 1543 654 1577 ordine
665 1543 837 1579 deflectere
848 1557 855 1579 :
868 1542 921 1578 sed
931 1554 1041 1578 tamen
1054 1542 1088 1576 id
1102 1544 1212 1591 negari
1221 1554 1288 1576 non
1297 1540 1472 1589 potest,nos
1482 1539 1586 1574 libere
1603 1553 1699 1590 agere
1709 1553 1799 1582 cumi
1830 1536 1832 1544 ’

387 1603 556 1637 peccamus
573 1621 582 1635 ,
601 1596 635 1628 &
649 1594 857 1628 constitutum
871 1593 1023 1628 ordinem
1035 1591 1220 1626 mediorum
1237 1591 1276 1624 ad
1295 1589 1395 1625 finem
1411 1588 1649 1624 conturbamus.
1670 1592 1790 1638 Itaque.

387 1639 457 1674 haec
476 1639 575 1675 verba
586 1641 676 1676 addit
691 1641 814 1678 sanstus
829 1642 977 1678 Thomas
991 1670 1000 1685 ,
1020 1652 1057 1676 ut
1068 1644 1181 1676 innuat
1202 1651 1260 1676 nos
1271 1639 1379 1674 media
1390 1651 1459 1674 non
1475 1639 1596 1688 eligere
1609 1638 1665 1674 nifi
1684 1638 1728 1675 ob
1748 1637 1786 1674 fi-

386 1701 463 1724 nem
476 1689 621 1737 aliquem
631 1720 640 1734 ,
663 1704 764 1739 quem
781 1690 877 1727 nobis
893 1692 1113 1740 praestituimus
1125 1719 1134 1733 ‚
1149 1701 1203 1725 aut
1215 1690 1270 1736 qui
1288 1688 1309 1723 ἐι
1324 1698 1438 1722 natura
1451 1688 1493 1722 est
1507 1687 1700 1736 praescriptus
1714 1705 1724 1732 ;
1736 1689 1791 1723 uti·

387 1749 448 1772 nec
466 1738 689 1775 concludimus
704 1743 1001 1776 autratiocinamur
1017 1738 1071 1775 nisi
1087 1751 1125 1773 ex
1144 1739 1240 1774 certis
1283 1739 1426 1785 rincipiis
1443 1754 1452 1781 3
1475 1735 1661 1772 libertatem
1681 1735 1780 1781 vero,

388 1792 421 1823 &
442 1787 637 1823 (lectionem
653 1792 736 1823 circa
753 1791 861 1825 media
872 1819 881 1833 ‚
901 1789 952 1824 seu
967 1791 1108 1823 citcares
1120 1800 1189 1835 quae
1203 1788 1242 1821 ad
1279 1800 1353 1822 nem
1367 1787 1486 1822 ducunt
1497 1816 1506 1829 ‚
1521 1785 1656 1830 versari,
1676 1798 1713 1822 ut
1732 1798 1783 1821 ra..
1834 1803 1836 1806 ·

386 1838 512 1871 tionem
523 1840 605 1872 circa
618 1839 836 1875 conclusiones
852 1852 919 1887 quae
930 1852 968 1874 ex
988 1839 1148 1886 principiis
1163 1848 1325 1872 eruuntur.
1353 1837 1434 1870 Haec
1449 1837 1539 1870 enim
1564 1836 1609 1869 est
1632 1836 1782 1870 constins
1834 1838 1838 1876 ἶ

384 1884 628 1922 [mfflTliomae
643 1889 789 1925 doctrina
806 1892 887 1924 circa
905 1887 1065 1923 libertatis
1085 1898 1253 1927 naturam,
1278 1887 1312 1919 in
1334 1896 1397 1931 qua
1415 1885 1552 1918 omnino
1572 1882 1779 1931 acquiescen-
1804 1891 1807 1896 '
1834 1886 1836 1896 '

386 1935 462 1969 dum
485 1948 644 1984 putamus.

884 1985 1074 2018 Dilusmmr
1094 1979 1289 2026 objeeliones.

418 2082 498 2129 Qio
517 2081 654 2118 infinitis
666 2096 766 2131 prope
776 2112 785 2126 ‚
796 2094 869 2130 quae
886 2094 925 2116 ex
937 2082 992 2117 SS.
1008 2080 1189 2129 Augustino
1199 2109 1208 2123 ,
1225 2079 1387 2115 Bernardo
1398 2107 1408 2123 ,
1423 2076 1576 2114 Anselmo
1589 2082 1623 2115 &
1633 2077 1702 2113 aliis
1714 2077 1776 2114 ob-

379 2133 430 2178 jici
447 2132 549 2166 [olent
559 2162 569 2175 ,
593 2134 780 2167 testimoniis
793 2143 997 2166 occurramus
1011 2130 1210 2175 ‚notandum
1222 2129 1266 2164 est
1283 2146 1292 2173 3

411 2195 431 2215 ι.
447 2183 534 2228 Saepe
550 2181 765 2217 voluntarium
776 2194 850 2216 cum
862 2179 968 2215 libero
981 2179 1161 2222 confundi,
1172 2184 1205 2215 &
1215 2178 1419 2213 voluntatem
1432 2189 1506 2212 cum
1523 2175 1685 2219 libertate,
1699 2174 1774 2212 crim

381 2228 519 2264 liberum
529 2244 628 2265 omne
647 2229 683 2265 sit
703 2231 920 2266 voluntarium
935 2259 944 2273 ‚
963 2228 1016 2264 sed
1038 2242 1106 2264 non
1121 2226 1266 2265 viciffim.
1287 2230 1339 2263 Sic
1357 2240 1423 2261 non
1437 2239 1508 2260 raro
1522 2226 1610 2274 quod
1632 2224 1773 2261 libenter

381 2280 504 2325 agimus
516 2308 525 2321 ,
543 2281 575 2314 id
590 2279 691 2315 libere
705 2294 762 2315 nos
778 2309 787 2324 ‚
809 2280 871 2314 hoc
889 2279 935 2314 est
948 2307 958 2322 ,
982 2278 1094 2327 sponte
1107 2283 1141 2316 ὃ(
1154 2277 1334 2313 voluntarie
1358 2275 1465 2310 facere
1486 2277 1634 2309 dicimur.

429 2341 453 2361 1.-
491 2328 667 2364 Necessitas
685 2329 838 2365 naturalis
854 2342 922 2364 non
941 2339 1008 2364 tam
1024 2327 1168 2363 libertati
1183 2356 1194 2370 ,
1212 2339 1309 2373 quam
1332 2324 1488 2359 libertatis
1504 2324 1570 2359 usui
1586 2327 1769 2373 opponitur:

378 2386 453 2409 mm
471 2387 509 2410 ex
528 2378 741 2427 propenfione
751 2378 890 2415 naturali
906 2377 946 2414 ad
959 2390 1057 2414 omne
1075 2376 1202 2413 bonum
1217 2374 1353 2411 nascitur
1368 2374 1501 2410 libertas
1511 2374 1551 2409 ad
1564 2373 1769 2421 unumquod-
