<?xml version="1.0" encoding="UTF-8"?>
<!DOCTYPE html PUBLIC "-//W3C//DTD XHTML 1.0 Transitional//EN"
    "http://www.w3.org/TR/xhtml1/DTD/xhtml1-transitional.dtd">
<html xmlns="http://www.w3.org/1999/xhtml" xml:lang="en" lang="en">
 <head>
  <title>
</title>
<meta http-equiv="Content-Type" content="text/html;charset=utf-8" />
  <meta name='ocr-system' content='tesseract 3.04.00' />
  <meta name='ocr-capabilities' content='ocr_page ocr_carea ocr_par ocr_line ocrx_word'/>
</head>
<body>
  <div class='ocr_page' id='page_1' title='image "./philosophiavetus01duhauoft_0596.png"; bbox 0 0 1857 2745; ppageno 0'>
   <div class='ocr_carea' id='block_1_1' title="bbox 312 128 1725 2438">
    <p class='ocr_par' dir='ltr' id='par_1_1' title="bbox 312 128 1267 187">
     <span class='ocr_line' id='line_1_1' title="bbox 312 128 1267 187; baseline 0.006 -24"><span class='ocrx_word' id='word_1_1' title='bbox 312 140 364 187; x_wconf 72' lang='lat'>573</span> <span class='ocrx_word' id='word_1_2' title='bbox 758 128 1267 169; x_wconf 45' lang='lat' dir='ltr'>&gt;MET&#39;APHYSICAE-</span> 
     </span>
    </p>

    <p class='ocr_par' dir='ltr' id='par_1_2' title="bbox 317 179 1719 323">
     <span class='ocr_line' id='line_1_2' title="bbox 317 179 1719 230; baseline -0.002 -9"><span class='ocrx_word' id='word_1_3' title='bbox 317 198 358 221; x_wconf 79' lang='lat' dir='ltr'>tis</span> <span class='ocrx_word' id='word_1_4' title='bbox 378 183 650 219; x_wconf 74' lang='lat' dir='ltr'>determinatione</span> <span class='ocrx_word' id='word_1_5' title='bbox 664 210 674 225; x_wconf 90' lang='lat'>‚</span> <span class='ocrx_word' id='word_1_6' title='bbox 686 180 923 216; x_wconf 67' lang='lat' dir='ltr'>autelectione</span> <span class='ocrx_word' id='word_1_7' title='bbox 934 179 1014 223; x_wconf 60' lang='lat' dir='ltr'>‚sed</span> <span class='ocrx_word' id='word_1_8' title='bbox 1028 188 1066 216; x_wconf 80' lang='lat' dir='ltr'>e‘x</span> <span class='ocrx_word' id='word_1_9' title='bbox 1076 183 1108 216; x_wconf 83' lang='lat' dir='ltr'>vi</span> <span class='ocrx_word' id='word_1_10' title='bbox 1128 183 1269 230; x_wconf 83' lang='lat' dir='ltr'>quadam</span> <span class='ocrx_word' id='word_1_11' title='bbox 1291 182 1428 215; x_wconf 80' lang='lat' dir='ltr'>extraria</span> <span class='ocrx_word' id='word_1_12' title='bbox 1438 180 1471 218; x_wconf 64' lang='grc' dir='ltr'>ἃ</span> <span class='ocrx_word' id='word_1_13' title='bbox 1485 182 1719 226; x_wconf 77' lang='lat' dir='ltr'>antecedente,</span> 
     </span>
     <span class='ocr_line' id='line_1_3' title="bbox 319 228 1714 279; baseline -0.004 -9"><span class='ocrx_word' id='word_1_14' title='bbox 319 246 389 270; x_wconf 83' lang='lat' dir='ltr'>tum</span> <span class='ocrx_word' id='word_1_15' title='bbox 398 232 478 268; x_wconf 86' lang='lat' dir='ltr'>nihil</span> <span class='ocrx_word' id='word_1_16' title='bbox 503 231 566 265; x_wconf 74' lang='lat' dir='ltr'>loci</span> <span class='ocrx_word' id='word_1_17' title='bbox 583 242 729 265; x_wconf 77' lang='lat' dir='ltr'>remanet</span> <span class='ocrx_word' id='word_1_18' title='bbox 746 228 905 266; x_wconf 81' lang='lat' dir='ltr'>libertati:</span> <span class='ocrx_word' id='word_1_19' title='bbox 927 228 966 264; x_wconf 82' lang='lat' dir='ltr'>fic</span> <span class='ocrx_word' id='word_1_20' title='bbox 976 232 1032 278; x_wconf 81' lang='lat' dir='ltr'>qui</span> <span class='ocrx_word' id='word_1_21' title='bbox 1050 230 1127 278; x_wconf 84' lang='lat' dir='ltr'>palo</span> <span class='ocrx_word' id='word_1_22' title='bbox 1140 231 1182 266; x_wconf 86' lang='lat' dir='ltr'>est</span> <span class='ocrx_word' id='word_1_23' title='bbox 1204 231 1366 279; x_wconf 82' lang='lat' dir='ltr'>illigatus,</span> <span class='ocrx_word' id='word_1_24' title='bbox 1384 242 1422 264; x_wconf 87' lang='lat' dir='ltr'>ea</span> <span class='ocrx_word' id='word_1_25' title='bbox 1437 233 1588 278; x_wconf 82' lang='lat' dir='ltr'>potentia</span> <span class='ocrx_word' id='word_1_26' title='bbox 1613 232 1714 267; x_wconf 77' lang='lat' dir='ltr'>standi</span> 
     </span>
     <span class='ocr_line' id='line_1_4' title="bbox 321 278 1352 323; baseline -0.004 -6"><span class='ocrx_word' id='word_1_27' title='bbox 321 282 482 317; x_wconf 83' lang='lat' dir='ltr'>reducitur</span> <span class='ocrx_word' id='word_1_28' title='bbox 498 282 536 314; x_wconf 86' lang='lat' dir='ltr'>ad</span> <span class='ocrx_word' id='word_1_29' title='bbox 552 280 661 314; x_wconf 68' lang='lat' dir='ltr'>aetum</span> <span class='ocrx_word' id='word_1_30' title='bbox 677 309 687 323; x_wconf 82' lang='grc'>,</span> <span class='ocrx_word' id='word_1_31' title='bbox 718 278 770 314; x_wconf 90' lang='lat' dir='ltr'>sed</span> <span class='ocrx_word' id='word_1_32' title='bbox 787 292 853 315; x_wconf 85' lang='lat' dir='ltr'>non</span> <span class='ocrx_word' id='word_1_33' title='bbox 867 291 906 314; x_wconf 86' lang='lat' dir='ltr'>ex</span> <span class='ocrx_word' id='word_1_34' title='bbox 925 278 955 314; x_wconf 84' lang='lat' dir='ltr'>se</span> <span class='ocrx_word' id='word_1_35' title='bbox 966 308 975 322; x_wconf 93' lang='lat'><em>‚</em></span> <span class='ocrx_word' id='word_1_36' title='bbox 994 293 1060 314; x_wconf 81' lang='lat' dir='ltr'>non</span> <span class='ocrx_word' id='word_1_37' title='bbox 1071 292 1111 314; x_wconf 83' lang='lat' dir='ltr'>ex</span> <span class='ocrx_word' id='word_1_38' title='bbox 1123 280 1174 314; x_wconf 85' lang='lat' dir='ltr'>sua</span> <span class='ocrx_word' id='word_1_39' title='bbox 1184 279 1352 315; x_wconf 79' lang='lat' dir='ltr'>libertate.</span> 
     </span>
    </p>

    <p class='ocr_par' dir='ltr' id='par_1_3' title="bbox 316 326 1721 722">
     <span class='ocr_line' id='line_1_5' title="bbox 356 326 1720 379; baseline -0.001 -17"><span class='ocrx_word' id='word_1_40' title='bbox 356 330 552 379; x_wconf 74' lang='lat' dir='ltr'><em>Respondent</em></span> <span class='ocrx_word' id='word_1_41' title='bbox 566 329 662 377; x_wconf 82' lang='lat' dir='ltr'>longe</span> <span class='ocrx_word' id='word_1_42' title='bbox 671 327 828 377; x_wconf 79' lang='lat' dir='ltr'>disparem</span> <span class='ocrx_word' id='word_1_43' title='bbox 842 326 902 363; x_wconf 75' lang='lat' dir='ltr'>effe</span> <span class='ocrx_word' id='word_1_44' title='bbox 922 332 1004 363; x_wconf 84' lang='lat' dir='ltr'>inter</span> <span class='ocrx_word' id='word_1_45' title='bbox 1015 329 1386 377; x_wconf 82' lang='lat' dir='ltr'>praedetetininationem</span> <span class='ocrx_word' id='word_1_46' title='bbox 1398 327 1560 377; x_wconf 83' lang='lat' dir='ltr'>phyficarn</span> <span class='ocrx_word' id='word_1_47' title='bbox 1571 357 1581 371; x_wconf 87' lang='lat'>‚</span> <span class='ocrx_word' id='word_1_48' title='bbox 1595 332 1629 364; x_wconf 65' lang='grc' dir='ltr'>ὃ(</span> <span class='ocrx_word' id='word_1_49' title='bbox 1644 330 1720 363; x_wconf 86' lang='lat' dir='ltr'>vin-</span> 
     </span>
     <span class='ocr_line' id='line_1_6' title="bbox 322 376 1719 425; baseline -0.003 -9"><span class='ocrx_word' id='word_1_50' title='bbox 322 379 392 415; x_wconf 82' lang='lat' dir='ltr'>cula</span> <span class='ocrx_word' id='word_1_51' title='bbox 409 380 572 413; x_wconf 86' lang='lat' dir='ltr'>rationem</span> <span class='ocrx_word' id='word_1_52' title='bbox 588 379 697 425; x_wconf 82' lang='lat' dir='ltr'>:quod</span> <span class='ocrx_word' id='word_1_53' title='bbox 715 378 847 413; x_wconf 80' lang='lat' dir='ltr'>vincula</span> <span class='ocrx_word' id='word_1_54' title='bbox 862 376 1082 413; x_wconf 82' lang='lat' dir='ltr'>neceffitatem</span> <span class='ocrx_word' id='word_1_55' title='bbox 1101 379 1281 415; x_wconf 70' lang='lat' dir='ltr'>naturalem</span> <span class='ocrx_word' id='word_1_56' title='bbox 1297 379 1623 421; x_wconf 67' lang='lat' dir='ltr'>indricant,1ion-itciii</span> <span class='ocrx_word' id='word_1_57' title='bbox 1637 390 1719 425; x_wconf 81' lang='lat' dir='ltr'>ptae-</span> 
     </span>
     <span class='ocr_line' id='line_1_7' title="bbox 322 425 1718 475; baseline -0.001 -11"><span class='ocrx_word' id='word_1_58' title='bbox 322 430 552 464; x_wconf 77' lang='lat' dir='ltr'>determinatio</span> <span class='ocrx_word' id='word_1_59' title='bbox 564 457 573 471; x_wconf 86' lang='lat'>,</span> <span class='ocrx_word' id='word_1_60' title='bbox 592 439 662 475; x_wconf 79' lang='lat' dir='ltr'>quae</span> <span class='ocrx_word' id='word_1_61' title='bbox 676 427 880 463; x_wconf 72' lang='lat' dir='ltr'>voluntatem</span> <span class='ocrx_word' id='word_1_62' title='bbox 889 439 1007 462; x_wconf 86' lang='lat' dir='ltr'>movet</span> <span class='ocrx_word' id='word_1_63' title='bbox 1019 427 1120 463; x_wconf 86' lang='lat' dir='ltr'>libere</span> <span class='ocrx_word' id='word_1_64' title='bbox 1133 457 1145 472; x_wconf 86' lang='lat'><em>‚</em></span> <span class='ocrx_word' id='word_1_65' title='bbox 1161 441 1230 463; x_wconf 89' lang='lat' dir='ltr'>non</span> <span class='ocrx_word' id='word_1_66' title='bbox 1244 425 1425 469; x_wconf 61' lang='lat' dir='ltr'>neceffaric‘p.</span> <span class='ocrx_word' id='word_1_67' title='bbox 1443 431 1531 463; x_wconf 83' lang='lat' dir='ltr'>Nam</span> <span class='ocrx_word' id='word_1_68' title='bbox 1549 430 1639 462; x_wconf 76' lang='lat' dir='ltr'>Deus</span> <span class='ocrx_word' id='word_1_69' title='bbox 1651 456 1659 470; x_wconf 88' lang='lat'>‚</span> <span class='ocrx_word' id='word_1_70' title='bbox 1681 439 1718 462; x_wconf 89' lang='lat' dir='ltr'>ut</span> 
     </span>
     <span class='ocr_line' id='line_1_8' title="bbox 323 473 1721 526; baseline -0.002 -13"><span class='ocrx_word' id='word_1_71' title='bbox 323 477 401 526; x_wconf 82' lang='lat' dir='ltr'>saepe</span> <span class='ocrx_word' id='word_1_72' title='bbox 424 478 521 511; x_wconf 87' lang='lat' dir='ltr'>docet</span> <span class='ocrx_word' id='word_1_73' title='bbox 536 479 561 512; x_wconf 83' lang='lat' dir='ltr'>S.</span> <span class='ocrx_word' id='word_1_74' title='bbox 582 477 751 520; x_wconf 69' lang='lat' dir='ltr'>Thomas,</span> <span class='ocrx_word' id='word_1_75' title='bbox 774 476 878 511; x_wconf 81' lang='lat' dir='ltr'>causas</span> <span class='ocrx_word' id='word_1_76' title='bbox 896 475 1021 512; x_wconf 70' lang='lat' dir='ltr'>liberas·</span> <span class='ocrx_word' id='word_1_77' title='bbox 1040 489 1156 514; x_wconf 83' lang='lat' dir='ltr'>movet</span> <span class='ocrx_word' id='word_1_78' title='bbox 1177 476 1278 512; x_wconf 86' lang='lat' dir='ltr'>libere</span> <span class='ocrx_word' id='word_1_79' title='bbox 1291 506 1301 521; x_wconf 86' lang='lat'>‚</span> <span class='ocrx_word' id='word_1_80' title='bbox 1323 474 1507 512; x_wconf 63' lang='lat' dir='ltr'>necessarias</span> <span class='ocrx_word' id='word_1_81' title='bbox 1522 473 1695 511; x_wconf 75' lang='lat' dir='ltr'>neceffatio</span> <span class='ocrx_word' id='word_1_82' title='bbox 1709 505 1721 519; x_wconf 83' lang='lat'>,.</span> 
     </span>
     <span class='ocr_line' id='line_1_9' title="bbox 316 525 1719 575; baseline -0.003 -13"><span class='ocrx_word' id='word_1_83' title='bbox 316 539 425 575; x_wconf 29' lang='lat' dir='ltr'>ratque</span> <span class='ocrx_word' id='word_1_84' title='bbox 444 539 553 561; x_wconf 86' lang='lat' dir='ltr'>earum</span> <span class='ocrx_word' id='word_1_85' title='bbox 579 538 698 562; x_wconf 81' lang='lat' dir='ltr'>naturae</span> <span class='ocrx_word' id='word_1_86' title='bbox 717 525 780 561; x_wconf 87' lang='lat' dir='ltr'>sese</span> <span class='ocrx_word' id='word_1_87' title='bbox 797 527 1027 562; x_wconf 83' lang='lat' dir='ltr'>accommodat</span> <span class='ocrx_word' id='word_1_88' title='bbox 1049 540 1059 562; x_wconf 76' lang='lat' dir='ltr'><strong><em>z</em></strong></span> <span class='ocrx_word' id='word_1_89' title='bbox 1091 539 1151 562; x_wconf 88' lang='lat' dir='ltr'>nec</span> <span class='ocrx_word' id='word_1_90' title='bbox 1167 526 1269 562; x_wconf 86' lang='lat' dir='ltr'>solum</span> <span class='ocrx_word' id='word_1_91' title='bbox 1288 528 1395 561; x_wconf 58' lang='lat' dir='ltr'>aarum</span> <span class='ocrx_word' id='word_1_92' title='bbox 1418 525 1594 560; x_wconf 83' lang='lat' dir='ltr'>voluntatis</span> <span class='ocrx_word' id='word_1_93' title='bbox 1617 527 1719 559; x_wconf 85' lang='lat' dir='ltr'>attin-</span> 
     </span>
     <span class='ocr_line' id='line_1_10' title="bbox 323 573 1719 626; baseline -0.003 -15"><span class='ocrx_word' id='word_1_94' title='bbox 323 579 391 626; x_wconf 82' lang='lat' dir='ltr'>git,</span> <span class='ocrx_word' id='word_1_95' title='bbox 410 575 462 610; x_wconf 88' lang='lat' dir='ltr'>sed</span> <span class='ocrx_word' id='word_1_96' title='bbox 479 578 578 610; x_wconf 82' lang='lat' dir='ltr'>etiam</span> <span class='ocrx_word' id='word_1_97' title='bbox 595 579 664 622; x_wconf 85' lang='lat' dir='ltr'>ejus</span> <span class='ocrx_word' id='word_1_98' title='bbox 681 577 814 610; x_wconf 88' lang='lat' dir='ltr'>modum</span> <span class='ocrx_word' id='word_1_99' title='bbox 828 592 837 618; x_wconf 65' lang='grc' dir='ltr'><strong>ς</strong></span> <span class='ocrx_word' id='word_1_100' title='bbox 850 588 955 623; x_wconf 84' lang='lat' dir='ltr'>eoque</span> <span class='ocrx_word' id='word_1_101' title='bbox 973 588 1129 612; x_wconf 89' lang='lat' dir='ltr'>movente</span> <span class='ocrx_word' id='word_1_102' title='bbox 1143 589 1210 611; x_wconf 91' lang='lat' dir='ltr'>non</span> <span class='ocrx_word' id='word_1_103' title='bbox 1227 587 1353 611; x_wconf 84' lang='lat' dir='ltr'>tantum</span> <span class='ocrx_word' id='word_1_104' title='bbox 1374 574 1524 610; x_wconf 79' lang='lat' dir='ltr'>voluntas</span> <span class='ocrx_word' id='word_1_105' title='bbox 1545 574 1635 608; x_wconf 63' lang='lat' dir='ltr'>actus</span> <span class='ocrx_word' id='word_1_106' title='bbox 1649 573 1719 609; x_wconf 83' lang='lat' dir='ltr'>suos</span> 
     </span>
     <span class='ocr_line' id='line_1_11' title="bbox 324 623 1720 673; baseline -0.002 -13"><span class='ocrx_word' id='word_1_107' title='bbox 324 625 436 667; x_wconf 84' lang='lat' dir='ltr'>elicit,</span> <span class='ocrx_word' id='word_1_108' title='bbox 451 624 501 659; x_wconf 85' lang='lat' dir='ltr'>sed</span> <span class='ocrx_word' id='word_1_109' title='bbox 513 624 657 662; x_wconf 86' lang='lat' dir='ltr'>&amp;libere</span> <span class='ocrx_word' id='word_1_110' title='bbox 669 638 724 660; x_wconf 82' lang='lat' dir='ltr'>eos</span> <span class='ocrx_word' id='word_1_111' title='bbox 745 627 856 661; x_wconf 83' lang='lat' dir='ltr'>exerit.</span> <span class='ocrx_word' id='word_1_112' title='bbox 872 627 991 672; x_wconf 83' lang='lat' dir='ltr'>Sicque</span> <span class='ocrx_word' id='word_1_113' title='bbox 1003 629 1093 661; x_wconf 87' lang='lat' dir='ltr'>Deus</span> <span class='ocrx_word' id='word_1_114' title='bbox 1105 637 1219 661; x_wconf 88' lang='lat' dir='ltr'>movet</span> <span class='ocrx_word' id='word_1_115' title='bbox 1230 625 1432 661; x_wconf 82' lang='lat' dir='ltr'>voluntatem</span> <span class='ocrx_word' id='word_1_116' title='bbox 1454 636 1511 673; x_wconf 85' lang='lat' dir='ltr'>per</span> <span class='ocrx_word' id='word_1_117' title='bbox 1532 624 1667 659; x_wconf 86' lang='lat' dir='ltr'>modum</span> <span class='ocrx_word' id='word_1_118' title='bbox 1682 623 1720 657; x_wconf 84' lang='lat' dir='ltr'>li-</span> 
     </span>
     <span class='ocr_line' id='line_1_12' title="bbox 324 674 1652 722; baseline 0.001 -13"><span class='ocrx_word' id='word_1_119' title='bbox 324 674 474 718; x_wconf 82' lang='lat' dir='ltr'>beri‚non</span> <span class='ocrx_word' id='word_1_120' title='bbox 485 687 542 722; x_wconf 84' lang='lat' dir='ltr'>per</span> <span class='ocrx_word' id='word_1_121' title='bbox 552 674 688 709; x_wconf 87' lang='lat' dir='ltr'>modum</span> <span class='ocrx_word' id='word_1_122' title='bbox 706 687 828 709; x_wconf 78' lang='lat' dir='ltr'>namrae</span> <span class='ocrx_word' id='word_1_123' title='bbox 846 687 900 709; x_wconf 85' lang='lat' dir='ltr'>aut</span> <span class='ocrx_word' id='word_1_124' title='bbox 917 675 1093 712; x_wconf 71' lang='lat' dir='ltr'>necessarii.</span> <span class='ocrx_word' id='word_1_125' title='bbox 1178 696 1180 699; x_wconf 44' lang='lat' dir='ltr'>v</span> <span class='ocrx_word' id='word_1_126' title='bbox 1406 692 1407 695; x_wconf 48' lang='lat'>¹</span> <span class='ocrx_word' id='word_1_127' title='bbox 1499 697 1502 699; x_wconf 98' lang='lat'>-</span> <span class='ocrx_word' id='word_1_128' title='bbox 1546 686 1548 689; x_wconf 81' lang='grc'>’</span> <span class='ocrx_word' id='word_1_129' title='bbox 1650 685 1652 690; x_wconf 72' lang='grc'><strong>“</strong></span> 
     </span>
    </p>

    <p class='ocr_par' dir='ltr' id='par_1_4' title="bbox 324 722 1725 1799">
     <span class='ocr_line' id='line_1_13' title="bbox 353 722 1721 772; baseline -0.001 -15"><span class='ocrx_word' id='word_1_130' title='bbox 353 723 612 767; x_wconf 80' lang='lat' dir='ltr'>Contra‚eodem</span> <span class='ocrx_word' id='word_1_131' title='bbox 623 724 725 758; x_wconf 82' lang='lat' dir='ltr'>modo</span> <span class='ocrx_word' id='word_1_132' title='bbox 737 725 800 758; x_wconf 88' lang='lat' dir='ltr'>dici</span> <span class='ocrx_word' id='word_1_133' title='bbox 813 725 917 772; x_wconf 87' lang='lat' dir='ltr'>potest</span> <span class='ocrx_word' id='word_1_134' title='bbox 939 726 1048 759; x_wconf 89' lang='lat' dir='ltr'>Deum</span> <span class='ocrx_word' id='word_1_135' title='bbox 1065 754 1074 768; x_wconf 92' lang='lat'>,</span> <span class='ocrx_word' id='word_1_136' title='bbox 1093 725 1161 760; x_wconf 89' lang='lat' dir='ltr'>vim</span> <span class='ocrx_word' id='word_1_137' title='bbox 1181 730 1215 761; x_wconf 87' lang='lat'>&amp;</span> <span class='ocrx_word' id='word_1_138' title='bbox 1238 722 1458 760; x_wconf 80' lang='lat' dir='ltr'>neceffitatem</span> <span class='ocrx_word' id='word_1_139' title='bbox 1477 727 1651 772; x_wconf 82' lang='lat' dir='ltr'>imponere</span> <span class='ocrx_word' id='word_1_140' title='bbox 1659 734 1721 757; x_wconf 85' lang='lat' dir='ltr'>vo-</span> 
     </span>
     <span class='ocr_line' id='line_1_14' title="bbox 325 771 1721 823; baseline 0 -15"><span class='ocrx_word' id='word_1_141' title='bbox 325 773 440 808; x_wconf 83' lang='lat' dir='ltr'>luntati</span> <span class='ocrx_word' id='word_1_142' title='bbox 456 784 512 821; x_wconf 87' lang='lat' dir='ltr'>pet</span> <span class='ocrx_word' id='word_1_143' title='bbox 527 773 661 807; x_wconf 90' lang='lat' dir='ltr'>modum</span> <span class='ocrx_word' id='word_1_144' title='bbox 679 772 784 809; x_wconf 83' lang='lat' dir='ltr'>liberi.</span> <span class='ocrx_word' id='word_1_145' title='bbox 813 774 906 821; x_wconf 77' lang='lat' dir='ltr'>Qud</span> <span class='ocrx_word' id='word_1_146' title='bbox 932 776 1018 810; x_wconf 90' lang='lat' dir='ltr'>enim</span> <span class='ocrx_word' id='word_1_147' title='bbox 1040 776 1140 823; x_wconf 82' lang='lat' dir='ltr'>magis</span> <span class='ocrx_word' id='word_1_148' title='bbox 1150 775 1198 809; x_wconf 86' lang='lat' dir='ltr'>est</span> <span class='ocrx_word' id='word_1_149' title='bbox 1216 773 1420 809; x_wconf 79' lang='lat' dir='ltr'>necessatium</span> <span class='ocrx_word' id='word_1_150' title='bbox 1450 773 1552 821; x_wconf 68' lang='lat' dir='ltr'>quam</span> <span class='ocrx_word' id='word_1_151' title='bbox 1573 772 1604 806; x_wconf 86' lang='lat' dir='ltr'>id</span> <span class='ocrx_word' id='word_1_152' title='bbox 1626 771 1721 819; x_wconf 68' lang='lat' dir='ltr'>qnod</span> 
     </span>
     <span class='ocr_line' id='line_1_15' title="bbox 324 821 1724 872; baseline -0.002 -16"><span class='ocrx_word' id='word_1_153' title='bbox 324 822 457 857; x_wconf 83' lang='lat' dir='ltr'>aliunde</span> <span class='ocrx_word' id='word_1_154' title='bbox 477 821 639 858; x_wconf 85' lang='lat' dir='ltr'>voluntati</span> <span class='ocrx_word' id='word_1_155' title='bbox 657 822 810 866; x_wconf 87' lang='lat' dir='ltr'>advenit,</span> <span class='ocrx_word' id='word_1_156' title='bbox 834 833 890 857; x_wconf 88' lang='lat' dir='ltr'>aut</span> <span class='ocrx_word' id='word_1_157' title='bbox 914 825 947 858; x_wconf 88' lang='lat' dir='ltr'>in</span> <span class='ocrx_word' id='word_1_158' title='bbox 970 835 1008 858; x_wconf 87' lang='lat' dir='ltr'>ea</span> <span class='ocrx_word' id='word_1_159' title='bbox 1031 825 1161 872; x_wconf 82' lang='lat' dir='ltr'>ponitur</span> <span class='ocrx_word' id='word_1_160' title='bbox 1180 852 1190 867; x_wconf 86' lang='lat'>‚</span> <span class='ocrx_word' id='word_1_161' title='bbox 1221 823 1319 870; x_wconf 85' lang='lat' dir='ltr'>idque</span> <span class='ocrx_word' id='word_1_162' title='bbox 1335 824 1565 859; x_wconf 85' lang='lat' dir='ltr'>antecedenter</span> <span class='ocrx_word' id='word_1_163' title='bbox 1594 821 1634 854; x_wconf 85' lang='lat' dir='ltr'>ad</span> <span class='ocrx_word' id='word_1_164' title='bbox 1653 825 1724 867; x_wconf 75' lang='lat' dir='ltr'>ejus</span> 
     </span>
     <span class='ocr_line' id='line_1_16' title="bbox 325 869 1721 918; baseline -0.003 -12"><span class='ocrx_word' id='word_1_165' title='bbox 325 870 708 918; x_wconf 80' lang='lat' dir='ltr'>concursum-‚quodque</span> <span class='ocrx_word' id='word_1_166' title='bbox 734 871 779 905; x_wconf 88' lang='lat' dir='ltr'>est</span> <span class='ocrx_word' id='word_1_167' title='bbox 820 876 924 907; x_wconf 84' lang='lat' dir='ltr'>enitus</span> <span class='ocrx_word' id='word_1_168' title='bbox 949 871 1183 916; x_wconf 64' lang='lat' dir='ltr'>ineluctabile,</span> <span class='ocrx_word' id='word_1_169' title='bbox 1206 883 1261 906; x_wconf 86' lang='lat' dir='ltr'>aut</span> <span class='ocrx_word' id='word_1_170' title='bbox 1277 871 1480 909; x_wconf 83' lang='lat' dir='ltr'>invincibile.</span> <span class='ocrx_word' id='word_1_171' title='bbox 1507 874 1629 917; x_wconf 83' lang='lat' dir='ltr'>Neque</span> <span class='ocrx_word' id='word_1_172' title='bbox 1656 869 1721 903; x_wconf 86' lang='lat' dir='ltr'>alia</span> 
     </span>
     <span class='ocr_line' id='line_1_17' title="bbox 325 885 1723 969; baseline -0.001 -15"><span class='ocrx_word' id='word_1_173' title='bbox 325 923 452 955; x_wconf 84' lang='lat' dir='ltr'>ratione</span> <span class='ocrx_word' id='word_1_174' title='bbox 469 921 596 955; x_wconf 87' lang='lat' dir='ltr'>vincula</span> <span class='ocrx_word' id='word_1_175' title='bbox 613 919 684 955; x_wconf 86' lang='lat' dir='ltr'>sunt</span> <span class='ocrx_word' id='word_1_176' title='bbox 695 885 884 962; x_wconf 54' lang='lat' dir='ltr'>necenlgria,</span> <span class='ocrx_word' id='word_1_177' title='bbox 903 920 1002 969; x_wconf 70' lang='lat' dir='ltr'>quam</span> <span class='ocrx_word' id='word_1_178' title='bbox 1012 922 1101 969; x_wconf 87' lang='lat' dir='ltr'>quod</span> <span class='ocrx_word' id='word_1_179' title='bbox 1113 923 1242 969; x_wconf 83' lang='lat' dir='ltr'>propria</span> <span class='ocrx_word' id='word_1_180' title='bbox 1259 920 1430 955; x_wconf 83' lang='lat' dir='ltr'>voluntate</span> <span class='ocrx_word' id='word_1_181' title='bbox 1446 934 1512 956; x_wconf 87' lang='lat' dir='ltr'>non</span> <span class='ocrx_word' id='word_1_182' title='bbox 1533 929 1696 968; x_wconf 81' lang='lat' dir='ltr'>ponantur</span> <span class='ocrx_word' id='word_1_183' title='bbox 1711 946 1723 962; x_wconf 83' lang='lat'>,</span> 
     </span>
     <span class='ocr_line' id='line_1_18' title="bbox 326 967 1722 1019; baseline -0.001 -16"><span class='ocrx_word' id='word_1_184' title='bbox 326 975 361 1007; x_wconf 88' lang='lat'>&amp;</span> <span class='ocrx_word' id='word_1_185' title='bbox 372 969 526 1005; x_wconf 65' lang='lat' dir='ltr'>effeetum</span> <span class='ocrx_word' id='word_1_186' title='bbox 543 968 685 1004; x_wconf 79' lang='lat' dir='ltr'>habeant</span> <span class='ocrx_word' id='word_1_187' title='bbox 703 969 939 1006; x_wconf 83' lang='lat' dir='ltr'>invincibilem.</span> <span class='ocrx_word' id='word_1_188' title='bbox 957 970 1120 1019; x_wconf 82' lang='lat' dir='ltr'>Qamvis</span> <span class='ocrx_word' id='word_1_189' title='bbox 1136 972 1192 1018; x_wconf 84' lang='lat' dir='ltr'>qui</span> <span class='ocrx_word' id='word_1_190' title='bbox 1220 969 1357 1004; x_wconf 79' lang='lat' dir='ltr'>vinculis</span> <span class='ocrx_word' id='word_1_191' title='bbox 1374 970 1560 1005; x_wconf 60' lang='lat' dir='ltr'>constrictus</span> <span class='ocrx_word' id='word_1_192' title='bbox 1576 967 1621 1002; x_wconf 87' lang='lat' dir='ltr'>est</span> <span class='ocrx_word' id='word_1_193' title='bbox 1632 996 1640 1009; x_wconf 86' lang='lat'>‚</span> <span class='ocrx_word' id='word_1_194' title='bbox 1660 967 1722 1002; x_wconf 77' lang='lat' dir='ltr'>ha-</span> 
     </span>
     <span class='ocr_line' id='line_1_19' title="bbox 324 1017 1723 1067; baseline -0.002 -14"><span class='ocrx_word' id='word_1_195' title='bbox 324 1018 406 1053; x_wconf 80' lang='lat' dir='ltr'>beat</span> <span class='ocrx_word' id='word_1_196' title='bbox 422 1021 608 1067; x_wconf 83' lang='lat' dir='ltr'>potentiam</span> <span class='ocrx_word' id='word_1_197' title='bbox 622 1019 661 1053; x_wconf 88' lang='lat' dir='ltr'>ad</span> <span class='ocrx_word' id='word_1_198' title='bbox 674 1017 906 1054; x_wconf 83' lang='lat' dir='ltr'>ambulandum</span> <span class='ocrx_word' id='word_1_199' title='bbox 920 1021 954 1055; x_wconf 88' lang='lat' dir='ltr'>in</span> <span class='ocrx_word' id='word_1_200' title='bbox 968 1018 1055 1054; x_wconf 78' lang='lat' dir='ltr'>sensti</span> <span class='ocrx_word' id='word_1_201' title='bbox 1069 1049 1081 1063; x_wconf 81' lang='lat'>,</span> <span class='ocrx_word' id='word_1_202' title='bbox 1100 1031 1136 1054; x_wconf 88' lang='lat' dir='ltr'>ut</span> <span class='ocrx_word' id='word_1_203' title='bbox 1153 1021 1260 1063; x_wconf 84' lang='lat' dir='ltr'>aiunt,</span> <span class='ocrx_word' id='word_1_204' title='bbox 1286 1018 1389 1054; x_wconf 86' lang='lat' dir='ltr'>diviso</span> <span class='ocrx_word' id='word_1_205' title='bbox 1409 1033 1416 1055; x_wconf 91' lang='lat'><strong>:</strong></span> <span class='ocrx_word' id='word_1_206' title='bbox 1444 1019 1510 1054; x_wconf 84' lang='lat' dir='ltr'>haec</span> <span class='ocrx_word' id='word_1_207' title='bbox 1531 1028 1639 1053; x_wconf 84' lang='lat' dir='ltr'>tamen</span> <span class='ocrx_word' id='word_1_208' title='bbox 1659 1028 1723 1064; x_wconf 87' lang='lat' dir='ltr'>po-</span> 
     </span>
     <span class='ocr_line' id='line_1_20' title="bbox 329 1067 1720 1117; baseline -0.004 -15"><span class='ocrx_word' id='word_1_209' title='bbox 329 1068 630 1103; x_wconf 81' lang='lat' dir='ltr'>tentialibettatem</span> <span class='ocrx_word' id='word_1_210' title='bbox 648 1070 679 1102; x_wconf 84' lang='lat' dir='ltr'>ei</span> <span class='ocrx_word' id='word_1_211' title='bbox 689 1082 755 1104; x_wconf 88' lang='lat' dir='ltr'>non</span> <span class='ocrx_word' id='word_1_212' title='bbox 769 1068 894 1111; x_wconf 80' lang='lat' dir='ltr'>reddit,</span> <span class='ocrx_word' id='word_1_213' title='bbox 913 1069 1018 1103; x_wconf 84' lang='lat' dir='ltr'>donec</span> <span class='ocrx_word' id='word_1_214' title='bbox 1032 1067 1070 1103; x_wconf 86' lang='lat' dir='ltr'>fit</span> <span class='ocrx_word' id='word_1_215' title='bbox 1090 1069 1259 1117; x_wconf 85' lang='lat' dir='ltr'>expeditus</span> <span class='ocrx_word' id='word_1_216' title='bbox 1272 1098 1282 1113; x_wconf 86' lang='lat'>‚</span> <span class='ocrx_word' id='word_1_217' title='bbox 1306 1074 1341 1105; x_wconf 89' lang='lat'>&amp;</span> <span class='ocrx_word' id='word_1_218' title='bbox 1360 1067 1493 1117; x_wconf 78' lang='lat' dir='ltr'>seipsum</span> <span class='ocrx_word' id='word_1_219' title='bbox 1516 1067 1720 1102; x_wconf 82' lang='lat' dir='ltr'>determinet.</span> 
     </span>
     <span class='ocr_line' id='line_1_21' title="bbox 328 1114 1721 1166; baseline -0.001 -16"><span class='ocrx_word' id='word_1_220' title='bbox 328 1117 413 1151; x_wconf 89' lang='lat' dir='ltr'>Cum</span> <span class='ocrx_word' id='word_1_221' title='bbox 436 1119 544 1163; x_wconf 85' lang='lat' dir='ltr'>itaque</span> <span class='ocrx_word' id='word_1_222' title='bbox 558 1117 839 1165; x_wconf 55' lang='lat' dir='ltr'>pgaederetminate</span> <span class='ocrx_word' id='word_1_223' title='bbox 861 1116 990 1166; x_wconf 77' lang='lat' dir='ltr'>physice</span> <span class='ocrx_word' id='word_1_224' title='bbox 1003 1130 1071 1154; x_wconf 87' lang='lat' dir='ltr'>non</span> <span class='ocrx_word' id='word_1_225' title='bbox 1093 1116 1129 1152; x_wconf 82' lang='lat' dir='ltr'>sit</span> <span class='ocrx_word' id='word_1_226' title='bbox 1147 1118 1231 1152; x_wconf 84' lang='lat' dir='ltr'>aliud</span> <span class='ocrx_word' id='word_1_227' title='bbox 1247 1117 1347 1166; x_wconf 68' lang='lat' dir='ltr'>quam</span> <span class='ocrx_word' id='word_1_228' title='bbox 1371 1119 1524 1152; x_wconf 87' lang='lat' dir='ltr'>terminos</span> <span class='ocrx_word' id='word_1_229' title='bbox 1543 1114 1721 1151; x_wconf 82' lang='lat' dir='ltr'>voluntatis</span> 
     </span>
     <span class='ocr_line' id='line_1_22' title="bbox 328 1162 1722 1214; baseline -0.002 -14"><span class='ocrx_word' id='word_1_230' title='bbox 328 1165 554 1200; x_wconf 68' lang='lat' dir='ltr'>indifferentiae</span> <span class='ocrx_word' id='word_1_231' title='bbox 569 1165 755 1214; x_wconf 65' lang='lat' dir='ltr'>praefigere,</span> <span class='ocrx_word' id='word_1_232' title='bbox 780 1165 974 1214; x_wconf 77' lang='lat' dir='ltr'>impossibile</span> <span class='ocrx_word' id='word_1_233' title='bbox 1003 1167 1050 1201; x_wconf 86' lang='lat' dir='ltr'>est</span> <span class='ocrx_word' id='word_1_234' title='bbox 1073 1177 1111 1201; x_wconf 89' lang='lat' dir='ltr'>ut</span> <span class='ocrx_word' id='word_1_235' title='bbox 1124 1169 1279 1203; x_wconf 87' lang='lat' dir='ltr'>terminos</span> <span class='ocrx_word' id='word_1_236' title='bbox 1301 1167 1320 1202; x_wconf 64' lang='lat'>:¹2</span> <span class='ocrx_word' id='word_1_237' title='bbox 1337 1170 1411 1202; x_wconf 88' lang='lat' dir='ltr'>Deo</span> <span class='ocrx_word' id='word_1_238' title='bbox 1428 1172 1491 1214; x_wconf 85' lang='lat' dir='ltr'>jam</span> <span class='ocrx_word' id='word_1_239' title='bbox 1511 1165 1586 1200; x_wconf 79' lang='lat' dir='ltr'>ante</span> <span class='ocrx_word' id='word_1_240' title='bbox 1602 1162 1722 1211; x_wconf 80' lang='lat' dir='ltr'>positos</span> 
     </span>
     <span class='ocr_line' id='line_1_23' title="bbox 329 1212 1725 1263; baseline -0.001 -14"><span class='ocrx_word' id='word_1_241' title='bbox 329 1213 479 1249; x_wconf 78' lang='lat' dir='ltr'>voluntas</span> <span class='ocrx_word' id='word_1_242' title='bbox 491 1215 789 1263; x_wconf 65' lang='lat' dir='ltr'>praetergrediatur:</span> <span class='ocrx_word' id='word_1_243' title='bbox 806 1215 943 1250; x_wconf 85' lang='lat' dir='ltr'>frustrari</span> <span class='ocrx_word' id='word_1_244' title='bbox 965 1217 1074 1257; x_wconf 85' lang='lat' dir='ltr'>enim,</span> <span class='ocrx_word' id='word_1_245' title='bbox 1092 1226 1129 1249; x_wconf 90' lang='lat' dir='ltr'>ut</span> <span class='ocrx_word' id='word_1_246' title='bbox 1148 1215 1253 1262; x_wconf 85' lang='lat' dir='ltr'>placet</span> <span class='ocrx_word' id='word_1_247' title='bbox 1263 1216 1460 1259; x_wconf 78' lang='lat' dir='ltr'>Thomistis‚</span> <span class='ocrx_word' id='word_1_248' title='bbox 1484 1215 1637 1249; x_wconf 74' lang='lat' dir='ltr'>antistita</span> <span class='ocrx_word' id='word_1_249' title='bbox 1655 1212 1725 1248; x_wconf 78' lang='lat' dir='ltr'>fieri</span> 
     </span>
     <span class='ocr_line' id='line_1_24' title="bbox 329 1262 1722 1313; baseline -0.002 -14"><span class='ocrx_word' id='word_1_250' title='bbox 329 1277 396 1299; x_wconf 88' lang='lat' dir='ltr'>non</span> <span class='ocrx_word' id='word_1_251' title='bbox 414 1262 582 1311; x_wconf 85' lang='lat' dir='ltr'>potestilla</span> <span class='ocrx_word' id='word_1_252' title='bbox 592 1263 889 1310; x_wconf 82' lang='lat' dir='ltr'>praedetetminatio</span> <span class='ocrx_word' id='word_1_253' title='bbox 908 1281 917 1307; x_wconf 78' lang='lat'>3</span> <span class='ocrx_word' id='word_1_254' title='bbox 932 1274 1030 1310; x_wconf 81' lang='lat' dir='ltr'>atque</span> <span class='ocrx_word' id='word_1_255' title='bbox 1043 1263 1229 1312; x_wconf 73' lang='lat' dir='ltr'>hypothesis</span> <span class='ocrx_word' id='word_1_256' title='bbox 1249 1264 1314 1313; x_wconf 85' lang='lat' dir='ltr'>ipsa</span> <span class='ocrx_word' id='word_1_257' title='bbox 1330 1278 1463 1300; x_wconf 87' lang='lat' dir='ltr'>omnem</span> <span class='ocrx_word' id='word_1_258' title='bbox 1474 1263 1651 1298; x_wconf 85' lang='lat' dir='ltr'>voluntatis</span> <span class='ocrx_word' id='word_1_259' title='bbox 1667 1275 1722 1297; x_wconf 88' lang='lat' dir='ltr'>ac-</span> 
     </span>
     <span class='ocr_line' id='line_1_25' title="bbox 331 1310 1722 1362; baseline -0.001 -16"><span class='ocrx_word' id='word_1_260' title='bbox 331 1315 455 1347; x_wconf 80' lang='lat' dir='ltr'>tionem</span> <span class='ocrx_word' id='word_1_261' title='bbox 473 1312 663 1355; x_wconf 70' lang='lat' dir='ltr'>antecedit,</span> <span class='ocrx_word' id='word_1_262' title='bbox 675 1325 712 1346; x_wconf 89' lang='lat' dir='ltr'>ac</span> <span class='ocrx_word' id='word_1_263' title='bbox 728 1313 842 1347; x_wconf 90' lang='lat' dir='ltr'>frustra</span> <span class='ocrx_word' id='word_1_264' title='bbox 855 1312 1005 1347; x_wconf 83' lang='lat' dir='ltr'>voluntas</span> <span class='ocrx_word' id='word_1_265' title='bbox 1024 1310 1084 1346; x_wconf 87' lang='lat' dir='ltr'>sese</span> <span class='ocrx_word' id='word_1_266' title='bbox 1100 1314 1332 1348; x_wconf 79' lang='lat' dir='ltr'>determinaret</span> <span class='ocrx_word' id='word_1_267' title='bbox 1345 1343 1353 1356; x_wconf 87' lang='lat'><strong>‚</strong></span> <span class='ocrx_word' id='word_1_268' title='bbox 1372 1318 1521 1362; x_wconf 76' lang='lat' dir='ltr'>cumjam</span> <span class='ocrx_word' id='word_1_269' title='bbox 1545 1311 1675 1346; x_wconf 81' lang='lat' dir='ltr'>aliunde</span> <span class='ocrx_word' id='word_1_270' title='bbox 1686 1310 1722 1346; x_wconf 81' lang='lat' dir='ltr'>fit</span> 
     </span>
     <span class='ocr_line' id='line_1_26' title="bbox 330 1360 1721 1409; baseline -0.001 -14"><span class='ocrx_word' id='word_1_271' title='bbox 330 1362 555 1396; x_wconf 77' lang='lat' dir='ltr'>determinata.</span> <span class='ocrx_word' id='word_1_272' title='bbox 570 1363 684 1407; x_wconf 78' lang='lat' dir='ltr'>Qre</span> <span class='ocrx_word' id='word_1_273' title='bbox 699 1363 728 1394; x_wconf 89' lang='lat' dir='ltr'>ei</span> <span class='ocrx_word' id='word_1_274' title='bbox 749 1360 836 1396; x_wconf 85' lang='lat' dir='ltr'>nulla</span> <span class='ocrx_word' id='word_1_275' title='bbox 850 1372 997 1395; x_wconf 80' lang='lat' dir='ltr'>remanet</span> <span class='ocrx_word' id='word_1_276' title='bbox 1015 1360 1247 1397; x_wconf 78' lang='lat' dir='ltr'>indifferentia.</span> <span class='ocrx_word' id='word_1_277' title='bbox 1265 1363 1313 1397; x_wconf 78' lang='lat' dir='ltr'>Est</span> <span class='ocrx_word' id='word_1_278' title='bbox 1326 1363 1466 1408; x_wconf 82' lang='lat' dir='ltr'>denique</span> <span class='ocrx_word' id='word_1_279' title='bbox 1478 1362 1531 1396; x_wconf 86' lang='lat' dir='ltr'>illa</span> <span class='ocrx_word' id='word_1_280' title='bbox 1547 1361 1721 1409; x_wconf 86' lang='lat' dir='ltr'>ptaedeter-</span> 
     </span>
     <span class='ocr_line' id='line_1_27' title="bbox 330 1408 1723 1458; baseline -0.001 -13"><span class='ocrx_word' id='word_1_281' title='bbox 330 1412 469 1445; x_wconf 80' lang='lat' dir='ltr'>minatio</span> <span class='ocrx_word' id='word_1_282' title='bbox 484 1423 579 1444; x_wconf 87' lang='lat' dir='ltr'>unum</span> <span class='ocrx_word' id='word_1_283' title='bbox 592 1422 630 1444; x_wconf 87' lang='lat' dir='ltr'>ex</span> <span class='ocrx_word' id='word_1_284' title='bbox 646 1408 864 1458; x_wconf 80' lang='lat' dir='ltr'>praerequifitis</span> <span class='ocrx_word' id='word_1_285' title='bbox 878 1410 917 1443; x_wconf 85' lang='lat' dir='ltr'>ad</span> <span class='ocrx_word' id='word_1_286' title='bbox 927 1410 1088 1457; x_wconf 80' lang='lat' dir='ltr'>agendum</span> <span class='ocrx_word' id='word_1_287' title='bbox 1103 1423 1110 1444; x_wconf 90' lang='lat'>:</span> <span class='ocrx_word' id='word_1_288' title='bbox 1135 1414 1167 1446; x_wconf 70' lang='grc' dir='ltr'>δ(</span> <span class='ocrx_word' id='word_1_289' title='bbox 1181 1422 1287 1445; x_wconf 82' lang='lat' dir='ltr'>tamen</span> <span class='ocrx_word' id='word_1_290' title='bbox 1303 1423 1339 1444; x_wconf 78' lang='lat' dir='ltr'>ea</span> <span class='ocrx_word' id='word_1_291' title='bbox 1356 1410 1457 1458; x_wconf 84' lang='lat' dir='ltr'>posita</span> <span class='ocrx_word' id='word_1_292' title='bbox 1471 1408 1666 1457; x_wconf 75' lang='lat' dir='ltr'>impossibile</span> <span class='ocrx_word' id='word_1_293' title='bbox 1680 1409 1723 1444; x_wconf 85' lang='lat' dir='ltr'>est</span> 
     </span>
     <span class='ocr_line' id='line_1_28' title="bbox 330 1457 1723 1507; baseline 0 -14"><span class='ocrx_word' id='word_1_294' title='bbox 330 1471 365 1493; x_wconf 87' lang='lat' dir='ltr'>tit</span> <span class='ocrx_word' id='word_1_295' title='bbox 384 1459 531 1495; x_wconf 79' lang='lat' dir='ltr'>voluntas</span> <span class='ocrx_word' id='word_1_296' title='bbox 548 1472 615 1494; x_wconf 88' lang='lat' dir='ltr'>non</span> <span class='ocrx_word' id='word_1_297' title='bbox 625 1470 707 1507; x_wconf 73' lang='lat' dir='ltr'>agat·</span> <span class='ocrx_word' id='word_1_298' title='bbox 723 1462 806 1507; x_wconf 79' lang='lat' dir='ltr'>Qae</span> <span class='ocrx_word' id='word_1_299' title='bbox 819 1460 935 1506; x_wconf 88' lang='lat' dir='ltr'>utique</span> <span class='ocrx_word' id='word_1_300' title='bbox 943 1470 1002 1493; x_wconf 88' lang='lat' dir='ltr'>nec</span> <span class='ocrx_word' id='word_1_301' title='bbox 1014 1471 1086 1493; x_wconf 84' lang='lat' dir='ltr'>cum</span> <span class='ocrx_word' id='word_1_302' title='bbox 1097 1461 1245 1503; x_wconf 77' lang='lat' dir='ltr'>ratione,</span> <span class='ocrx_word' id='word_1_303' title='bbox 1264 1472 1324 1495; x_wconf 88' lang='lat' dir='ltr'>nec</span> <span class='ocrx_word' id='word_1_304' title='bbox 1333 1472 1404 1495; x_wconf 89' lang='lat' dir='ltr'>cum</span> <span class='ocrx_word' id='word_1_305' title='bbox 1420 1461 1565 1495; x_wconf 63' lang='lat' dir='ltr'>doctrina</span> <span class='ocrx_word' id='word_1_306' title='bbox 1581 1460 1616 1494; x_wconf 88' lang='lat' dir='ltr'>S.</span> <span class='ocrx_word' id='word_1_307' title='bbox 1629 1457 1723 1493; x_wconf 83' lang='lat' dir='ltr'>Tho-</span> 
     </span>
     <span class='ocr_line' id='line_1_29' title="bbox 331 1507 1723 1556; baseline -0.001 -13"><span class='ocrx_word' id='word_1_308' title='bbox 331 1522 389 1543; x_wconf 82' lang='lat' dir='ltr'>mae</span> <span class='ocrx_word' id='word_1_309' title='bbox 409 1510 617 1543; x_wconf 80' lang='lat' dir='ltr'>conveniunt.</span> <span class='ocrx_word' id='word_1_310' title='bbox 632 1509 721 1544; x_wconf 85' lang='lat' dir='ltr'>Nam</span> <span class='ocrx_word' id='word_1_311' title='bbox 731 1520 766 1542; x_wconf 84' lang='lat' dir='ltr'>iit</span> <span class='ocrx_word' id='word_1_312' title='bbox 778 1507 844 1556; x_wconf 84' lang='lat' dir='ltr'>ipse</span> <span class='ocrx_word' id='word_1_313' title='bbox 858 1510 902 1542; x_wconf 78' lang='lat' dir='ltr'>ait</span> <span class='ocrx_word' id='word_1_314' title='bbox 912 1508 1019 1555; x_wconf 77' lang='lat' dir='ltr'>quoest.</span> <span class='ocrx_word' id='word_1_315' title='bbox 1033 1522 1058 1552; x_wconf 82' lang='lat'>3.</span> <span class='ocrx_word' id='word_1_316' title='bbox 1069 1508 1109 1541; x_wconf 85' lang='lat' dir='ltr'>de</span> <span class='ocrx_word' id='word_1_317' title='bbox 1121 1519 1188 1555; x_wconf 87' lang='lat' dir='ltr'>pot.</span> <span class='ocrx_word' id='word_1_318' title='bbox 1205 1521 1264 1544; x_wconf 84' lang='lat' dir='ltr'>art.</span> <span class='ocrx_word' id='word_1_319' title='bbox 1275 1524 1305 1552; x_wconf 90' lang='lat'>7.</span> <span class='ocrx_word' id='word_1_320' title='bbox 1316 1509 1498 1543; x_wconf 77' lang='lat' dir='ltr'>Dicendum</span> <span class='ocrx_word' id='word_1_321' title='bbox 1509 1507 1595 1555; x_wconf 64' lang='lat' dir='ltr'>quad</span> <span class='ocrx_word' id='word_1_322' title='bbox 1606 1508 1723 1542; x_wconf 70' lang='lat' dir='ltr'>volun-</span> 
     </span>
     <span class='ocr_line' id='line_1_30' title="bbox 334 1555 1723 1606; baseline -0.001 -15"><span class='ocrx_word' id='word_1_323' title='bbox 334 1569 383 1591; x_wconf 79' lang='lat' dir='ltr'>tas</span> <span class='ocrx_word' id='word_1_324' title='bbox 394 1555 640 1591; x_wconf 56' lang='lat' dir='ltr'>dicitur-habere</span> <span class='ocrx_word' id='word_1_325' title='bbox 653 1557 825 1591; x_wconf 74' lang='lat' dir='ltr'>dominium</span> <span class='ocrx_word' id='word_1_326' title='bbox 835 1559 891 1600; x_wconf 69' lang='lat' dir='ltr'>fin·</span> <span class='ocrx_word' id='word_1_327' title='bbox 906 1555 992 1591; x_wconf 71' lang='grc' dir='ltr'>αῐίιὲς</span> <span class='ocrx_word' id='word_1_328' title='bbox 1005 1585 1013 1595; x_wconf 87' lang='lat'><em>,</em></span> <span class='ocrx_word' id='word_1_329' title='bbox 1039 1570 1100 1590; x_wconf 84' lang='lat' dir='ltr'>non</span> <span class='ocrx_word' id='word_1_330' title='bbox 1111 1566 1169 1604; x_wconf 82' lang='lat' dir='ltr'>per</span> <span class='ocrx_word' id='word_1_331' title='bbox 1185 1558 1390 1603; x_wconf 69' lang='lat' dir='ltr'>exclustonem</span> <span class='ocrx_word' id='word_1_332' title='bbox 1405 1559 1494 1602; x_wconf 72' lang='lat' dir='ltr'>caufiz</span> <span class='ocrx_word' id='word_1_333' title='bbox 1512 1559 1616 1606; x_wconf 74' lang='lat' dir='ltr'>prImae</span> <span class='ocrx_word' id='word_1_334' title='bbox 1637 1571 1648 1590; x_wconf 89' lang='lat'>.·</span> <span class='ocrx_word' id='word_1_335' title='bbox 1665 1556 1723 1595; x_wconf 81' lang='lat' dir='ltr'>sed</span> 
     </span>
     <span class='ocr_line' id='line_1_31' title="bbox 333 1605 1724 1656; baseline 0 -18"><span class='ocrx_word' id='word_1_336' title='bbox 333 1607 410 1651; x_wconf 78' lang='lat' dir='ltr'>qnia</span> <span class='ocrx_word' id='word_1_337' title='bbox 431 1607 520 1648; x_wconf 76' lang='lat' dir='ltr'>causa</span> <span class='ocrx_word' id='word_1_338' title='bbox 534 1607 642 1653; x_wconf 69' lang='lat' dir='ltr'>prima</span> <span class='ocrx_word' id='word_1_339' title='bbox 665 1618 724 1639; x_wconf 81' lang='lat' dir='ltr'>non</span> <span class='ocrx_word' id='word_1_340' title='bbox 741 1608 789 1640; x_wconf 79' lang='lat' dir='ltr'>ita</span> <span class='ocrx_word' id='word_1_341' title='bbox 807 1607 876 1655; x_wconf 80' lang='lat' dir='ltr'>agit</span> <span class='ocrx_word' id='word_1_342' title='bbox 888 1608 921 1639; x_wconf 77' lang='lat' dir='ltr'>in</span> <span class='ocrx_word' id='word_1_343' title='bbox 932 1607 1119 1643; x_wconf 77' lang='lat' dir='ltr'>voluntate,</span> <span class='ocrx_word' id='word_1_344' title='bbox 1151 1618 1187 1640; x_wconf 81' lang='lat' dir='ltr'>ut</span> <span class='ocrx_word' id='word_1_345' title='bbox 1213 1620 1280 1641; x_wconf 76' lang='lat' dir='ltr'>eam</span> <span class='ocrx_word' id='word_1_346' title='bbox 1302 1607 1340 1641; x_wconf 80' lang='lat' dir='ltr'>de</span> <span class='ocrx_word' id='word_1_347' title='bbox 1369 1606 1547 1651; x_wconf 76' lang='lat' dir='ltr'>neceffitate</span> <span class='ocrx_word' id='word_1_348' title='bbox 1562 1605 1608 1656; x_wconf 52' lang='lat' dir='ltr'>aa}</span> <span class='ocrx_word' id='word_1_349' title='bbox 1627 1616 1724 1639; x_wconf 81' lang='lat' dir='ltr'>unum</span> 
     </span>
     <span class='ocr_line' id='line_1_32' title="bbox 332 1653 1722 1700; baseline -0.001 -12"><span class='ocrx_word' id='word_1_350' title='bbox 332 1655 536 1690; x_wconf 64' lang='lat' dir='ltr'>determinet.</span> <span class='ocrx_word' id='word_1_351' title='bbox 554 1654 639 1699; x_wconf 66' lang='lat' dir='ltr'>ficut</span> <span class='ocrx_word' id='word_1_352' title='bbox 666 1654 858 1689; x_wconf 64' lang='lat' dir='ltr'>determinat</span> <span class='ocrx_word' id='word_1_353' title='bbox 875 1666 1044 1697; x_wconf 76' lang='lat' dir='ltr'>naturam,</span> <span class='ocrx_word' id='word_1_354' title='bbox 1078 1653 1117 1689; x_wconf 48' lang='lat'>6⁸</span> <span class='ocrx_word' id='word_1_355' title='bbox 1141 1656 1209 1690; x_wconf 79' lang='lat' dir='ltr'>ideo</span> <span class='ocrx_word' id='word_1_356' title='bbox 1227 1656 1446 1689; x_wconf 65' lang='lat' dir='ltr'>determinatio</span> <span class='ocrx_word' id='word_1_357' title='bbox 1465 1653 1550 1688; x_wconf 63' lang='lat' dir='ltr'>ac‘his</span> <span class='ocrx_word' id='word_1_358' title='bbox 1567 1654 1722 1700; x_wconf 78' lang='lat' dir='ltr'>reh‘nqm&#39;-</span> 
     </span>
     <span class='ocr_line' id='line_1_33' title="bbox 333 1702 1722 1752; baseline 0.001 -16"><span class='ocrx_word' id='word_1_359' title='bbox 333 1714 387 1736; x_wconf 77' lang='lat' dir='ltr'>mr</span> <span class='ocrx_word' id='word_1_360' title='bbox 398 1705 431 1736; x_wconf 72' lang='lat' dir='ltr'>in</span> <span class='ocrx_word' id='word_1_361' title='bbox 446 1702 598 1751; x_wconf 77' lang='lat' dir='ltr'>potestate</span> <span class='ocrx_word' id='word_1_362' title='bbox 610 1705 744 1737; x_wconf 72' lang='lat' dir='ltr'>rationis</span> <span class='ocrx_word' id='word_1_363' title='bbox 756 1702 794 1738; x_wconf 54' lang='grc' dir='ltr'><em>ὠ</em></span> <span class='ocrx_word' id='word_1_364' title='bbox 804 1704 995 1740; x_wconf 70' lang='lat' dir='ltr'>voluntatis.</span> <span class='ocrx_word' id='word_1_365' title='bbox 1020 1705 1108 1738; x_wconf 86' lang='lat' dir='ltr'>Hinc</span> <span class='ocrx_word' id='word_1_366' title='bbox 1121 1703 1197 1752; x_wconf 66' lang='lat' dir='ltr'>fiepe</span> <span class='ocrx_word' id='word_1_367' title='bbox 1208 1705 1305 1739; x_wconf 88' lang='lat' dir='ltr'>docet</span> <span class='ocrx_word' id='word_1_368' title='bbox 1319 1707 1351 1739; x_wconf 85' lang='lat' dir='ltr'>S.</span> <span class='ocrx_word' id='word_1_369' title='bbox 1368 1705 1497 1739; x_wconf 62' lang='lat' dir='ltr'>Donor</span> <span class='ocrx_word' id='word_1_370' title='bbox 1518 1702 1722 1739; x_wconf 86' lang='lat' dir='ltr'>voluntatem</span> 
     </span>
     <span class='ocr_line' id='line_1_34' title="bbox 331 1751 1181 1799; baseline 0.001 -12"><span class='ocrx_word' id='word_1_371' title='bbox 331 1752 348 1787; x_wconf 68' lang='grc' dir='ltr'>Ξ]</span> <span class='ocrx_word' id='word_1_372' title='bbox 365 1755 439 1787; x_wconf 78' lang='lat' dir='ltr'>Deo</span> <span class='ocrx_word' id='word_1_373' title='bbox 452 1754 575 1785; x_wconf 83' lang='lat' dir='ltr'>moveri</span> <span class='ocrx_word' id='word_1_374' title='bbox 591 1781 599 1794; x_wconf 88' lang='lat'>,</span> <span class='ocrx_word' id='word_1_375' title='bbox 617 1751 667 1786; x_wconf 89' lang='lat' dir='ltr'>sed</span> <span class='ocrx_word' id='word_1_376' title='bbox 682 1751 836 1799; x_wconf 74' lang='lat' dir='ltr'>nusquam</span> <span class='ocrx_word' id='word_1_377' title='bbox 848 1753 1056 1787; x_wconf 83' lang='lat' dir='ltr'>determinati</span> <span class='ocrx_word' id='word_1_378' title='bbox 1071 1753 1181 1788; x_wconf 78' lang='lat' dir='ltr'>tradit.</span> 
     </span>
    </p>

    <p class='ocr_par' dir='ltr' id='par_1_5' title="bbox 332 1799 1724 2285">
     <span class='ocr_line' id='line_1_35' title="bbox 372 1799 1724 1849; baseline 0.004 -18"><span class='ocrx_word' id='word_1_379' title='bbox 372 1799 462 1836; x_wconf 79' lang='lat' dir='ltr'><em>Proh.</em></span> <span class='ocrx_word' id='word_1_380' title='bbox 487 1813 517 1840; x_wconf 82' lang='lat'>3.</span> <span class='ocrx_word' id='word_1_381' title='bbox 537 1801 910 1848; x_wconf 80' lang='lat' dir='ltr'>praedeterininationem</span> <span class='ocrx_word' id='word_1_382' title='bbox 929 1799 1266 1849; x_wconf 67' lang='lat' dir='ltr'>physicamconciliari</span> <span class='ocrx_word' id='word_1_383' title='bbox 1286 1804 1338 1836; x_wconf 78' lang='lat' dir='ltr'>vix</span> <span class='ocrx_word' id='word_1_384' title='bbox 1353 1799 1438 1849; x_wconf 83' lang='lat' dir='ltr'>posse</span> <span class='ocrx_word' id='word_1_385' title='bbox 1450 1813 1521 1835; x_wconf 89' lang='lat' dir='ltr'>cum</span> <span class='ocrx_word' id='word_1_386' title='bbox 1535 1800 1654 1847; x_wconf 83' lang='lat' dir='ltr'>justitia</span> <span class='ocrx_word' id='word_1_387' title='bbox 1667 1829 1676 1844; x_wconf 83' lang='lat'>‚</span> <span class='ocrx_word' id='word_1_388' title='bbox 1689 1805 1724 1837; x_wconf 75' lang='grc' dir='ltr'>δε</span> 
     </span>
     <span class='ocr_line' id='line_1_36' title="bbox 332 1849 1722 1898; baseline 0 -15"><span class='ocrx_word' id='word_1_389' title='bbox 332 1849 499 1885; x_wconf 56' lang='lat' dir='ltr'>sanctitate</span> <span class='ocrx_word' id='word_1_390' title='bbox 512 1852 575 1885; x_wconf 91' lang='lat' dir='ltr'>Dei</span> <span class='ocrx_word' id='word_1_391' title='bbox 593 1864 600 1885; x_wconf 94' lang='lat'>:</span> <span class='ocrx_word' id='word_1_392' title='bbox 622 1862 695 1884; x_wconf 89' lang='lat' dir='ltr'>cum</span> <span class='ocrx_word' id='word_1_393' title='bbox 709 1862 782 1884; x_wconf 85' lang='lat' dir='ltr'>eum</span> <span class='ocrx_word' id='word_1_394' title='bbox 794 1850 963 1884; x_wconf 77' lang='lat' dir='ltr'>authorem</span> <span class='ocrx_word' id='word_1_395' title='bbox 976 1853 1119 1898; x_wconf 84' lang='lat' dir='ltr'>peccati,</span> <span class='ocrx_word' id='word_1_396' title='bbox 1133 1855 1166 1887; x_wconf 91' lang='lat'><strong>&amp;</strong></span> <span class='ocrx_word' id='word_1_397' title='bbox 1182 1862 1273 1885; x_wconf 88' lang='lat' dir='ltr'>teum</span> <span class='ocrx_word' id='word_1_398' title='bbox 1284 1849 1437 1885; x_wconf 84' lang='lat' dir='ltr'>sceletum</span> <span class='ocrx_word' id='word_1_399' title='bbox 1457 1851 1649 1885; x_wconf 89' lang='lat' dir='ltr'>constituere</span> <span class='ocrx_word' id='word_1_400' title='bbox 1673 1851 1722 1884; x_wconf 73' lang='lat' dir='ltr'>vi-</span> 
     </span>
     <span class='ocr_line' id='line_1_37' title="bbox 333 1898 1722 1946; baseline -0.001 -14"><span class='ocrx_word' id='word_1_401' title='bbox 333 1899 456 1934; x_wconf 67' lang='lat' dir='ltr'>deutur.</span> <span class='ocrx_word' id='word_1_402' title='bbox 466 1901 547 1935; x_wconf 90' lang='lat' dir='ltr'>Non</span> <span class='ocrx_word' id='word_1_403' title='bbox 559 1901 647 1933; x_wconf 90' lang='lat' dir='ltr'>enim</span> <span class='ocrx_word' id='word_1_404' title='bbox 664 1898 728 1933; x_wconf 86' lang='lat' dir='ltr'>alia</span> <span class='ocrx_word' id='word_1_405' title='bbox 739 1901 864 1933; x_wconf 83' lang='lat' dir='ltr'>ratione</span> <span class='ocrx_word' id='word_1_406' title='bbox 875 1899 976 1934; x_wconf 86' lang='lat' dir='ltr'>homo</span> <span class='ocrx_word' id='word_1_407' title='bbox 994 1900 1036 1934; x_wconf 84' lang='lat' dir='ltr'>est</span> <span class='ocrx_word' id='word_1_408' title='bbox 1052 1899 1174 1933; x_wconf 85' lang='lat' dir='ltr'>sceleris</span> <span class='ocrx_word' id='word_1_409' title='bbox 1191 1899 1320 1946; x_wconf 55' lang='lat' dir='ltr'>alicujus</span> <span class='ocrx_word' id='word_1_410' title='bbox 1335 1911 1406 1934; x_wconf 85' lang='lat' dir='ltr'>reus</span> <span class='ocrx_word' id='word_1_411' title='bbox 1417 1928 1425 1942; x_wconf 82' lang='lat'>‚</span> <span class='ocrx_word' id='word_1_412' title='bbox 1445 1899 1543 1945; x_wconf 61' lang='lat' dir='ltr'>quam</span> <span class='ocrx_word' id='word_1_413' title='bbox 1555 1901 1630 1945; x_wconf 86' lang='lat' dir='ltr'>quia</span> <span class='ocrx_word' id='word_1_414' title='bbox 1647 1910 1722 1946; x_wconf 79' lang='lat' dir='ltr'>pra-</span> 
     </span>
     <span class='ocr_line' id='line_1_38' title="bbox 332 1947 1720 1997; baseline -0.002 -15"><span class='ocrx_word' id='word_1_415' title='bbox 332 1962 410 1983; x_wconf 76' lang='lat' dir='ltr'>vum</span> <span class='ocrx_word' id='word_1_416' title='bbox 422 1950 528 1984; x_wconf 69' lang='lat' dir='ltr'>astum</span> <span class='ocrx_word' id='word_1_417' title='bbox 541 1959 671 1983; x_wconf 87' lang='lat' dir='ltr'>exercet</span> <span class='ocrx_word' id='word_1_418' title='bbox 681 1977 690 1991; x_wconf 89' lang='lat'>‚</span> <span class='ocrx_word' id='word_1_419' title='bbox 700 1954 732 1985; x_wconf 88' lang='lat'>&amp;</span> <span class='ocrx_word' id='word_1_420' title='bbox 745 1949 784 1982; x_wconf 87' lang='lat' dir='ltr'>ad</span> <span class='ocrx_word' id='word_1_421' title='bbox 795 1961 868 1983; x_wconf 88' lang='lat' dir='ltr'>eum</span> <span class='ocrx_word' id='word_1_422' title='bbox 879 1947 940 1983; x_wconf 86' lang='lat' dir='ltr'>sese</span> <span class='ocrx_word' id='word_1_423' title='bbox 950 1948 1151 1984; x_wconf 84' lang='lat' dir='ltr'>determinat</span> <span class='ocrx_word' id='word_1_424' title='bbox 1164 1963 1173 1985; x_wconf 69' lang='grc' dir='ltr'><strong><em>ς</em></strong></span> <span class='ocrx_word' id='word_1_425' title='bbox 1191 1947 1240 1983; x_wconf 86' lang='lat' dir='ltr'>sed</span> <span class='ocrx_word' id='word_1_426' title='bbox 1257 1962 1312 1997; x_wconf 85' lang='lat' dir='ltr'>per</span> <span class='ocrx_word' id='word_1_427' title='bbox 1326 1961 1397 1983; x_wconf 85' lang='lat' dir='ltr'>eam</span> <span class='ocrx_word' id='word_1_428' title='bbox 1410 1948 1720 1995; x_wconf 80' lang='lat' dir='ltr'>praedeterminntio..</span> 
     </span>
     <span class='ocr_line' id='line_1_39' title="bbox 332 1996 1723 2045; baseline 0 -14"><span class='ocrx_word' id='word_1_429' title='bbox 332 2010 407 2032; x_wconf 86' lang='lat' dir='ltr'>nem</span> <span class='ocrx_word' id='word_1_430' title='bbox 419 1999 520 2033; x_wconf 84' lang='lat' dir='ltr'>homo</span> <span class='ocrx_word' id='word_1_431' title='bbox 530 1998 570 2032; x_wconf 88' lang='lat' dir='ltr'>ad</span> <span class='ocrx_word' id='word_1_432' title='bbox 581 1999 688 2032; x_wconf 60' lang='lat' dir='ltr'>aetum</span> <span class='ocrx_word' id='word_1_433' title='bbox 700 1997 823 2032; x_wconf 88' lang='lat' dir='ltr'>malum</span> <span class='ocrx_word' id='word_1_434' title='bbox 839 1999 1089 2041; x_wconf 85' lang='lat' dir='ltr'>determinatur,</span> <span class='ocrx_word' id='word_1_435' title='bbox 1117 2010 1221 2045; x_wconf 80' lang='lat' dir='ltr'>eaque</span> <span class='ocrx_word' id='word_1_436' title='bbox 1237 1999 1407 2045; x_wconf 81' lang='lat' dir='ltr'>praemotio</span> <span class='ocrx_word' id='word_1_437' title='bbox 1426 1997 1471 2031; x_wconf 83' lang='lat' dir='ltr'>est</span> <span class='ocrx_word' id='word_1_438' title='bbox 1483 1996 1502 2030; x_wconf 66' lang='lat' dir='ltr'>a</span> <span class='ocrx_word' id='word_1_439' title='bbox 1521 1998 1618 2031; x_wconf 91' lang='lat' dir='ltr'>Deo:</span> <span class='ocrx_word' id='word_1_440' title='bbox 1637 1999 1723 2045; x_wconf 81' lang='lat' dir='ltr'>Ergo</span> 
     </span>
     <span class='ocr_line' id='line_1_40' title="bbox 333 2046 1724 2095; baseline -0.001 -14"><span class='ocrx_word' id='word_1_441' title='bbox 333 2050 424 2081; x_wconf 84' lang='lat' dir='ltr'>Deus</span> <span class='ocrx_word' id='word_1_442' title='bbox 440 2050 501 2081; x_wconf 87' lang='lat' dir='ltr'>erit</span> <span class='ocrx_word' id='word_1_443' title='bbox 512 2046 602 2080; x_wconf 82' lang='lat' dir='ltr'>causa</span> <span class='ocrx_word' id='word_1_444' title='bbox 614 2049 703 2081; x_wconf 64' lang='lat' dir='ltr'>aetus</span> <span class='ocrx_word' id='word_1_445' title='bbox 717 2047 812 2089; x_wconf 83' lang='lat' dir='ltr'>mali,</span> <span class='ocrx_word' id='word_1_446' title='bbox 827 2047 916 2094; x_wconf 86' lang='lat' dir='ltr'>quod</span> <span class='ocrx_word' id='word_1_447' title='bbox 937 2047 978 2080; x_wconf 88' lang='lat' dir='ltr'>ab</span> <span class='ocrx_word' id='word_1_448' title='bbox 998 2050 1087 2081; x_wconf 89' lang='lat' dir='ltr'>omni</span> <span class='ocrx_word' id='word_1_449' title='bbox 1100 2048 1230 2095; x_wconf 57' lang='lat' dir='ltr'>pietitis</span> <span class='ocrx_word' id='word_1_450' title='bbox 1252 2046 1337 2082; x_wconf 84' lang='lat' dir='ltr'>sensu</span> <span class='ocrx_word' id='word_1_451' title='bbox 1352 2046 1513 2081; x_wconf 75' lang='lat' dir='ltr'>abhorret.</span> <span class='ocrx_word' id='word_1_452' title='bbox 1545 2046 1674 2080; x_wconf 84' lang='lat' dir='ltr'>Deinde</span> <span class='ocrx_word' id='word_1_453' title='bbox 1685 2056 1724 2079; x_wconf 84' lang='lat' dir='ltr'>ut</span> 
     </span>
     <span class='ocr_line' id='line_1_41' title="bbox 333 2094 1721 2144; baseline -0.004 -14"><span class='ocrx_word' id='word_1_454' title='bbox 333 2095 400 2130; x_wconf 84' lang='lat' dir='ltr'>fuse</span> <span class='ocrx_word' id='word_1_455' title='bbox 416 2095 614 2144; x_wconf 82' lang='lat' dir='ltr'>persequitur</span> <span class='ocrx_word' id='word_1_456' title='bbox 634 2097 681 2129; x_wconf 87' lang='lat' dir='ltr'>vir</span> <span class='ocrx_word' id='word_1_457' title='bbox 702 2094 823 2130; x_wconf 73' lang='lat' dir='ltr'>doffiss-</span> <span class='ocrx_word' id='word_1_458' title='bbox 848 2095 950 2130; x_wconf 88' lang='lat' dir='ltr'>solent</span> <span class='ocrx_word' id='word_1_459' title='bbox 964 2097 1023 2130; x_wconf 82' lang='grc' dir='ltr'>ΡΙ).</span> <span class='ocrx_word' id='word_1_460' title='bbox 1049 2095 1288 2143; x_wconf 77' lang='lat' dir='ltr'>providentiam</span> <span class='ocrx_word' id='word_1_461' title='bbox 1303 2097 1366 2130; x_wconf 84' lang='lat' dir='ltr'>Dei</span> <span class='ocrx_word' id='word_1_462' title='bbox 1380 2097 1412 2130; x_wconf 94' lang='lat' dir='ltr'>in</span> <span class='ocrx_word' id='word_1_463' title='bbox 1424 2094 1497 2127; x_wconf 78' lang='lat' dir='ltr'>duas</span> <span class='ocrx_word' id='word_1_464' title='bbox 1516 2106 1621 2141; x_wconf 81' lang='lat' dir='ltr'>partes</span> <span class='ocrx_word' id='word_1_465' title='bbox 1636 2094 1721 2127; x_wconf 83' lang='lat' dir='ltr'>divi-</span> 
     </span>
     <span class='ocr_line' id='line_1_42' title="bbox 333 2141 1719 2192; baseline -0.001 -14"><span class='ocrx_word' id='word_1_466' title='bbox 333 2145 410 2178; x_wconf 85' lang='lat' dir='ltr'>dere</span> <span class='ocrx_word' id='word_1_467' title='bbox 427 2174 435 2187; x_wconf 90' lang='lat'>‚</span> <span class='ocrx_word' id='word_1_468' title='bbox 459 2148 491 2179; x_wconf 89' lang='lat' dir='ltr'>in</span> <span class='ocrx_word' id='word_1_469' title='bbox 507 2156 578 2178; x_wconf 80' lang='lat' dir='ltr'>eam</span> <span class='ocrx_word' id='word_1_470' title='bbox 590 2156 661 2191; x_wconf 83' lang='lat' dir='ltr'>quae</span> <span class='ocrx_word' id='word_1_471' title='bbox 678 2143 757 2178; x_wconf 83' lang='lat' dir='ltr'>facit</span> <span class='ocrx_word' id='word_1_472' title='bbox 771 2175 779 2185; x_wconf 72' lang='grc'>,,</span> <span class='ocrx_word' id='word_1_473' title='bbox 795 2146 868 2181; x_wconf 88' lang='lat' dir='ltr'>&amp;in</span> <span class='ocrx_word' id='word_1_474' title='bbox 880 2157 951 2179; x_wconf 81' lang='lat' dir='ltr'>eam</span> <span class='ocrx_word' id='word_1_475' title='bbox 965 2156 1034 2192; x_wconf 81' lang='lat' dir='ltr'>qnae</span> <span class='ocrx_word' id='word_1_476' title='bbox 1046 2146 1204 2192; x_wconf 79' lang='lat' dir='ltr'>permittit</span> <span class='ocrx_word' id='word_1_477' title='bbox 1216 2173 1224 2186; x_wconf 89' lang='lat'>‚</span> <span class='ocrx_word' id='word_1_478' title='bbox 1245 2157 1300 2179; x_wconf 84' lang='lat' dir='ltr'>aut</span> <span class='ocrx_word' id='word_1_479' title='bbox 1316 2144 1383 2179; x_wconf 82' lang='lat' dir='ltr'>fien&#39;</span> <span class='ocrx_word' id='word_1_480' title='bbox 1396 2142 1473 2177; x_wconf 85' lang='lat' dir='ltr'>sinit.</span> <span class='ocrx_word' id='word_1_481' title='bbox 1491 2144 1535 2178; x_wconf 90' lang='lat' dir='ltr'>At</span> <span class='ocrx_word' id='word_1_482' title='bbox 1553 2141 1573 2176; x_wconf 85' lang='lat' dir='ltr'>si</span> <span class='ocrx_word' id='word_1_483' title='bbox 1586 2143 1719 2177; x_wconf 69' lang='lat' dir='ltr'>in&#39;ae&#39;t&#39;us</span> 
     </span>
     <span class='ocr_line' id='line_1_43' title="bbox 335 2191 1720 2243; baseline -0.002 -15"><span class='ocrx_word' id='word_1_484' title='bbox 335 2193 436 2229; x_wconf 76' lang='lat' dir='ltr'>malos</span> <span class='ocrx_word' id='word_1_485' title='bbox 451 2192 579 2243; x_wconf 69' lang='lat' dir='ltr'>phvlice</span> <span class='ocrx_word' id='word_1_486' title='bbox 595 2193 700 2228; x_wconf 78' lang='lat' dir='ltr'>influit</span> <span class='ocrx_word' id='word_1_487' title='bbox 710 2194 860 2229; x_wconf 83' lang='lat' dir='ltr'>concursu</span> <span class='ocrx_word' id='word_1_488' title='bbox 874 2195 1012 2240; x_wconf 74' lang='lat' dir='ltr'>praevio,</span> <span class='ocrx_word' id='word_1_489' title='bbox 1029 2206 1084 2228; x_wconf 89' lang='lat' dir='ltr'>aut</span> <span class='ocrx_word' id='word_1_490' title='bbox 1098 2195 1276 2228; x_wconf 83' lang='lat' dir='ltr'>comitante</span> <span class='ocrx_word' id='word_1_491' title='bbox 1288 2223 1297 2237; x_wconf 85' lang='lat'>‚</span> <span class='ocrx_word' id='word_1_492' title='bbox 1313 2191 1394 2229; x_wconf 89' lang='lat' dir='ltr'>nihil</span> <span class='ocrx_word' id='word_1_493' title='bbox 1404 2193 1465 2225; x_wconf 80' lang='lat' dir='ltr'>erit</span> <span class='ocrx_word' id='word_1_494' title='bbox 1478 2192 1565 2239; x_wconf 86' lang='lat' dir='ltr'>quod</span> <span class='ocrx_word' id='word_1_495' title='bbox 1584 2205 1650 2227; x_wconf 89' lang='lat' dir='ltr'>non</span> <span class='ocrx_word' id='word_1_496' title='bbox 1669 2191 1720 2226; x_wconf 82' lang='lat' dir='ltr'>fa-</span> 
     </span>
     <span class='ocr_line' id='line_1_44' title="bbox 336 2242 947 2285; baseline 0.005 -10"><span class='ocrx_word' id='word_1_497' title='bbox 336 2245 399 2277; x_wconf 77' lang='lat' dir='ltr'>ciat</span> <span class='ocrx_word' id='word_1_498' title='bbox 412 2271 420 2285; x_wconf 91' lang='lat'>,</span> <span class='ocrx_word' id='word_1_499' title='bbox 440 2242 516 2278; x_wconf 86' lang='lat' dir='ltr'>nihil</span> <span class='ocrx_word' id='word_1_500' title='bbox 537 2243 623 2283; x_wconf 74' lang='lat' dir='ltr'>quod</span> <span class='ocrx_word' id='word_1_501' title='bbox 639 2254 763 2278; x_wconf 83' lang='lat' dir='ltr'>tantum</span> <span class='ocrx_word' id='word_1_502' title='bbox 779 2242 846 2277; x_wconf 88' lang='lat' dir='ltr'>fieti</span> <span class='ocrx_word' id='word_1_503' title='bbox 862 2242 947 2278; x_wconf 83' lang='lat' dir='ltr'>sinat.</span> 
     </span>
    </p>

    <p class='ocr_par' dir='ltr' id='par_1_6' title="bbox 335 2289 1718 2390">
     <span class='ocr_line' id='line_1_45' title="bbox 368 2289 1718 2338; baseline -0.001 -13"><span class='ocrx_word' id='word_1_504' title='bbox 368 2292 559 2338; x_wconf 65' lang='lat' dir='ltr'>Rsfponclem</span> <span class='ocrx_word' id='word_1_505' title='bbox 572 2292 745 2327; x_wconf 75' lang='lat' dir='ltr'>Thomistae</span> <span class='ocrx_word' id='word_1_506' title='bbox 755 2297 864 2328; x_wconf 89' lang='lat' dir='ltr'>Deum</span> <span class='ocrx_word' id='word_1_507' title='bbox 875 2293 1088 2327; x_wconf 81' lang='lat' dir='ltr'>determinate</span> <span class='ocrx_word' id='word_1_508' title='bbox 1099 2292 1138 2327; x_wconf 79' lang='lat' dir='ltr'>ad</span> <span class='ocrx_word' id='word_1_509' title='bbox 1150 2291 1318 2327; x_wconf 74' lang='lat' dir='ltr'>materiale</span> <span class='ocrx_word' id='word_1_510' title='bbox 1336 2292 1459 2338; x_wconf 77' lang='lat' dir='ltr'>peccati</span> <span class='ocrx_word' id='word_1_511' title='bbox 1471 2319 1479 2333; x_wconf 88' lang='lat'>‚</span> <span class='ocrx_word' id='word_1_512' title='bbox 1498 2289 1550 2324; x_wconf 84' lang='lat' dir='ltr'>seu</span> <span class='ocrx_word' id='word_1_513' title='bbox 1559 2289 1598 2323; x_wconf 89' lang='lat' dir='ltr'>ad</span> <span class='ocrx_word' id='word_1_514' title='bbox 1612 2291 1718 2325; x_wconf 58' lang='lat' dir='ltr'>aetum</span> 
     </span>
     <span class='ocr_line' id='line_1_46' title="bbox 335 2338 1577 2390; baseline -0.001 -17"><span class='ocrx_word' id='word_1_515' title='bbox 335 2338 518 2386; x_wconf 76' lang='lat' dir='ltr'>physicum,</span> <span class='ocrx_word' id='word_1_516' title='bbox 533 2346 566 2377; x_wconf 59' lang='grc' dir='ltr'>δέ</span> <span class='ocrx_word' id='word_1_517' title='bbox 585 2341 705 2376; x_wconf 87' lang='lat' dir='ltr'>realem</span> <span class='ocrx_word' id='word_1_518' title='bbox 723 2358 731 2382; x_wconf 61' lang='grc' dir='ltr'><strong>ς</strong></span> <span class='ocrx_word' id='word_1_519' title='bbox 752 2355 818 2376; x_wconf 85' lang='lat' dir='ltr'>non</span> <span class='ocrx_word' id='word_1_520' title='bbox 830 2353 939 2376; x_wconf 84' lang='lat' dir='ltr'>autem</span> <span class='ocrx_word' id='word_1_521' title='bbox 957 2343 996 2376; x_wconf 82' lang='lat' dir='ltr'>ad</span> <span class='ocrx_word' id='word_1_522' title='bbox 1008 2344 1201 2390; x_wconf 70' lang='lat' dir='ltr'>pravitatem</span> <span class='ocrx_word' id='word_1_523' title='bbox 1223 2346 1255 2377; x_wconf 88' lang='lat'><strong>&amp;</strong></span> <span class='ocrx_word' id='word_1_524' title='bbox 1280 2340 1420 2375; x_wconf 59' lang='lat' dir='ltr'>formam</span> <span class='ocrx_word' id='word_1_525' title='bbox 1441 2341 1577 2387; x_wconf 81' lang='lat' dir='ltr'>peccati.</span> 
     </span>
    </p>

    <p class='ocr_par' dir='ltr' id='par_1_7' title="bbox 374 2385 1718 2438">
     <span class='ocr_line' id='line_1_47' title="bbox 374 2385 1718 2438; baseline 0 -18"><span class='ocrx_word' id='word_1_526' title='bbox 374 2391 522 2425; x_wconf 78' lang='lat' dir='ltr'>Commi.</span> <span class='ocrx_word' id='word_1_527' title='bbox 546 2392 635 2426; x_wconf 87' lang='lat' dir='ltr'>Cum</span> <span class='ocrx_word' id='word_1_528' title='bbox 655 2390 771 2438; x_wconf 79' lang='lat' dir='ltr'>aliquis</span> <span class='ocrx_word' id='word_1_529' title='bbox 790 2391 830 2425; x_wconf 89' lang='lat' dir='ltr'>ad</span> <span class='ocrx_word' id='word_1_530' title='bbox 848 2391 881 2426; x_wconf 88' lang='lat' dir='ltr'>id</span> <span class='ocrx_word' id='word_1_531' title='bbox 900 2391 1096 2427; x_wconf 84' lang='lat' dir='ltr'>determinat</span> <span class='ocrx_word' id='word_1_532' title='bbox 1115 2389 1283 2426; x_wconf 86' lang='lat' dir='ltr'>hominem</span> <span class='ocrx_word' id='word_1_533' title='bbox 1311 2401 1365 2424; x_wconf 84' lang='lat' dir='ltr'>aut</span> <span class='ocrx_word' id='word_1_534' title='bbox 1390 2387 1529 2436; x_wconf 72' lang='lat' dir='ltr'>impellit</span> <span class='ocrx_word' id='word_1_535' title='bbox 1541 2416 1551 2433; x_wconf 93' lang='lat'>‚</span> <span class='ocrx_word' id='word_1_536' title='bbox 1569 2386 1656 2436; x_wconf 85' lang='lat' dir='ltr'>quod</span> <span class='ocrx_word' id='word_1_537' title='bbox 1675 2385 1718 2421; x_wconf 86' lang='lat' dir='ltr'>est</span> 
     </span>
    </p>
   </div>
  </div>
 </body>
</html>
