1857 2745
22 159 25 180 ἢ.
4 0 25 152 -.g-,⁴3

11 1124 25 1260 ἓ

495 113 843 150 TRACTATUS
882 113 1146 150 TERTIUS.
1467 129 1509 160 49

124 166 185 198 rari
201 163 301 199 debet
320 164 476 200 flueruans
489 166 654 200 &incerta
666 163 848 198 Atheotum
871 164 1096 198 contradifflo.
1116 161 1217 208 Qrod
1243 161 1262 197 si
1281 165 1369 198 enim
1392 129 1509 211 aliciuis

125 212 262 249 brachio
274 226 329 249 aut
342 215 423 263 pede
437 216 576 248 minutus
589 213 724 247 nascitur
736 241 745 256 ‚
761 226 802 248 an
812 212 965 248 continuo
978 227 1044 250 non
1067 212 1111 246 est
1124 212 1267 247 naturale
1281 211 1406 246 homini
1428 213 1510 247 duo-

125 261 184 297 bus
199 262 337 298 brarhiis
353 262 553 310 autpedibus
568 263 689 296 donari.

164 310 292 359 Qodsi
308 312 482 360 propositio
494 323 549 359 per
567 309 597 346 se
616 323 691 344 nota
706 311 813 358 quoad
828 322 886 346 nos
899 310 1058 346 habeatur
1069 338 1078 353 ,
1095 323 1170 345 cum
1185 312 1231 345 rei
1253 310 1383 346 essentia
1402 323 1460 359 per
1481 310 1510 345 se

125 365 275 396 cernitur.
285 364 361 396 Hoc
378 361 510 408 quidem
522 361 622 395 modo
633 360 686 394 illa
698 359 873 408 propositio
884 374 949 395 non
963 360 1006 395 est
1016 371 1072 408 per
1081 358 1111 394 se
1123 371 1201 394 nota
1213 361 1320 407 quoad
1332 372 1402 394 nOS.
1420 360 1509 407 Qid

125 412 213 446 enirn
234 412 325 444 Deus
345 408 382 445 fit
392 408 598 444 effentialiter
611 438 620 453 ‚
636 409 665 443 id
681 408 774 443 nobis
787 411 936 456 ignotum
946 410 1009 444 est..

163 457 266 505 Quod
278 471 388 493 autem
401 461 498 506 quaeri
515 461 614 493 etiam
632 457 711 492 solet
728 457 885 501 secundo,
904 472 945 494 an
962 458 1174 493 demonstrari
1188 455 1282 505 possit
1301 460 1365 493 Dei
1379 459 1513 493 existen-

128 510 172 543 tia
187 538 196 552 ‚
210 509 240 541 id
252 507 376 556 prorsus
394 519 478 543 nunc
490 507 605 543 inutile
634 508 760 541 videtur
778 535 787 550 ‚
807 505 882 542 cum
893 507 1047 556 superiori
1061 508 1231 553 quaestione
1249 519 1298 541 tot
1316 510 1513 556 argumentis

126 557 229 593 fuerit
239 556 451 605 comprobata
462 585 471 599 ,
490 568 524 591 ut
541 570 605 592 non
621 557 706 591 aliud
720 568 832 604 putem
844 556 954 592 clarius
964 562 996 594 δε
1007 557 1180 591 diametrus
1196 556 1398 590 demonstrari
1415 556 1509 601 roll'e.

125 605 288 654 Ejusmodi
297 618 406 642 autem
425 606 712 641 demonstrationes
726 605 745 640 a
754 606 918 653 posteriori
930 618 987 649 ‚rut
996 609 1097 647 aiunt,
1108 617 1173 640 non
1183 604 1203 639 ἐι
1213 606 1309 652 priori
1320 607 1420 640 duelae
1433 605 1515 650 sunt,

127 668 167 690 ex
179 658 384 690 connexione
402 657 553 691 nimiunn
570 669 641 703 quae
664 654 709 689 est
725 657 806 689 inter
819 653 948 690 cffectus
963 658 1019 703 qui
1051 653 1256 689 ess'entialiter
1286 654 1306 689 ὲι
1319 654 1406 689 causa
1433 668 1513 703 pen-

127 705 207 739 dent
221 733 229 747 ‚
252 709 285 740 δε
295 702 393 753 ipsam
408 703 543 750 causam,
557 704 626 739 fere
637 716 671 740 ut
686 704 856 739 existentia
869 707 983 740 anirnae
994 718 1030 740 ex
1042 703 1124 738 illius
1141 702 1365 738 functionibus
1379 704 1516 739 demon-

127 753 246 790 stratur.
1137 765 1139 767 ·

160 802 259 846 Quod
270 813 379 836 autem
398 802 498 852 vulgo
514 802 690 852 opponitur
700 805 767 838 Dei
781 803 985 840 existentiam
999 804 1039 839 ad
1058 803 1158 840 fidem
1178 805 1356 849 pertinere,
1377 815 1438 838 nec
1456 804 1515 838 de-

127 851 297 888 monstrari
311 850 406 899 polse.

166 900 252 949 Resp.
267 914 290 934 1.
306 900 386 935 nihil
405 900 536 935 obstare
547 902 720 948 quominus
738 900 817 936 fides
829 932 838 945 ,
856 907 889 939 &
907 901 1036 936 scientia
1047 902 1086 936 de
1097 915 1130 936 re
1141 902 1254 937 eadem
1267 900 1353 936 (Tmul
1372 901 1432 937 esse
1444 902 1516 951 pos-

128 946 198 985 sint.
219 964 240 984 2»
256 950 344 994 quod
358 951 388 983 ei
402 952 458 996 qui
476 952 544 985 vim
563 950 847 985 demonstrationis
868 963 937 985 non
961 953 1047 998 capit
1060 980 1069 994 ,
1091 951 1134 985 est
1149 950 1381 986 fideiarticuius
1393 981 1402 994 ,
1422 952 1516 987 alteri

129 998 238 1046 potest
257 995 317 1032 else
332 997 596 1034 demonstrabile.
611 997 851 1042 Tei·tio‚Deum
866 998 926 1034 effe
940 999 1166 1034 utAuthorem
1179 1002 1334 1048 gratiae‚&
1348 1000 1517 1049 gloriae‚est

130 1046 281 1081 articulus
293 1045 370 1081 fidei
381 1076 390 1090 ‚
404 1060 469 1082 non
485 1059 520 1082 ut
533 1047 713 1083 Authorem
725 1059 853 1084 naturae.

165 1096 290 1130 Contra
299 1123 313 1139 ,.
329 1097 497 1142 inquiunt,
520 1097 683 1131 existentia
697 1099 760 1130 Dei
775 1098 818 1131 est
834 1101 902 1143 ejus
913 1095 1043 1131 (lstntia
1058 1111 1066 1132 ε
1086 1097 1135 1132 sed
1154 1098 1285 1134 essentia
1296 1099 1360 1132 Dei
1382 1097 1466 1132 clare
1483 1103 1517 1135 &

130 1145 297 1180 evidenter
308 1157 377 1179 non
397 1143 732 1193 cognosciturirnobis
749 1160 756 1181 :
775 1149 858 1193 Ergo
871 1157 978 1192 neque
993 1145 1075 1180 illius
1101 1149 1279 1182 existentia-

167 1195 260 1242 Resp.
274 1193 342 1238 dist.
363 1197 437 1237 maj.
455 1194 630 1229 Existentia
646 1196 708 1228 Dei
726 1195 768 1228 est
782 1199 846 1237 ejus
864 1193 1152 1240 ell'entiarealiter,
1172 1200 1210 1232 C.
1227 1195 1426 1231 formaliter,
1444 1207 1479 1230 ut
1497 1196 1526 1232 irv

130 1242 226 1280 nobis
239 1242 437 1290 cognoscitur
447 1269 455 1283 ,
469 1244 522 1278 N.
541 1243 709 1278 Existentia
724 1242 801 1278 vero
811 1242 830 1278 ἐι
841 1243 934 1278 nobis
946 1243 1032 1277 clare
1050 1244 1253 1292 cognoscitur
1264 1275 1272 1288 ,
1289 1247 1320 1279 in
1338 1246 1412 1279 αξὶιι
1426 1256 1519 1279 exer-

130 1295 196 1328 cito
208 1321 218 1336 ‚
228 1304 302 1326 cum
313 1293 464 1338 quaeritut
474 1304 512 1327 an
524 1290 560 1327 {it
569 1295 671 1335 Deus,
684 1305 750 1326 non
762 1296 794 1326 in
803 1294 877 1327 adiu
896 1290 1018 1340 signato
1029 1321 1038 1335 ‚
1053 1305 1125 1329 curn
1139 1297 1288 1341 quaeritur
1299 1294 1376 1339 quid
1389 1292 1435 1328 fir.
1456 1296 1518 1328 His

131 1345 242 1389 itaque
262 1340 423 1388 praemiffis
439 1342 608 1386 quomodo
626 1343 715 1376 Deus
736 1341 756 1375 ἐι
769 1340 864 1376 nobis
881 1340 1090 1388 cognoscatur
1106 1370 1117 1386 ,
1146 1343 1244 1391 paulo
1263 1340 1449 1390 diligentius
1470 1355 1519 1377 m*

132 1402 288 1426 tueamur.

167 1442 250 1474 Duae
263 1437 332 1473 sunt
344 1439 402 1472 viae
420 1450 492 1485 quae
512 1451 570 1472 nos
592 1438 631 1472 ad
650 1440 872 1486 cognitionem
889 1442 953 1475 Dei
982 1439 1121 1482 ducunt,
1135 1442 1317 1488 negationis
1337 1452 1400 1474 una
1417 1469 1425 1482 ,
1444 1451 1516 1476 cum

131 1488 289 1536 quidquid
303 1486 558 1535 imperfefflonis
572 1486 616 1521 est
634 1489 667 1522 in
681 1489 846 1522 Creaturis
859 1518 867 1531 ,
888 1488 907 1523 ὲ
926 1492 1003 1524 Deo
1016 1487 1208 1536 sejungimus
1224 1506 1233 1532 3
1253 1490 1352 1523 altera
1368 1488 1442 1523 huic
1457 1502 1518 1537 op,-

132 1535 231 1585 pofita
242 1549 280 1571 ex
293 1535 550 1584 perfeetionibus
561 1548 628 1583 quae
641 1534 815 1584 rebusipsis
828 1538 932 1573 insunt
949 1567 958 1581 ,
983 1538 1022 1571 ad
1044 1537 1182 1584 supremi
1206 1537 1331 1586 opificis
1363 1540 1516 1572 notitiam

133 1599 192 1622 nos
204 1585 356 1633 perducit.
370 1587 593 1620 Removemus
606 1588 715 1620 omnia
729 1598 797 1632 quae
813 1585 833 1620 ἐι
857 1589 920 1622 Dei
933 1589 1073 1634 puritate
1095 1586 1166 1620 sunt
1180 1587 1284 1621 aliena
1296 1616 1305 1630 ‚
1324 1585 1427 1632 sicque
1454 1586 1517 1620 ob-

133 1634 509 1678 scuram&involutam'‚
532 1633 582 1668 sed
593 1637 692 1683 magis
708 1635 823 1669 nostrae
842 1635 1024 1671 infirmitati
1039 1646 1287 1681 attemperatam
1310 1636 1427 1669 divinae
1449 1633 1517 1671 fim-

134 1684 287 1732 plicitatis
298 1685 474 1731 imaginem
492 1685 691 1731 cogitatione
706 1684 910 1731 depingimus
925 1713 934 1728 ‚
959 1696 1027 1731 quae
1044 1682 1231 1719 nominibus
1251 1695 1335 1725 pene
1355 1686 1526 1731 negativis

135 1734 270 1780 exprimi
285 1730 364 1766 solet
383 1747 390 1768 :
414 1744 448 1767 ut
460 1745 532 1766 cum
542 1732 654 1767 dicitur
668 1736 755 1768 Deus
767 1732 913 1768 infinitus
928 1763 937 1777 ‚
948 1731 1119 1768 immensus
1133 1761 1143 1774 ,
1165 1731 1340 1767 invilibilis.
1368 1732 1430 1765 Sed
1446 1745 1519 1767 cum

136 1795 176 1817 ex
195 1780 354 1828 analogia,
373 1787 404 1816 ἃ
417 1780 625 1816 similitudine
641 1781 780 1828 quadam
802 1794 1019 1817 creaturarum
1038 1782 1131 1816 dotes
1144 1784 1219 1816 Deo
1232 1779 1402 1815 tribuimus
1415 1809 1424 1822 ,
1446 1793 1516 1816 tum

135 1832 237 1878 magis
251 1831 430 1864 distinetam
440 1831 557 1865 divinae
572 1831 746 1878 majestatis
759 1833 936 1879 imaginem
950 1831 1091 1866 formare
1100 1829 1195 1865 nobis
1213 1831 1360 1864 videmur
1375 1844 1381 1864 :
1400 1841 1433 1864 ut
1446 1843 1518 1865 cum

137 1882 309 1927 cogitamus
336 1879 500 1925 quandam
521 1878 733 1923 substantiam
761 1881 875 1914 vivam
890 1907 899 1918 ,
928 1890 1115 1928 perpetuam
1129 1906 1138 1917 ‚
1164 1881 1419 1927 omnipotentem,
1446 1878 1525 1924 uby-⁷

137 1940 198 1975 que
212 1929 387 1974 praefintem
401 1955 408 1966 ‚
433 1926 549 1974 ubique
573 1938 692 1970 totam,
714 1938 750 1961 ut
769 1929 816 1961 ait
835 1929 968 1976 August.

177 1978 270 2011 Hinc
285 1976 379 2012 Plato
395 1979 504 2010 Deum
513 1978 615 2020 unius,
628 1986 683 2010 aut
697 1974 778 2012 boni
788 1979 922 2012 nomine
932 1977 1097 2025 eleganter
1113 1978 1276 2024 exprimit.
1295 1976 1528 2019 Unusest,aut‘

138 2027 246 2074 potius
258 2028 446 2068 unitas,cum
458 2024 492 2059 sit
503 2027 596 2059 unice
609 2027 872 2072 omnia-,cumque
887 2025 922 2060 fit
933 2027 1036 2061 omnis
1046 2024 1286 2073 compositionis
1298 2038 1343 2067 ‚ac
1358 2023 1519 2060 divifionis

139 2086 261 2123 expers.
283 2073 389 2121 Ipsum
401 2075 445 2107 est
460 2073 585 2109 bonum
600 2103 609 2117 ‚
633 2085 792 2120 quatenus
804 2077 908 2123 prima
924 2077 967 2111 est
979 2104 988 2118 ‚
1007 2081 1039 2112 δε
1052 2076 1192 2110 maxime
1212 2073 1393 2109 universalis
1411 2073 1518 2117 causa,

140 2137 207 2170 quae
218 2123 393 2157 liberaliter
409 2122 437 2157 se
450 2123 650 2166 diffundig&
659 2121 853 2158 abomnibus
865 2127 1037 2173 expetitur.
1049 2126 1099 2158 Sic
1111 2126 1300 2158 remotionis
1317 2125 1367 2155 via
1386 2125 1495 2157 Deum
1509 2152 1519 2166 ‚

140 2183 176 2206 ut
191 2184 362 2220 unum3per
372 2173 555 2221 analogiam
569 2171 660 2213 vero,
671 2171 950 2209 &similitudinem
960 2187 1033 2208 cum
1043 2175 1193 2207 creaturis
1207 2200 1216 2214 ‚
1232 2184 1266 2206 ut
1286 2171 1408 2206 bonum
1418 2170 1527 2218 ipsum-

143 2222 389 2267 concipimusmt
407 2234 484 2256 unus
495 2220 569 2263 effla
578 2221 701 2256 cunffitis
716 2221 903 2259 secernitur:
919 2235 952 2258 ut
962 2220 1283 2268 bonuS‚reicujust1ue
1299 2219 1517 2268 perfeffiones

142 2270 297 2304 eminenti
310 2270 446 2313 quadarn
461 2272 587 2305 tatione
607 2269 845 2318 compleffitur.

178 2316 302 2351 Verum
322 2317 373 2352 hic
391 2323 490 2365 maior
502 2331 559 2353 nos
574 2331 686 2354 manet
705 2320 839 2367 quaestio
860 2349 870 2364 ,
898 2333 937 2355 an
958 2322 1028 2356 idea
1041 2317 1185 2367 quaedam
1199 2318 1343 2352 distincta
1356 2346 1365 2360 ,
1388 2322 1420 2354 δε
1433 2315 1517 2351 clara

143 2368 208 2403 Dei
221 2365 311 2414 ipsius
333 2363 368 2400 sit
391 2366 554 2403 mentibus
570 2369 684 2407 nostris
703 2367 866 2418 insculpta.
900 2373 949 2405 Ita
961 2372 1048 2407 enirn
1067 2381 1136 2404 tem
1160 2365 1340 2416 seeliabere
1363 2367 1517 2401 existimat

239 2416 330 2452 Tam.
358 2417 386 2450 Ῐ.
1265 2419 1348 2451 Zzz
