1857 2745
481 115 627 151 PARS
660 113 967 152 SECUNDA·
1371 126 1425 155 167

27 167 213 217 ''imaginem
223 195 234 210 ,
251 177 306 201 aut
316 166 422 215 potius
431 165 472 200 ad
486 165 657 214 vestigium
675 167 707 200 in
719 163 855 200 cerebro
869 162 1052 214 impressum
1068 165 1226 213 applicat:
1247 179 1282 201 ut
1296 179 1368 202 cum
1383 170 1423 202 de

39 216 177 260 circulo,
198 216 252 251 vel
274 214 434 265 triangulo
451 216 583 263 cogitat.
606 214 719 250 Altera
744 215 788 249 est
805 214 851 249 illi
870 217 1000 263 propria
1014 242 1023 257 ,
1048 225 1118 262 quae
1140 215 1320 251 intellectio
1342 230 1423 265 pura

39 267 241 304 nominatur,
259 278 331 300 curn
345 277 414 299 rem
429 265 586 314 percipit,
604 269 691 311 cujus
712 263 834 300 nullum
855 265 898 298 est
924 266 958 299 in
976 263 1111 298 cerebro
1137 265 1311 313 vestigium
1327 295 1335 308 ‚
1366 278 1421 300 aut

22 313 124 353 -nulla
133 316 241 362 imago
253 329 260 350 :
274 327 345 349 cum
357 328 387 350 v.
399 327 430 363 g.
454 313 540 349 suam
559 316 817 362 cogitationem,
836 326 982 349 amorem
994 342 1005 356 ,
1029 325 1084 348 aut
1105 313 1182 347 alias
1210 313 1397 350 affi’Ctiones
1411 344 1420 356 ,

35 375 92 399 aut
103 376 313 399 numerorum
327 365 426 397 etiam
437 365 577 398 rationes
596 368 630 398 &
646 363 874 411 proportiones
889 365 1035 412 percipit.
1062 363 1148 397 Cum
1175 374 1283 397 autem
1312 363 1424 398 dist'n-

35 412 89 448 &a
103 413 168 456 est,
195 426 263 448 non
286 411 418 448 confusa
430 441 440 455 ‚
459 425 531 459 quae
548 414 581 447 in
603 411 738 447 cerebro
756 411 792 447 fit
806 411 969 460 impteffio
982 441 992 455 ,
1017 423 1086 446 tum
1115 411 1265 446 distincta
1286 424 1421 460 quoque

36 463 154 497 mentis
165 464 333 509 perceptio
346 461 552 508 consequitur
563 490 574 504 ,
595 463 644 496 uti
657 461 711 496 suo
722 460 795 496 loco
816 460 910 497 fufius
926 461 1072 495 diximus.

64 509 217 546 Primum
229 513 339 558 itaque
353 510 428 545 hinc
437 523 553 559 magna
572 513 672 546 oritur
686 513 719 545 in
736 511 815 545 ideis
826 511 933 547 nostris
946 508 1134 552 obscuritas,
1150 510 1238 556 quod
1248 520 1338 543 mens
1360 507 1421 542 hu-

33 572 141 602 mana,
153 572 223 606 quae
235 561 311 608 pura
322 559 547 595 intellectione
560 559 714 608 consequi
726 571 853 596 tantum
861 559 983 608 potest,
1002 570 1141 606 quaeque
1156 558 1282 593 nullum
1294 556 1420 592 habent

33 605 216 656 impressum
231 611 263 644 in
274 607 410 643 cerebro
423 610 592 657 vestigium
601 637 611 652 ,
630 621 687 644 aut
701 608 823 644 nullum
836 607 1023 657 phantasma
1035 636 1044 651 ,
1058 607 1123 641 haec
1135 609 1302 656 imaginari
1316 606 1395 640 velit
1410 635 1420 649 ‚

35 662 68 693 δε
85 668 240 704 tanquam
254 669 303 691 res
319 669 488 705 corporeas
498 657 674 706 effingere:
697 670 769 693 cum
791 668 901 691 tamen
919 669 957 691 ea
977 670 1046 692 non
1069 658 1170 704 magis
1189 657 1422 704 imaginatione

32 705 209 752 complesti
217 704 313 753 poffit
324 734 335 747 ‚
350 705 451 752 quam
466 706 561 741 sonos
579 705 681 740 oculis
696 718 841 741 cernere.
855 709 899 741 Ex
919 718 987 752 quo
1003 704 1039 740 fit
1049 717 1084 740 ut
1094 707 1215 740 animus
1231 717 1339 739 rerum
1351 717 1420 738 ma-

31 755 118 788 xime
131 753 357 801 disjunstarum
380 752 538 788 attributa
555 753 749 802 plerumque
767 754 967 797 confundat,
990 766 1126 801 quaeque
1144 756 1248 790 menti
1269 752 1323 802 ipfi
1339 766 1419 788 con-

30 802 257 850 veniunt‚saepe
270 801 459 850 corporibus
475 802 594 838 tribuat
607 832 618 847 ,
634 807 669 840 &
683 802 825 840 viciffim.
837 805 927 839 Hinc
944 805 1045 838 animi
1056 801 1146 852 ipsius
1163 802 1345 838 functiones
1360 816 1420 838 vc-

30 849 120 886 cibus
131 880 141 893 ‚
161 864 231 899 quae
244 851 264 887 ὲ
275 851 371 886 rebus
383 864 438 886 cor
463 854 546 886 oreis
565 850 637 888 sunt
649 851 806 887 transsatae
822 882 832 896 ,
845 852 1041 901 designamus
1055 866 1064 887 :
1085 852 1172 899 quod
1197 854 1352 887 nimitum
1369 863 1418 886 res

30 900 276 948 apprehendam
293 901 382 948 quod
395 865 568 943 difflui-rav,
589 901 679 948 quod
694 902 727 935 in
743 902 862 948 gaudio
879 900 908 935 se
932 900 1047 935 dilatet
1061 918 1069 944 3
1093 903 1128 935 in
1151 901 1273 935 tristitia
1292 900 1322 935 se
1339 913 1419 934 con-

32 947 140 984 trahat
153 963 161 985 :
179 961 316 996 quaeque
328 950 448 984 mentis
460 948 529 984 sunt
538 951 666 998 proptia
677 977 687 992 ‚
699 947 767 984 haec
780 951 813 984 in
823 961 959 997 corpora
970 949 1200 986 transferimus.
1218 949 1297 985 Inde
1309 951 1418 984 oriun-

31 1007 81 1031 tur
99 1008 149 1031 tot
168 999 318 1032 amicitiae
336 1026 346 1040 ,
368 999 588 1033 &inimicitiae
599 1010 691 1044 ,quae
705 1000 739 1032 in
754 1010 860 1032 rerum
871 1009 985 1033 natura
999 997 1181 1046 finguntur,
1195 1010 1334 1045 quaeque
1346 1010 1418 1031 ma-

28 1057 107 1094 gnas
117 1044 310 1093 plerumque
324 1046 514 1092 quaestiones
524 1045 695 1080 resolvunt.
718 1045 812 1080 Nihil
822 1046 867 1080 est
881 1044 1041 1088 usitatim,
1059 1045 1160 1092 quam
1177 1056 1323 1081 naturam
1340 1046 1418 1080 hor-

3 1100 11 1103 ’
30 1106 102 1128 rere
117 1105 271 1130 vacuum:
292 1094 380 1140 quod
401 1105 511 1128 tamen
527 1107 601 1129 cum
619 1092 700 1128 nihil
720 1092 757 1128 sit
773 1121 782 1136 ,
801 1105 929 1129 tantum
958 1092 1054 1128 rebus
1077 1096 1240 1141 corporeis
1260 1105 1417 1128 terrorem

27 1155 95 1178 non
107 1142 212 1191 potest
226 1144 392 1177 incutere:
413 1148 446 1179 &
457 1144 546 1190 quod
562 1145 654 1178 omni
669 1142 713 1177 est
734 1144 923 1192 cognitione
936 1142 1122 1179 destitutum
1133 1171 1142 1187 ,
1166 1143 1336 1190 quomodo
1356 1156 1418 1191 po-

30 1193 107 1228 terit
125 1193 301 1239 quicquam
317 1203 464 1226 metuere
479 1201 490 1226 Ξ

67 1250 101 1276 20
117 1241 200 1276 Ideae
217 1240 301 1275 male
317 1240 337 1276 ἐι
355 1240 450 1277 rebus
465 1240 647 1284 abstractae,
667 1252 730 1276 nec
746 1239 818 1276 satis
831 1238 971 1275 definitae
988 1269 997 1283 ‚
1017 1252 1074 1276 aut
1086 1240 1328 1289 circumscriptae
1344 1251 1419 1290 per-

29 1291 197 1339 ceptiones
213 1291 330 1325 nostras
355 1289 545 1338 plerumque
569 1291 796 1325 confundunt:
817 1289 907 1337 quod
928 1289 1009 1338 saepe
1033 1292 1065 1325 in
1080 1289 1218 1338 Physicis
1244 1289 1298 1324 usu
1319 1292 1417 1324 venit.

30 1341 129 1374 Mens
141 1341 263 1387 quippe
281 1339 371 1374 velut
383 1352 424 1374 ex
435 1351 542 1375 rerum
551 1340 702 1388 angustiis
715 1341 749 1374 in
763 1338 900 1387 amplius
918 1337 1052 1387 spatium
1063 1339 1205 1383 evolare,
1218 1344 1250 1376 &
1261 1341 1346 1373 circa
1358 1351 1418 1373 no-

29 1389 135 1423 tiones
159 1388 309 1434 quasdam
324 1388 501 1436 generales,
518 1401 591 1435 quae
606 1388 798 1437 plerumque
811 1401 877 1423 non
889 1390 997 1437 magni
1012 1386 1079 1422 sunt
1092 1387 1304 1436 usus‚evagari
1315 1399 1419 1430 amau

28 1437 70 1471 ad
88 1438 239 1471 notiones
261 1439 404 1471 maxime
434 1437 629 1472 universales
657 1439 774 1484 raptim
801 1434 976 1471 transvolat
1000 1464 1010 1478 ,
1043 1450 1112 1471 non
1132 1449 1190 1484 per
1211 1437 1325 1484 gradus
1345 1465 1354 1479 ‚
1380 1447 1417 1470 ut

31 1497 88 1532 pat
106 1485 150 1518 est
166 1512 177 1526 ‚
198 1485 330 1520 incedit.
347 1487 397 1519 Sic
414 1486 525 1519 animae
538 1513 548 1527 ‚
564 1496 620 1519 aut
633 1488 708 1519 vitae
726 1485 821 1518 notio
832 1484 1007 1518 admodum
1023 1496 1104 1531 vaga
1129 1485 1175 1517 est
1188 1513 1198 1526 ,
1228 1489 1262 1520 ὃ(
1283 1486 1416 1519 incerta.

30 1534 112 1568 Non
129 1533 217 1567 enim
229 1532 332 1566 bestiis
347 1533 448 1567 modo
460 1560 470 1574 ,
487 1531 539 1566 sed
552 1535 651 1567 etiam
665 1531 783 1579 plantis
796 1560 806 1574 ‚
815 1532 884 1565 imo
897 1531 1045 1565 nonnulli
1057 1530 1266 1566 mineralibus
1275 1534 1418 1567 animam

32 1580 192 1616 tribuunt.
209 1585 291 1630 Qut
301 1592 412 1617 autem
425 1578 460 1615 sit
469 1583 563 1616 notio
574 1610 584 1626 ‚
597 1592 653 1617 aut
670 1591 783 1616 natura
792 1581 830 1614 iis
848 1577 1001 1614 omnibus
1017 1582 1200 1616 communis
1210 1609 1220 1624 ‚
1245 1583 1300 1615 vix
1313 1581 1418 1630 expli-

29 1642 103 1664 care
129 1629 302 1677 possumus,

71 1682 110 1714 Et
121 1679 254 1725 quidem
268 1675 526 1714 communiffima
549 1676 641 1725 ipsius
656 1680 739 1713 entis
756 1677 830 1712 idea
843 1707 853 1721 ,
872 1689 927 1712 aut
941 1679 1032 1713 notio
1050 1677 1215 1713 mentibus
1240 1677 1350 1713 nostris
1366 1679 1417 1712 in-

33 1730 112 1764 tima
125 1733 159 1764 &
177 1727 307 1775 praesens
320 1727 468 1770 videtur,
485 1726 525 1760 ad
541 1739 640 1773 quam
662 1729 772 1762 omnia
788 1739 861 1774 quae
888 1728 1050 1762 intuemur
1062 1756 1072 1770 ,
1093 1727 1272 1762 referimus.
1296 1725 1360 1761 Sed
1380 1739 1418 1761 ea

31 1779 118 1812 entis
130 1775 221 1825 ipsius
239 1778 331 1811 notio
354 1788 435 1824 vaga
451 1775 514 1818 est,
527 1780 566 1812 ⁴&
587 1775 766 1810 admodum
786 1774 974 1810 indefinita:
996 1776 1071 1810 licet
1091 1778 1202 1810 animo
1220 1775 1285 1810 alte
1303 1774 1339 1808 sit
1358 1776 1419 1809 im-

29 1825 149 1874 pressa,
168 1825 252 1860 adeo
264 1837 299 1860 ut
323 1824 474 1859 nonnulli
486 1837 552 1858 non
564 1823 699 1859 absurde
715 1823 844 1859 forsitan
867 1824 1053 1862 existiment
1066 1825 1280 1872 cogitationes
1296 1823 1417 1857 nostras

31 1877 116 1910 circa
135 1887 190 1910 ens
202 1874 304 1923 ipsum
318 1871 442 1922 semper
453 1872 569 1908 versari
583 1902 593 1917 ‚
612 1876 711 1908 etiam
732 1885 806 1908 cum
822 1872 1048 1908 nihilomnino
1059 1875 1202 1921 cogitare
1220 1871 1313 1906 nobis
1328 1871 1420 1906 vide-

29 1936 110 1961 mur.
129 1924 194 1959 Sed
204 1936 287 1973 vaga
300 1921 354 1957 illa
373 1928 406 1959 δε
421 1921 549 1957 confusa
563 1923 646 1958 entis
660 1923 805 1971 cognitio
818 1921 901 1957 adeo
912 1923 955 1956 est
964 1920 1060 1957 nobis
1076 1921 1240 1956 familiaris
1252 1927 1285 1958 ὃ(
1296 1918 1420 1965 usitata,

31 1985 69 2009 ut
84 1973 208 2008 adeam
220 1985 262 2008 ne
274 1972 478 2007 advertamus
495 1972 630 2018 quidem
649 1986 658 2008 z
682 1983 719 2007 ut
742 1973 776 2006 in
792 1970 862 2005 aliis
881 1970 976 2005 rebus
991 1973 1122 2014 evenit,
1149 1983 1223 2018 quae
1241 1969 1343 2005 sensus
1362 1980 1418 2004 aut

31 2024 300 2071 imaginationem
310 2034 376 2056 non
389 2020 569 2068 percellunt
583 2050 593 2064 ‚
614 2033 673 2055 nec
683 2022 828 2056 animum
841 2018 941 2068 ipsum
960 2020 1046 2055 suavi
1057 2033 1111 2056 aut
1123 2019 1256 2056 molesta
1268 2032 1418 2054 commo-

31 2074 122 2106 tione
137 2069 288 2107 afficiunt.
302 2073 391 2107 Nam
407 2069 482 2105 licet
498 2070 553 2104 ista
563 2073 675 2105 animo
687 2069 918 2114 observentur,
933 2072 958 2103 is
976 2082 1085 2105 tarnen
1104 2070 1143 2103 ad
1158 2068 1212 2103 illa
1229 2082 1294 2103 non
1309 2079 1417 2103 atten-

33 2120 81 2154 dit
92 2148 101 2162 ,
117 2125 151 2157 &
165 2119 250 2168 quasi
266 2120 305 2154 ad
321 2131 395 2154 eum
407 2133 475 2154 non
487 2121 689 2167 pertineant,
708 2119 824 2154 leviter
841 2122 1049 2166 praetercurrit
1064 2119 1167 2155 :unde
1177 2117 1264 2153 nulla
1277 2117 1348 2152 fere
1363 2129 1415 2151 re-

34 2167 182 2215 linquunt
194 2172 227 2204 in
240 2167 375 2203 cerebro
392 2169 520 2217 vestigia
531 2198 539 2212 ,
561 2181 629 2214 quae
641 2169 798 2204 distinctas
818 2168 904 2202 ideas
921 2171 1074 2204 excitent.

73 2219 108 2251 In
122 2230 162 2251 eo
172 2219 303 2266 quidem
316 2229 435 2266 genere
445 2216 514 2253 sunt
529 2217 754 2252 absh-actiones
772 2217 834 2251 illae
848 2216 986 2252 confusae
998 2231 1037 2252 ex
1055 2215 1150 2250 rebus
1164 2214 1232 2262 ipsis
1245 2214 1399 2262 decerptae
1409 2244 1419 2257 ,

36 2277 175 2312 quaeque
189 2280 228 2301 cx
242 2280 322 2315 vaga
339 2269 420 2302 entis
437 2270 570 2301 notione
584 2267 775 2314 plerumque
786 2268 942 2302 oriuntur.
957 2268 1045 2302 Nam
1061 2267 1190 2311 quotics
1214 2276 1317 2299 novos
1336 2262 1418 2298 effe-

37 2316 107 2349 ἂιιε
120 2316 152 2348 in
172 2327 282 2349 natura
293 2318 450 2350 cernimus
463 2345 471 2356 ,
490 2317 594 2350 stium
612 2329 713 2350 novas
729 2317 878 2351 mutares
889 2313 1174 2355 comminiscimur,
1189 2326 1260 2359 quae
1278 2312 1420 2361 plerum*

34 2375 99 2411 que
110 2365 211 2412 magis
225 2376 263 2399 ex
277 2367 392 2400 mentis
406 2365 515 2401 nostrae.
532 2365 765 2410 foecunriitate,
793 2370 824 2401 ἃ
846 2362 975 2399 confusa
991 2362 1046 2399 illa
1068 2365 1149 2398 entis
1165 2365 1320 2405 notione,
1346 2373 1419 2408 quae

173 2499 183 2517 Ι
