<?xml version="1.0" encoding="UTF-8"?>
<!DOCTYPE html PUBLIC "-//W3C//DTD XHTML 1.0 Transitional//EN"
    "http://www.w3.org/TR/xhtml1/DTD/xhtml1-transitional.dtd">
<html xmlns="http://www.w3.org/1999/xhtml" xml:lang="en" lang="en">
 <head>
  <title>
</title>
<meta http-equiv="Content-Type" content="text/html;charset=utf-8" />
  <meta name='ocr-system' content='tesseract 3.04.00' />
  <meta name='ocr-capabilities' content='ocr_page ocr_carea ocr_par ocr_line ocrx_word'/>
</head>
<body>
  <div class='ocr_page' id='page_1' title='image "./philosophiavetus01duhauoft_0093.png"; bbox 0 0 1857 2745; ppageno 0'>
   <div class='ocr_carea' id='block_1_1' title="bbox 93 107 1536 2467">
    <p class='ocr_par' dir='ltr' id='par_1_1' title="bbox 583 107 1536 159">
     <span class='ocr_line' id='line_1_1' title="bbox 583 107 1536 159; baseline 0.004 -12"><span class='ocrx_word' id='word_1_1' title='bbox 583 107 1046 149; x_wconf 71' lang='lat' dir='ltr'>GENERATI&#39;M.</span> <span class='ocrx_word' id='word_1_2' title='bbox 1121 158 1124 159; x_wconf 19' lang='lat'><em>⁷</em></span> <span class='ocrx_word' id='word_1_3' title='bbox 1500 129 1536 159; x_wconf 80' lang='lat'>71</span> 
     </span>
    </p>

    <p class='ocr_par' dir='ltr' id='par_1_2' title="bbox 93 159 1534 460">
     <span class='ocr_line' id='line_1_2' title="bbox 184 159 1534 211; baseline 0.001 -14"><span class='ocrx_word' id='word_1_4' title='bbox 184 162 282 200; x_wconf 74' lang='lat' dir='ltr'>Prob.</span> <span class='ocrx_word' id='word_1_5' title='bbox 293 179 304 200; x_wconf 75' lang='grc' dir='ltr'>ι</span> <span class='ocrx_word' id='word_1_6' title='bbox 322 192 331 200; x_wconf 92' lang='grc'><strong>.</strong></span> <span class='ocrx_word' id='word_1_7' title='bbox 352 160 545 200; x_wconf 81' lang='lat' dir='ltr'>Universale</span> <span class='ocrx_word' id='word_1_8' title='bbox 564 160 716 196; x_wconf 84' lang='lat' dir='ltr'>definitur</span> <span class='ocrx_word' id='word_1_9' title='bbox 732 172 831 195; x_wconf 89' lang='lat' dir='ltr'>unum</span> <span class='ocrx_word' id='word_1_10' title='bbox 841 173 955 209; x_wconf 78' lang='lat' dir='ltr'>aptum</span> <span class='ocrx_word' id='word_1_11' title='bbox 970 159 1031 196; x_wconf 88' lang='lat' dir='ltr'>esse</span> <span class='ocrx_word' id='word_1_12' title='bbox 1046 163 1077 196; x_wconf 90' lang='lat' dir='ltr'>in</span> <span class='ocrx_word' id='word_1_13' title='bbox 1091 159 1200 196; x_wconf 79' lang='lat' dir='ltr'>multis</span> <span class='ocrx_word' id='word_1_14' title='bbox 1212 189 1222 206; x_wconf 87' lang='lat'>‚</span> <span class='ocrx_word' id='word_1_15' title='bbox 1251 174 1306 198; x_wconf 83' lang='lat' dir='ltr'>aut</span> <span class='ocrx_word' id='word_1_16' title='bbox 1320 162 1483 211; x_wconf 79' lang='lat' dir='ltr'>praedicari</span> <span class='ocrx_word' id='word_1_17' title='bbox 1493 166 1534 199; x_wconf 86' lang='lat' dir='ltr'>de</span> 
     </span>
     <span class='ocr_line' id='line_1_3' title="bbox 148 209 1529 262; baseline -0.001 -13"><span class='ocrx_word' id='word_1_18' title='bbox 148 213 277 250; x_wconf 87' lang='lat' dir='ltr'>multis:</span> <span class='ocrx_word' id='word_1_19' title='bbox 295 213 359 249; x_wconf 85' lang='lat' dir='ltr'>Sed</span> <span class='ocrx_word' id='word_1_20' title='bbox 374 224 490 254; x_wconf 76' lang='lat' dir='ltr'>voceS,</span> <span class='ocrx_word' id='word_1_21' title='bbox 509 222 565 246; x_wconf 87' lang='lat' dir='ltr'>aut</span> <span class='ocrx_word' id='word_1_22' title='bbox 582 222 758 259; x_wconf 89' lang='lat' dir='ltr'>conceptus</span> <span class='ocrx_word' id='word_1_23' title='bbox 772 222 834 245; x_wconf 89' lang='lat' dir='ltr'>nec</span> <span class='ocrx_word' id='word_1_24' title='bbox 843 209 912 245; x_wconf 88' lang='lat' dir='ltr'>sunt</span> <span class='ocrx_word' id='word_1_25' title='bbox 926 213 960 246; x_wconf 89' lang='lat' dir='ltr'>in</span> <span class='ocrx_word' id='word_1_26' title='bbox 978 209 1111 255; x_wconf 87' lang='lat' dir='ltr'>multis,</span> <span class='ocrx_word' id='word_1_27' title='bbox 1133 223 1194 246; x_wconf 90' lang='lat' dir='ltr'>nec</span> <span class='ocrx_word' id='word_1_28' title='bbox 1223 212 1264 245; x_wconf 90' lang='lat' dir='ltr'>de</span> <span class='ocrx_word' id='word_1_29' title='bbox 1282 211 1393 247; x_wconf 78' lang='lat' dir='ltr'>multis</span> <span class='ocrx_word' id='word_1_30' title='bbox 1413 213 1529 262; x_wconf 73' lang='lat' dir='ltr'>praedi-</span> 
     </span>
     <span class='ocr_line' id='line_1_4' title="bbox 146 259 1531 304; baseline 0.001 -7"><span class='ocrx_word' id='word_1_31' title='bbox 146 274 258 298; x_wconf 76' lang='lat' dir='ltr'>cai-itm</span> <span class='ocrx_word' id='word_1_32' title='bbox 273 277 281 298; x_wconf 92' lang='lat'>:</span> <span class='ocrx_word' id='word_1_33' title='bbox 296 276 375 299; x_wconf 83' lang='lat' dir='ltr'>curn</span> <span class='ocrx_word' id='word_1_34' title='bbox 393 264 480 297; x_wconf 89' lang='lat' dir='ltr'>enim</span> <span class='ocrx_word' id='word_1_35' title='bbox 494 260 616 295; x_wconf 82' lang='lat' dir='ltr'>animal</span> <span class='ocrx_word' id='word_1_36' title='bbox 629 259 787 296; x_wconf 79' lang='lat' dir='ltr'>rationale</span> <span class='ocrx_word' id='word_1_37' title='bbox 800 260 913 295; x_wconf 89' lang='lat' dir='ltr'>dicitur</span> <span class='ocrx_word' id='word_1_38' title='bbox 931 261 972 295; x_wconf 91' lang='lat' dir='ltr'>de</span> <span class='ocrx_word' id='word_1_39' title='bbox 984 260 1118 297; x_wconf 75' lang='lat' dir='ltr'>homine</span> <span class='ocrx_word' id='word_1_40' title='bbox 1132 289 1142 304; x_wconf 92' lang='lat'>‚</span> <span class='ocrx_word' id='word_1_41' title='bbox 1172 273 1239 297; x_wconf 89' lang='lat' dir='ltr'>non</span> <span class='ocrx_word' id='word_1_42' title='bbox 1254 273 1368 297; x_wconf 87' lang='lat' dir='ltr'>verum</span> <span class='ocrx_word' id='word_1_43' title='bbox 1395 264 1439 298; x_wconf 84' lang='lat' dir='ltr'>est</span> <span class='ocrx_word' id='word_1_44' title='bbox 1456 274 1531 298; x_wconf 88' lang='lat' dir='ltr'>eam</span> 
     </span>
     <span class='ocr_line' id='line_1_5' title="bbox 93 308 1531 360; baseline 0 -14"><span class='ocrx_word' id='word_1_45' title='bbox 93 329 96 333; x_wconf 61' lang='lat'><em>1</em></span> <span class='ocrx_word' id='word_1_46' title='bbox 145 324 265 347; x_wconf 88' lang='lat' dir='ltr'>vocem</span> <span class='ocrx_word' id='word_1_47' title='bbox 273 313 332 354; x_wconf 57' lang='lat' dir='ltr'>⁴vel</span> <span class='ocrx_word' id='word_1_48' title='bbox 343 312 469 355; x_wconf 83' lang='lat' dir='ltr'>ideam,</span> <span class='ocrx_word' id='word_1_49' title='bbox 489 322 587 358; x_wconf 87' lang='lat' dir='ltr'>quam</span> <span class='ocrx_word' id='word_1_50' title='bbox 606 309 737 355; x_wconf 89' lang='lat' dir='ltr'>formo,</span> <span class='ocrx_word' id='word_1_51' title='bbox 752 308 813 345; x_wconf 81' lang='lat' dir='ltr'>effe</span> <span class='ocrx_word' id='word_1_52' title='bbox 830 309 950 345; x_wconf 75' lang='lat' dir='ltr'>animal</span> <span class='ocrx_word' id='word_1_53' title='bbox 971 309 1143 348; x_wconf 79' lang='lat' dir='ltr'><strong>rationale.</strong></span> <span class='ocrx_word' id='word_1_54' title='bbox 1157 313 1241 360; x_wconf 86' lang='lat' dir='ltr'>Ergo</span> <span class='ocrx_word' id='word_1_55' title='bbox 1252 323 1348 348; x_wconf 88' lang='lat' dir='ltr'>voces</span> <span class='ocrx_word' id='word_1_56' title='bbox 1361 310 1432 347; x_wconf 88' lang='lat' dir='ltr'>sunt</span> <span class='ocrx_word' id='word_1_57' title='bbox 1441 324 1531 360; x_wconf 71' lang='lat' dir='ltr'>quse-</span> 
     </span>
     <span class='ocr_line' id='line_1_6' title="bbox 144 357 1529 410; baseline -0.001 -14"><span class='ocrx_word' id='word_1_58' title='bbox 144 363 221 396; x_wconf 78' lang='lat' dir='ltr'>dam</span> <span class='ocrx_word' id='word_1_59' title='bbox 236 360 426 398; x_wconf 74' lang='lat' dir='ltr'>universalia</span> <span class='ocrx_word' id='word_1_60' title='bbox 439 362 470 396; x_wconf 89' lang='lat' dir='ltr'>in</span> <span class='ocrx_word' id='word_1_61' title='bbox 480 357 690 409; x_wconf 74' lang='lat' dir='ltr'>significando</span> <span class='ocrx_word' id='word_1_62' title='bbox 702 389 712 404; x_wconf 91' lang='lat'>‚</span> <span class='ocrx_word' id='word_1_63' title='bbox 745 371 922 408; x_wconf 86' lang='lat' dir='ltr'>conceptus</span> <span class='ocrx_word' id='word_1_64' title='bbox 947 362 981 396; x_wconf 90' lang='lat' dir='ltr'>in</span> <span class='ocrx_word' id='word_1_65' title='bbox 994 359 1255 410; x_wconf 66' lang='lat' dir='ltr'>repraesentando</span> <span class='ocrx_word' id='word_1_66' title='bbox 1267 390 1278 405; x_wconf 88' lang='lat'>‚</span> <span class='ocrx_word' id='word_1_67' title='bbox 1300 374 1368 397; x_wconf 90' lang='lat' dir='ltr'>non</span> <span class='ocrx_word' id='word_1_68' title='bbox 1393 373 1434 396; x_wconf 88' lang='lat' dir='ltr'>ea</span> <span class='ocrx_word' id='word_1_69' title='bbox 1456 373 1529 409; x_wconf 78' lang='lat' dir='ltr'>quae</span> 
     </span>
     <span class='ocr_line' id='line_1_7' title="bbox 143 407 1209 460; baseline 0.001 -15"><span class='ocrx_word' id='word_1_70' title='bbox 143 423 229 446; x_wconf 88' lang='lat' dir='ltr'>nunc</span> <span class='ocrx_word' id='word_1_71' title='bbox 239 413 427 460; x_wconf 85' lang='lat' dir='ltr'><strong>inquirimus</strong></span> <span class='ocrx_word' id='word_1_72' title='bbox 439 408 631 447; x_wconf 83' lang='lat' dir='ltr'>universalia</span> <span class='ocrx_word' id='word_1_73' title='bbox 649 411 683 445; x_wconf 89' lang='lat' dir='ltr'>in</span> <span class='ocrx_word' id='word_1_74' title='bbox 701 407 831 445; x_wconf 83' lang='lat' dir='ltr'>effendo</span> <span class='ocrx_word' id='word_1_75' title='bbox 844 437 854 453; x_wconf 90' lang='lat'>‚</span> <span class='ocrx_word' id='word_1_76' title='bbox 882 409 933 444; x_wconf 90' lang='lat' dir='ltr'>vel</span> <span class='ocrx_word' id='word_1_77' title='bbox 944 412 977 445; x_wconf 87' lang='lat' dir='ltr'>in</span> <span class='ocrx_word' id='word_1_78' title='bbox 990 412 1209 459; x_wconf 79' lang='lat' dir='ltr'>praedicandO.</span> 
     </span>
    </p>

    <p class='ocr_par' dir='ltr' id='par_1_3' title="bbox 136 458 1532 843">
     <span class='ocr_line' id='line_1_8' title="bbox 187 458 1532 506; baseline 0.003 -12"><span class='ocrx_word' id='word_1_79' title='bbox 187 460 416 506; x_wconf 81' lang='lat' dir='ltr'>Confirmatur.</span> <span class='ocrx_word' id='word_1_80' title='bbox 429 462 503 497; x_wconf 81' lang='lat' dir='ltr'>Nec</span> <span class='ocrx_word' id='word_1_81' title='bbox 516 458 683 504; x_wconf 87' lang='lat' dir='ltr'>definitio,</span> <span class='ocrx_word' id='word_1_82' title='bbox 704 472 765 496; x_wconf 89' lang='lat' dir='ltr'>nec</span> <span class='ocrx_word' id='word_1_83' title='bbox 778 459 1010 495; x_wconf 84' lang='lat' dir='ltr'>demonstratio</span> <span class='ocrx_word' id='word_1_84' title='bbox 1023 459 1093 494; x_wconf 87' lang='lat' dir='ltr'>fere</span> <span class='ocrx_word' id='word_1_85' title='bbox 1110 459 1177 495; x_wconf 85' lang='lat' dir='ltr'>ulla</span> <span class='ocrx_word' id='word_1_86' title='bbox 1194 459 1230 495; x_wconf 88' lang='lat' dir='ltr'>fit</span> <span class='ocrx_word' id='word_1_87' title='bbox 1246 461 1286 495; x_wconf 88' lang='lat' dir='ltr'>de</span> <span class='ocrx_word' id='word_1_88' title='bbox 1301 461 1437 497; x_wconf 86' lang='lat' dir='ltr'>vocibus</span> <span class='ocrx_word' id='word_1_89' title='bbox 1451 492 1460 506; x_wconf 93' lang='lat'><strong>‚</strong></span> <span class='ocrx_word' id='word_1_90' title='bbox 1474 474 1532 498; x_wconf 87' lang='lat' dir='ltr'>aut</span> 
     </span>
     <span class='ocr_line' id='line_1_9' title="bbox 141 508 1529 559; baseline 0.003 -16"><span class='ocrx_word' id='word_1_91' title='bbox 141 509 221 544; x_wconf 79' lang='lat' dir='ltr'>ideis</span> <span class='ocrx_word' id='word_1_92' title='bbox 232 511 342 545; x_wconf 84' lang='lat' dir='ltr'>nostris</span> <span class='ocrx_word' id='word_1_93' title='bbox 354 540 363 554; x_wconf 85' lang='lat'>,</span> <span class='ocrx_word' id='word_1_94' title='bbox 377 510 429 544; x_wconf 87' lang='lat' dir='ltr'>sed</span> <span class='ocrx_word' id='word_1_95' title='bbox 445 511 486 544; x_wconf 90' lang='lat' dir='ltr'>de</span> <span class='ocrx_word' id='word_1_96' title='bbox 494 509 591 544; x_wconf 86' lang='lat' dir='ltr'>rebus</span> <span class='ocrx_word' id='word_1_97' title='bbox 611 508 682 559; x_wconf 78' lang='lat' dir='ltr'>ipsis</span> <span class='ocrx_word' id='word_1_98' title='bbox 699 538 709 554; x_wconf 88' lang='lat'><strong>,</strong></span> <span class='ocrx_word' id='word_1_99' title='bbox 732 522 805 558; x_wconf 84' lang='lat' dir='ltr'>quae</span> <span class='ocrx_word' id='word_1_100' title='bbox 826 522 884 558; x_wconf 85' lang='lat' dir='ltr'>per</span> <span class='ocrx_word' id='word_1_101' title='bbox 898 521 993 544; x_wconf 87' lang='lat' dir='ltr'>voces</span> <span class='ocrx_word' id='word_1_102' title='bbox 1012 521 1068 544; x_wconf 82' lang='lat' dir='ltr'>aut</span> <span class='ocrx_word' id='word_1_103' title='bbox 1085 510 1173 544; x_wconf 85' lang='lat' dir='ltr'>ideas</span> <span class='ocrx_word' id='word_1_104' title='bbox 1190 513 1426 557; x_wconf 86' lang='lat' dir='ltr'>exprimuntur.</span> <span class='ocrx_word' id='word_1_105' title='bbox 1444 513 1529 547; x_wconf 82' lang='lat' dir='ltr'>Cum</span> 
     </span>
     <span class='ocr_line' id='line_1_10' title="bbox 143 558 1530 603; baseline 0.001 -9"><span class='ocrx_word' id='word_1_106' title='bbox 143 561 232 594; x_wconf 85' lang='lat' dir='ltr'>enim</span> <span class='ocrx_word' id='word_1_107' title='bbox 246 559 400 596; x_wconf 87' lang='lat' dir='ltr'>definitur</span> <span class='ocrx_word' id='word_1_108' title='bbox 410 560 512 595; x_wconf 86' lang='lat' dir='ltr'>homo</span> <span class='ocrx_word' id='word_1_109' title='bbox 522 559 644 596; x_wconf 83' lang='lat' dir='ltr'>animal</span> <span class='ocrx_word' id='word_1_110' title='bbox 664 558 823 595; x_wconf 80' lang='lat' dir='ltr'>rationale</span> <span class='ocrx_word' id='word_1_111' title='bbox 835 588 844 603; x_wconf 84' lang='lat'>‚</span> <span class='ocrx_word' id='word_1_112' title='bbox 867 571 923 595; x_wconf 86' lang='lat' dir='ltr'>aut</span> <span class='ocrx_word' id='word_1_113' title='bbox 940 559 1195 595; x_wconf 86' lang='lat' dir='ltr'>demonstramus</span> <span class='ocrx_word' id='word_1_114' title='bbox 1219 561 1367 595; x_wconf 82' lang='lat' dir='ltr'>animum</span> <span class='ocrx_word' id='word_1_115' title='bbox 1388 558 1449 595; x_wconf 82' lang='lat' dir='ltr'>effe</span> <span class='ocrx_word' id='word_1_116' title='bbox 1469 563 1530 595; x_wconf 89' lang='lat' dir='ltr'>im-</span> 
     </span>
     <span class='ocr_line' id='line_1_11' title="bbox 142 607 1530 658; baseline 0.002 -15"><span class='ocrx_word' id='word_1_117' title='bbox 142 607 317 644; x_wconf 84' lang='lat' dir='ltr'>mortalem</span> <span class='ocrx_word' id='word_1_118' title='bbox 331 639 341 653; x_wconf 88' lang='lat'><strong><em>,</em></strong></span> <span class='ocrx_word' id='word_1_119' title='bbox 358 622 418 645; x_wconf 90' lang='lat' dir='ltr'>nec</span> <span class='ocrx_word' id='word_1_120' title='bbox 428 621 547 644; x_wconf 85' lang='lat' dir='ltr'>vocem</span> <span class='ocrx_word' id='word_1_121' title='bbox 563 621 702 658; x_wconf 78' lang='lat' dir='ltr'>quatuor</span> <span class='ocrx_word' id='word_1_122' title='bbox 720 621 776 644; x_wconf 87' lang='lat' dir='ltr'>aut</span> <span class='ocrx_word' id='word_1_123' title='bbox 786 611 931 656; x_wconf 87' lang='lat' dir='ltr'>quinque</span> <span class='ocrx_word' id='word_1_124' title='bbox 947 607 1059 644; x_wconf 88' lang='lat' dir='ltr'>litteris</span> <span class='ocrx_word' id='word_1_125' title='bbox 1070 607 1350 656; x_wconf 79' lang='lat' dir='ltr'>comprehensam,</span> <span class='ocrx_word' id='word_1_126' title='bbox 1362 621 1424 644; x_wconf 90' lang='lat' dir='ltr'>nec</span> <span class='ocrx_word' id='word_1_127' title='bbox 1435 623 1530 646; x_wconf 87' lang='lat' dir='ltr'>men-</span> 
     </span>
     <span class='ocr_line' id='line_1_12' title="bbox 141 657 1531 708; baseline -0.001 -16"><span class='ocrx_word' id='word_1_128' title='bbox 141 659 181 692; x_wconf 79' lang='lat' dir='ltr'>tis</span> <span class='ocrx_word' id='word_1_129' title='bbox 203 658 318 693; x_wconf 83' lang='lat' dir='ltr'>nostrae</span> <span class='ocrx_word' id='word_1_130' title='bbox 330 662 578 708; x_wconf 74' lang='lat' dir='ltr'>perceptionem</span> <span class='ocrx_word' id='word_1_131' title='bbox 587 688 599 703; x_wconf 95' lang='lat'>,</span> <span class='ocrx_word' id='word_1_132' title='bbox 619 671 674 694; x_wconf 77' lang='lat' dir='ltr'>aut</span> <span class='ocrx_word' id='word_1_133' title='bbox 685 660 792 695; x_wconf 82' lang='lat' dir='ltr'>ideam</span> <span class='ocrx_word' id='word_1_134' title='bbox 804 657 941 693; x_wconf 84' lang='lat' dir='ltr'>definire</span> <span class='ocrx_word' id='word_1_135' title='bbox 949 687 959 701; x_wconf 93' lang='lat'>,</span> <span class='ocrx_word' id='word_1_136' title='bbox 976 668 1032 693; x_wconf 85' lang='lat' dir='ltr'>aut</span> <span class='ocrx_word' id='word_1_137' title='bbox 1042 658 1083 692; x_wconf 90' lang='lat' dir='ltr'>de</span> <span class='ocrx_word' id='word_1_138' title='bbox 1094 670 1132 692; x_wconf 86' lang='lat' dir='ltr'>ea</span> <span class='ocrx_word' id='word_1_139' title='bbox 1144 660 1322 706; x_wconf 85' lang='lat' dir='ltr'>quicquam</span> <span class='ocrx_word' id='word_1_140' title='bbox 1331 659 1531 695; x_wconf 81' lang='lat' dir='ltr'>demonstra-</span> 
     </span>
     <span class='ocr_line' id='line_1_13' title="bbox 138 706 1528 757; baseline 0.003 -17"><span class='ocrx_word' id='word_1_141' title='bbox 138 718 173 740; x_wconf 84' lang='lat' dir='ltr'>te</span> <span class='ocrx_word' id='word_1_142' title='bbox 185 707 348 744; x_wconf 84' lang='lat' dir='ltr'>volumus.</span> <span class='ocrx_word' id='word_1_143' title='bbox 358 711 442 757; x_wconf 84' lang='lat' dir='ltr'>Ergo</span> <span class='ocrx_word' id='word_1_144' title='bbox 457 709 505 743; x_wconf 90' lang='lat' dir='ltr'>his</span> <span class='ocrx_word' id='word_1_145' title='bbox 517 708 651 744; x_wconf 80' lang='lat' dir='ltr'>vocibus</span> <span class='ocrx_word' id='word_1_146' title='bbox 664 721 718 744; x_wconf 87' lang='lat' dir='ltr'>aut</span> <span class='ocrx_word' id='word_1_147' title='bbox 726 708 806 743; x_wconf 81' lang='lat' dir='ltr'>ideis</span> <span class='ocrx_word' id='word_1_148' title='bbox 823 706 923 741; x_wconf 84' lang='lat' dir='ltr'>subest</span> <span class='ocrx_word' id='word_1_149' title='bbox 938 718 1054 742; x_wconf 82' lang='lat' dir='ltr'>natura</span> <span class='ocrx_word' id='word_1_150' title='bbox 1064 707 1215 753; x_wconf 86' lang='lat' dir='ltr'>quaedam</span> <span class='ocrx_word' id='word_1_151' title='bbox 1229 710 1528 756; x_wconf 84' lang='lat' dir='ltr'>communis‚quam</span> 
     </span>
     <span class='ocr_line' id='line_1_14' title="bbox 138 753 1525 807; baseline 0.003 -18"><span class='ocrx_word' id='word_1_152' title='bbox 138 753 240 790; x_wconf 85' lang='lat' dir='ltr'>solam</span> <span class='ocrx_word' id='word_1_153' title='bbox 252 755 446 793; x_wconf 86' lang='lat' dir='ltr'>definitione</span> <span class='ocrx_word' id='word_1_154' title='bbox 465 757 641 806; x_wconf 69' lang='lat' dir='ltr'>complecti</span> <span class='ocrx_word' id='word_1_155' title='bbox 659 755 821 805; x_wconf 85' lang='lat' dir='ltr'>possumus</span> <span class='ocrx_word' id='word_1_156' title='bbox 833 784 844 801; x_wconf 92' lang='lat'>‚</span> <span class='ocrx_word' id='word_1_157' title='bbox 868 767 924 791; x_wconf 81' lang='lat' dir='ltr'>aut</span> <span class='ocrx_word' id='word_1_158' title='bbox 943 755 1025 792; x_wconf 86' lang='lat' dir='ltr'>illius</span> <span class='ocrx_word' id='word_1_159' title='bbox 1042 755 1234 794; x_wconf 69' lang='lat' dir='ltr'>affeekiones</span> <span class='ocrx_word' id='word_1_160' title='bbox 1260 762 1294 795; x_wconf 70' lang='grc' dir='ltr'>ὃ(</span> <span class='ocrx_word' id='word_1_161' title='bbox 1312 759 1525 807; x_wconf 78' lang='lat' dir='ltr'>proprietates</span> 
     </span>
     <span class='ocr_line' id='line_1_15' title="bbox 136 803 366 843; baseline 0.022 -5"><span class='ocrx_word' id='word_1_162' title='bbox 136 803 366 843; x_wconf 80' lang='lat' dir='ltr'>demonstrare.</span> 
     </span>
    </p>

    <p class='ocr_par' dir='ltr' id='par_1_4' title="bbox 133 853 1527 1243">
     <span class='ocr_line' id='line_1_16' title="bbox 172 853 1527 906; baseline 0.004 -18"><span class='ocrx_word' id='word_1_163' title='bbox 172 854 392 901; x_wconf 82' lang='lat' dir='ltr'>Confirmatur</span> <span class='ocrx_word' id='word_1_164' title='bbox 409 857 590 892; x_wconf 53' lang='lat' dir='ltr'>2‡.*Omnis</span> <span class='ocrx_word' id='word_1_165' title='bbox 607 853 736 889; x_wconf 85' lang='lat' dir='ltr'>scientia</span> <span class='ocrx_word' id='word_1_166' title='bbox 751 855 795 889; x_wconf 90' lang='lat' dir='ltr'>est</span> <span class='ocrx_word' id='word_1_167' title='bbox 809 867 913 890; x_wconf 84' lang='lat' dir='ltr'>rerum</span> <span class='ocrx_word' id='word_1_168' title='bbox 932 854 1161 891; x_wconf 86' lang='lat' dir='ltr'>universalium</span> <span class='ocrx_word' id='word_1_169' title='bbox 1188 868 1196 891; x_wconf 89' lang='lat'>:</span> <span class='ocrx_word' id='word_1_170' title='bbox 1217 867 1297 891; x_wconf 87' lang='lat' dir='ltr'>nam</span> <span class='ocrx_word' id='word_1_171' title='bbox 1322 868 1372 892; x_wconf 83' lang='lat' dir='ltr'>res</span> <span class='ocrx_word' id='word_1_172' title='bbox 1391 855 1527 906; x_wconf 79' lang='lat' dir='ltr'>lingula-</span> 
     </span>
     <span class='ocr_line' id='line_1_17' title="bbox 136 902 1521 954; baseline 0.002 -17"><span class='ocrx_word' id='word_1_173' title='bbox 136 915 186 937; x_wconf 88' lang='lat' dir='ltr'>res</span> <span class='ocrx_word' id='word_1_174' title='bbox 200 916 275 938; x_wconf 78' lang='lat' dir='ltr'>curn</span> <span class='ocrx_word' id='word_1_175' title='bbox 289 904 352 939; x_wconf 81' lang='lat' dir='ltr'>sint</span> <span class='ocrx_word' id='word_1_176' title='bbox 368 907 483 940; x_wconf 84' lang='lat' dir='ltr'>contin</span> <span class='ocrx_word' id='word_1_177' title='bbox 508 915 599 940; x_wconf 87' lang='lat' dir='ltr'>entes</span> <span class='ocrx_word' id='word_1_178' title='bbox 625 909 659 940; x_wconf 89' lang='lat'>&amp;</span> <span class='ocrx_word' id='word_1_179' title='bbox 681 903 816 938; x_wconf 86' lang='lat' dir='ltr'>infinitae</span> <span class='ocrx_word' id='word_1_180' title='bbox 830 933 839 947; x_wconf 86' lang='lat'>‚</span> <span class='ocrx_word' id='word_1_181' title='bbox 869 902 954 938; x_wconf 65' lang='lat' dir='ltr'>nulla</span> <span class='ocrx_word' id='word_1_182' title='bbox 981 903 1110 940; x_wconf 53' lang='lat' dir='ltr'>scientia</span> <span class='ocrx_word' id='word_1_183' title='bbox 1135 917 1210 939; x_wconf 89' lang='lat' dir='ltr'>com</span> <span class='ocrx_word' id='word_1_184' title='bbox 1236 905 1371 941; x_wconf 89' lang='lat' dir='ltr'>rehendi</span> <span class='ocrx_word' id='word_1_185' title='bbox 1388 906 1521 954; x_wconf 74' lang='lat' dir='ltr'>possunt.</span> 
     </span>
     <span class='ocr_line' id='line_1_18' title="bbox 136 918 1524 1000; baseline 0.002 -12"><span class='ocrx_word' id='word_1_186' title='bbox 136 954 235 1000; x_wconf 80' lang='lat' dir='ltr'>Atqui</span> <span class='ocrx_word' id='word_1_187' title='bbox 249 952 384 988; x_wconf 83' lang='lat' dir='ltr'>scientiae</span> <span class='ocrx_word' id='word_1_188' title='bbox 402 967 470 988; x_wconf 81' lang='lat' dir='ltr'>non</span> <span class='ocrx_word' id='word_1_189' title='bbox 481 918 550 988; x_wconf 60' lang='lat' dir='ltr'>ii&#39;mt</span> <span class='ocrx_word' id='word_1_190' title='bbox 572 951 614 986; x_wconf 92' lang='lat' dir='ltr'>de</span> <span class='ocrx_word' id='word_1_191' title='bbox 627 951 762 987; x_wconf 88' lang='lat' dir='ltr'>vocibus</span> <span class='ocrx_word' id='word_1_192' title='bbox 775 963 831 986; x_wconf 88' lang='lat' dir='ltr'>aut</span> <span class='ocrx_word' id='word_1_193' title='bbox 843 953 941 996; x_wconf 88' lang='lat' dir='ltr'>ideis,</span> <span class='ocrx_word' id='word_1_194' title='bbox 959 964 1037 1000; x_wconf 83' lang='lat' dir='ltr'>quas</span> <span class='ocrx_word' id='word_1_195' title='bbox 1069 965 1163 988; x_wconf 81' lang='lat' dir='ltr'>mens</span> <span class='ocrx_word' id='word_1_196' title='bbox 1182 966 1198 987; x_wconf 88' lang='lat' dir='ltr'>e</span> <span class='ocrx_word' id='word_1_197' title='bbox 1238 956 1279 988; x_wconf 87' lang='lat' dir='ltr'>cit</span> <span class='ocrx_word' id='word_1_198' title='bbox 1293 983 1302 997; x_wconf 90' lang='lat'>‚</span> <span class='ocrx_word' id='word_1_199' title='bbox 1335 953 1389 989; x_wconf 85' lang='lat' dir='ltr'>sed</span> <span class='ocrx_word' id='word_1_200' title='bbox 1416 956 1458 991; x_wconf 92' lang='lat' dir='ltr'>de</span> <span class='ocrx_word' id='word_1_201' title='bbox 1477 969 1524 991; x_wconf 82' lang='lat' dir='ltr'>re-</span> 
     </span>
     <span class='ocr_line' id='line_1_19' title="bbox 136 999 1523 1050; baseline 0.001 -16"><span class='ocrx_word' id='word_1_202' title='bbox 136 999 275 1048; x_wconf 79' lang='lat' dir='ltr'>busiplis</span> <span class='ocrx_word' id='word_1_203' title='bbox 287 1031 296 1045; x_wconf 89' lang='lat'>,</span> <span class='ocrx_word' id='word_1_204' title='bbox 315 1015 450 1048; x_wconf 84' lang='lat' dir='ltr'>quarum</span> <span class='ocrx_word' id='word_1_205' title='bbox 470 1003 682 1050; x_wconf 71' lang='lat' dir='ltr'>proprietates</span> <span class='ocrx_word' id='word_1_206' title='bbox 700 1001 966 1036; x_wconf 80' lang='lat' dir='ltr'>demonstramus,</span> <span class='ocrx_word' id='word_1_207' title='bbox 979 1002 1068 1036; x_wconf 86' lang='lat' dir='ltr'>Cum</span> <span class='ocrx_word' id='word_1_208' title='bbox 1081 1004 1171 1037; x_wconf 86' lang='lat' dir='ltr'>enim</span> <span class='ocrx_word' id='word_1_209' title='bbox 1187 1003 1445 1039; x_wconf 76' lang='lat' dir='ltr'>demonstramus</span> <span class='ocrx_word' id='word_1_210' title='bbox 1459 1016 1523 1039; x_wconf 86' lang='lat' dir='ltr'>ter-</span> 
     </span>
     <span class='ocr_line' id='line_1_20' title="bbox 134 1046 1522 1100; baseline 0.003 -17"><span class='ocrx_word' id='word_1_211' title='bbox 134 1061 203 1083; x_wconf 86' lang='lat' dir='ltr'>ram</span> <span class='ocrx_word' id='word_1_212' title='bbox 222 1049 284 1084; x_wconf 78' lang='lat' dir='ltr'>effe</span> <span class='ocrx_word' id='word_1_213' title='bbox 302 1051 476 1084; x_wconf 73' lang='lat' dir='ltr'>rotundam</span> <span class='ocrx_word' id='word_1_214' title='bbox 491 1079 500 1094; x_wconf 85' lang='lat'>‚</span> <span class='ocrx_word' id='word_1_215' title='bbox 519 1060 575 1084; x_wconf 87' lang='lat' dir='ltr'>aut</span> <span class='ocrx_word' id='word_1_216' title='bbox 592 1047 691 1083; x_wconf 77' lang='lat' dir='ltr'>solem</span> <span class='ocrx_word' id='word_1_217' title='bbox 705 1046 764 1083; x_wconf 77' lang='lat' dir='ltr'>esse</span> <span class='ocrx_word' id='word_1_218' title='bbox 775 1060 859 1082; x_wconf 75' lang='lat' dir='ltr'>terra</span> <span class='ocrx_word' id='word_1_219' title='bbox 880 1053 1039 1097; x_wconf 81' lang='lat' dir='ltr'>majorem</span> <span class='ocrx_word' id='word_1_220' title='bbox 1051 1077 1060 1091; x_wconf 91' lang='lat'><strong><em>‚</em></strong></span> <span class='ocrx_word' id='word_1_221' title='bbox 1080 1060 1217 1092; x_wconf 89' lang='lat' dir='ltr'>vocem,</span> <span class='ocrx_word' id='word_1_222' title='bbox 1245 1062 1301 1084; x_wconf 83' lang='lat' dir='ltr'>aut</span> <span class='ocrx_word' id='word_1_223' title='bbox 1326 1063 1522 1100; x_wconf 89' lang='lat' dir='ltr'>conceptum</span> 
     </span>
     <span class='ocr_line' id='line_1_21' title="bbox 133 1096 1525 1147; baseline 0.002 -14"><span class='ocrx_word' id='word_1_224' title='bbox 133 1099 277 1133; x_wconf 85' lang='lat' dir='ltr'>nostrum</span> <span class='ocrx_word' id='word_1_225' title='bbox 287 1099 464 1135; x_wconf 85' lang='lat' dir='ltr'>rotundum</span> <span class='ocrx_word' id='word_1_226' title='bbox 477 1097 538 1134; x_wconf 79' lang='lat' dir='ltr'>effe</span> <span class='ocrx_word' id='word_1_227' title='bbox 549 1110 617 1133; x_wconf 90' lang='lat' dir='ltr'>non</span> <span class='ocrx_word' id='word_1_228' title='bbox 630 1097 853 1145; x_wconf 74' lang='lat' dir='ltr'>pertendimus</span> <span class='ocrx_word' id='word_1_229' title='bbox 869 1112 877 1133; x_wconf 89' lang='lat'>:</span> <span class='ocrx_word' id='word_1_230' title='bbox 905 1096 959 1131; x_wconf 83' lang='lat' dir='ltr'>sed</span> <span class='ocrx_word' id='word_1_231' title='bbox 971 1099 1011 1132; x_wconf 92' lang='lat' dir='ltr'>de</span> <span class='ocrx_word' id='word_1_232' title='bbox 1024 1110 1058 1131; x_wconf 92' lang='lat' dir='ltr'>re</span> <span class='ocrx_word' id='word_1_233' title='bbox 1069 1097 1136 1145; x_wconf 78' lang='lat' dir='ltr'>ipsa</span> <span class='ocrx_word' id='word_1_234' title='bbox 1150 1126 1158 1139; x_wconf 91' lang='lat'>,</span> <span class='ocrx_word' id='word_1_235' title='bbox 1180 1110 1252 1145; x_wconf 79' lang='lat' dir='ltr'>quae</span> <span class='ocrx_word' id='word_1_236' title='bbox 1267 1112 1325 1147; x_wconf 84' lang='lat' dir='ltr'>per</span> <span class='ocrx_word' id='word_1_237' title='bbox 1349 1113 1465 1136; x_wconf 86' lang='lat' dir='ltr'>vocem</span> <span class='ocrx_word' id='word_1_238' title='bbox 1489 1107 1525 1139; x_wconf 72' lang='grc' dir='ltr'>δε</span> 
     </span>
     <span class='ocr_line' id='line_1_22' title="bbox 133 1147 1522 1198; baseline 0.004 -17"><span class='ocrx_word' id='word_1_239' title='bbox 133 1147 238 1182; x_wconf 81' lang='lat' dir='ltr'>ideam</span> <span class='ocrx_word' id='word_1_240' title='bbox 250 1147 449 1197; x_wconf 84' lang='lat' dir='ltr'>intelligitur,</span> <span class='ocrx_word' id='word_1_241' title='bbox 463 1147 500 1183; x_wconf 82' lang='lat' dir='ltr'>fit</span> <span class='ocrx_word' id='word_1_242' title='bbox 510 1147 751 1182; x_wconf 80' lang='lat' dir='ltr'>demonstratio.</span> <span class='ocrx_word' id='word_1_243' title='bbox 763 1149 846 1195; x_wconf 82' lang='lat' dir='ltr'>Ergo</span> <span class='ocrx_word' id='word_1_244' title='bbox 858 1158 976 1195; x_wconf 85' lang='lat' dir='ltr'>praeter</span> <span class='ocrx_word' id='word_1_245' title='bbox 988 1158 1086 1181; x_wconf 88' lang='lat' dir='ltr'>voces</span> <span class='ocrx_word' id='word_1_246' title='bbox 1097 1158 1151 1181; x_wconf 88' lang='lat' dir='ltr'>aut</span> <span class='ocrx_word' id='word_1_247' title='bbox 1161 1159 1338 1196; x_wconf 85' lang='lat' dir='ltr'>conceptus</span> <span class='ocrx_word' id='word_1_248' title='bbox 1353 1148 1424 1185; x_wconf 90' lang='lat' dir='ltr'>sunt</span> <span class='ocrx_word' id='word_1_249' title='bbox 1434 1163 1522 1198; x_wconf 78' lang='lat' dir='ltr'>quae-</span> 
     </span>
     <span class='ocr_line' id='line_1_23' title="bbox 135 1194 1205 1243; baseline 0.001 -13"><span class='ocrx_word' id='word_1_250' title='bbox 135 1196 212 1231; x_wconf 72' lang='lat' dir='ltr'>dam</span> <span class='ocrx_word' id='word_1_251' title='bbox 230 1209 279 1232; x_wconf 84' lang='lat' dir='ltr'>res</span> <span class='ocrx_word' id='word_1_252' title='bbox 300 1196 497 1233; x_wconf 73' lang='lat' dir='ltr'>universales</span> <span class='ocrx_word' id='word_1_253' title='bbox 510 1227 519 1241; x_wconf 87' lang='lat'><em>‚</em></span> <span class='ocrx_word' id='word_1_254' title='bbox 546 1199 579 1231; x_wconf 90' lang='lat' dir='ltr'>in</span> <span class='ocrx_word' id='word_1_255' title='bbox 596 1196 717 1243; x_wconf 88' lang='lat' dir='ltr'>quibus</span> <span class='ocrx_word' id='word_1_256' title='bbox 733 1194 874 1231; x_wconf 82' lang='lat' dir='ltr'>scientia:</span> <span class='ocrx_word' id='word_1_257' title='bbox 895 1208 1013 1231; x_wconf 89' lang='lat' dir='ltr'>omnes</span> <span class='ocrx_word' id='word_1_258' title='bbox 1031 1195 1205 1232; x_wconf 75' lang='lat' dir='ltr'>versantur.</span> 
     </span>
    </p>

    <p class='ocr_par' dir='ltr' id='par_1_5' title="bbox 131 1244 1523 1637">
     <span class='ocr_line' id='line_1_24' title="bbox 163 1244 1523 1295; baseline -0.001 -14"><span class='ocrx_word' id='word_1_259' title='bbox 163 1254 205 1283; x_wconf 59' lang='lat'>2‘.</span> <span class='ocrx_word' id='word_1_260' title='bbox 224 1246 358 1282; x_wconf 68' lang='lat' dir='ltr'>l&#39;robari</span> <span class='ocrx_word' id='word_1_261' title='bbox 372 1248 477 1295; x_wconf 85' lang='lat' dir='ltr'>potest</span> <span class='ocrx_word' id='word_1_262' title='bbox 493 1244 653 1282; x_wconf 80' lang='lat' dir='ltr'>conclusio</span> <span class='ocrx_word' id='word_1_263' title='bbox 668 1257 707 1279; x_wconf 88' lang='lat' dir='ltr'>ex</span> <span class='ocrx_word' id='word_1_264' title='bbox 722 1244 838 1294; x_wconf 84' lang='lat' dir='ltr'>regulis</span> <span class='ocrx_word' id='word_1_265' title='bbox 852 1257 938 1294; x_wconf 91' lang='lat' dir='ltr'>pene</span> <span class='ocrx_word' id='word_1_266' title='bbox 949 1245 1103 1281; x_wconf 87' lang='lat' dir='ltr'>omnibus</span> <span class='ocrx_word' id='word_1_267' title='bbox 1117 1274 1126 1289; x_wconf 89' lang='lat'>‚</span> <span class='ocrx_word' id='word_1_268' title='bbox 1138 1258 1210 1293; x_wconf 82' lang='lat' dir='ltr'>quae</span> <span class='ocrx_word' id='word_1_269' title='bbox 1227 1246 1395 1282; x_wconf 81' lang='lat' dir='ltr'>traduntur</span> <span class='ocrx_word' id='word_1_270' title='bbox 1411 1250 1445 1284; x_wconf 88' lang='lat' dir='ltr'>in</span> <span class='ocrx_word' id='word_1_271' title='bbox 1458 1252 1523 1284; x_wconf 64' lang='lat' dir='ltr'>Lo„</span> 
     </span>
     <span class='ocr_line' id='line_1_25' title="bbox 132 1292 1522 1344; baseline 0.003 -15"><span class='ocrx_word' id='word_1_272' title='bbox 132 1297 225 1343; x_wconf 75' lang='lat' dir='ltr'>gica,</span> <span class='ocrx_word' id='word_1_273' title='bbox 243 1309 313 1343; x_wconf 70' lang='lat' dir='ltr'>quse</span> <span class='ocrx_word' id='word_1_274' title='bbox 327 1297 367 1330; x_wconf 88' lang='lat' dir='ltr'>de</span> <span class='ocrx_word' id='word_1_275' title='bbox 384 1296 517 1332; x_wconf 89' lang='lat' dir='ltr'>vocibus</span> <span class='ocrx_word' id='word_1_276' title='bbox 538 1295 607 1331; x_wconf 83' lang='lat' dir='ltr'>solis</span> <span class='ocrx_word' id='word_1_277' title='bbox 621 1294 758 1342; x_wconf 78' lang='lat' dir='ltr'>intelligi</span> <span class='ocrx_word' id='word_1_278' title='bbox 781 1308 849 1330; x_wconf 89' lang='lat' dir='ltr'>non</span> <span class='ocrx_word' id='word_1_279' title='bbox 866 1292 992 1344; x_wconf 71' lang='lat' dir='ltr'>possunt</span> <span class='ocrx_word' id='word_1_280' title='bbox 1010 1309 1018 1330; x_wconf 93' lang='lat'><strong>:</strong></span> <span class='ocrx_word' id='word_1_281' title='bbox 1038 1307 1071 1330; x_wconf 92' lang='lat' dir='ltr'>ut</span> <span class='ocrx_word' id='word_1_282' title='bbox 1091 1307 1165 1330; x_wconf 87' lang='lat' dir='ltr'>cum</span> <span class='ocrx_word' id='word_1_283' title='bbox 1180 1297 1311 1331; x_wconf 84' lang='lat' dir='ltr'>docetur</span> <span class='ocrx_word' id='word_1_284' title='bbox 1334 1309 1372 1331; x_wconf 85' lang='lat' dir='ltr'>ex</span> <span class='ocrx_word' id='word_1_285' title='bbox 1389 1310 1522 1333; x_wconf 81' lang='lat' dir='ltr'>antece-</span> 
     </span>
     <span class='ocr_line' id='line_1_26' title="bbox 131 1343 1521 1395; baseline 0.003 -17"><span class='ocrx_word' id='word_1_286' title='bbox 131 1345 240 1381; x_wconf 70' lang='lat' dir='ltr'>dentis</span> <span class='ocrx_word' id='word_1_287' title='bbox 251 1347 420 1382; x_wconf 72' lang='lat' dir='ltr'>existent&#39;a</span> <span class='ocrx_word' id='word_1_288' title='bbox 435 1349 561 1395; x_wconf 82' lang='lat' dir='ltr'>optime</span> <span class='ocrx_word' id='word_1_289' title='bbox 572 1344 722 1380; x_wconf 86' lang='lat' dir='ltr'>concludi</span> <span class='ocrx_word' id='word_1_290' title='bbox 732 1343 958 1391; x_wconf 84' lang='lat' dir='ltr'>consequentis</span> <span class='ocrx_word' id='word_1_291' title='bbox 968 1356 1023 1379; x_wconf 82' lang='lat' dir='ltr'>aut</span> <span class='ocrx_word' id='word_1_292' title='bbox 1040 1343 1230 1381; x_wconf 72' lang='lat' dir='ltr'>universalis</span> <span class='ocrx_word' id='word_1_293' title='bbox 1244 1346 1443 1382; x_wconf 68' lang='lat' dir='ltr'>existentiam</span> <span class='ocrx_word' id='word_1_294' title='bbox 1461 1365 1469 1391; x_wconf 88' lang='lat'>;</span> <span class='ocrx_word' id='word_1_295' title='bbox 1487 1359 1521 1383; x_wconf 87' lang='lat' dir='ltr'>ut</span> 
     </span>
     <span class='ocr_line' id='line_1_27' title="bbox 131 1393 1522 1443; baseline 0.002 -15"><span class='ocrx_word' id='word_1_296' title='bbox 131 1405 170 1428; x_wconf 83' lang='lat' dir='ltr'>ex</span> <span class='ocrx_word' id='word_1_297' title='bbox 182 1407 222 1430; x_wconf 83' lang='lat' dir='ltr'>eo</span> <span class='ocrx_word' id='word_1_298' title='bbox 240 1397 329 1443; x_wconf 90' lang='lat' dir='ltr'>quod</span> <span class='ocrx_word' id='word_1_299' title='bbox 345 1396 437 1431; x_wconf 80' lang='lat' dir='ltr'>Plato</span> <span class='ocrx_word' id='word_1_300' title='bbox 456 1397 565 1431; x_wconf 73' lang='lat' dir='ltr'>existat</span> <span class='ocrx_word' id='word_1_301' title='bbox 577 1425 586 1439; x_wconf 86' lang='lat'>‚</span> <span class='ocrx_word' id='word_1_302' title='bbox 614 1393 753 1442; x_wconf 87' lang='lat' dir='ltr'>sequitur</span> <span class='ocrx_word' id='word_1_303' title='bbox 770 1394 942 1429; x_wconf 82' lang='lat' dir='ltr'>hominem</span> <span class='ocrx_word' id='word_1_304' title='bbox 954 1394 1107 1437; x_wconf 84' lang='lat' dir='ltr'>existere,</span> <span class='ocrx_word' id='word_1_305' title='bbox 1127 1407 1194 1429; x_wconf 84' lang='lat' dir='ltr'>non</span> <span class='ocrx_word' id='word_1_306' title='bbox 1208 1397 1277 1429; x_wconf 80' lang='lat' dir='ltr'>vice</span> <span class='ocrx_word' id='word_1_307' title='bbox 1292 1394 1390 1435; x_wconf 75' lang='lat' dir='ltr'>versa.</span> <span class='ocrx_word' id='word_1_308' title='bbox 1412 1397 1477 1431; x_wconf 85' lang='lat' dir='ltr'>Sed</span> <span class='ocrx_word' id='word_1_309' title='bbox 1489 1398 1522 1431; x_wconf 85' lang='lat' dir='ltr'>id</span> 
     </span>
     <span class='ocr_line' id='line_1_28' title="bbox 132 1442 1521 1492; baseline 0.001 -14"><span class='ocrx_word' id='word_1_310' title='bbox 132 1455 246 1479; x_wconf 86' lang='lat' dir='ltr'>verum</span> <span class='ocrx_word' id='word_1_311' title='bbox 261 1458 329 1480; x_wconf 93' lang='lat' dir='ltr'>non</span> <span class='ocrx_word' id='word_1_312' title='bbox 343 1443 419 1480; x_wconf 77' lang='lat' dir='ltr'>effe-t</span> <span class='ocrx_word' id='word_1_313' title='bbox 439 1474 447 1488; x_wconf 90' lang='lat'>,</span> <span class='ocrx_word' id='word_1_314' title='bbox 477 1444 498 1480; x_wconf 78' lang='lat' dir='ltr'>si</span> <span class='ocrx_word' id='word_1_315' title='bbox 513 1445 738 1490; x_wconf 79' lang='lat' dir='ltr'>consequentis</span> <span class='ocrx_word' id='word_1_316' title='bbox 752 1455 806 1478; x_wconf 82' lang='lat' dir='ltr'>aut</span> <span class='ocrx_word' id='word_1_317' title='bbox 820 1442 1006 1478; x_wconf 68' lang='lat' dir='ltr'>universalis</span> <span class='ocrx_word' id='word_1_318' title='bbox 1031 1445 1167 1479; x_wconf 85' lang='lat' dir='ltr'>nomine</span> <span class='ocrx_word' id='word_1_319' title='bbox 1186 1443 1441 1492; x_wconf 79' lang='lat' dir='ltr'>intelligeremus</span> <span class='ocrx_word' id='word_1_320' title='bbox 1462 1460 1521 1480; x_wconf 79' lang='lat' dir='ltr'>vo-</span> 
     </span>
     <span class='ocr_line' id='line_1_29' title="bbox 132 1490 1519 1541; baseline 0.003 -16"><span class='ocrx_word' id='word_1_321' title='bbox 132 1503 205 1527; x_wconf 87' lang='lat' dir='ltr'>cem</span> <span class='ocrx_word' id='word_1_322' title='bbox 216 1492 315 1541; x_wconf 76' lang='lat' dir='ltr'>ipsam</span> <span class='ocrx_word' id='word_1_323' title='bbox 331 1521 340 1534; x_wconf 87' lang='lat'>‚</span> <span class='ocrx_word' id='word_1_324' title='bbox 358 1505 414 1527; x_wconf 86' lang='lat' dir='ltr'>aut</span> <span class='ocrx_word' id='word_1_325' title='bbox 423 1497 541 1528; x_wconf 86' lang='lat' dir='ltr'>mentis</span> <span class='ocrx_word' id='word_1_326' title='bbox 556 1494 674 1528; x_wconf 79' lang='lat' dir='ltr'>ideam.</span> <span class='ocrx_word' id='word_1_327' title='bbox 692 1494 772 1527; x_wconf 88' lang='lat' dir='ltr'>Non</span> <span class='ocrx_word' id='word_1_328' title='bbox 790 1494 878 1526; x_wconf 89' lang='lat' dir='ltr'>enim</span> <span class='ocrx_word' id='word_1_329' title='bbox 900 1490 990 1525; x_wconf 83' lang='lat' dir='ltr'>bene</span> <span class='ocrx_word' id='word_1_330' title='bbox 1002 1491 1204 1526; x_wconf 85' lang='lat' dir='ltr'>concluditur</span> <span class='ocrx_word' id='word_1_331' title='bbox 1220 1520 1229 1533; x_wconf 91' lang='lat'>,</span> <span class='ocrx_word' id='word_1_332' title='bbox 1250 1493 1362 1534; x_wconf 77' lang='lat' dir='ltr'>Plato,</span> <span class='ocrx_word' id='word_1_333' title='bbox 1383 1506 1439 1528; x_wconf 86' lang='lat' dir='ltr'>aut</span> <span class='ocrx_word' id='word_1_334' title='bbox 1458 1498 1519 1529; x_wconf 90' lang='lat' dir='ltr'>So-</span> 
     </span>
     <span class='ocr_line' id='line_1_30' title="bbox 133 1539 1519 1589; baseline 0.004 -16"><span class='ocrx_word' id='word_1_335' title='bbox 133 1552 235 1577; x_wconf 78' lang='lat' dir='ltr'>crates</span> <span class='ocrx_word' id='word_1_336' title='bbox 249 1543 368 1577; x_wconf 83' lang='lat' dir='ltr'>existit:</span> <span class='ocrx_word' id='word_1_337' title='bbox 383 1554 460 1589; x_wconf 69' lang='lat' dir='ltr'>ergo</span> <span class='ocrx_word' id='word_1_338' title='bbox 473 1555 537 1576; x_wconf 80' lang='lat' dir='ltr'>vox</span> <span class='ocrx_word' id='word_1_339' title='bbox 549 1541 642 1583; x_wconf 66' lang='lat' dir='ltr'>illius,</span> <span class='ocrx_word' id='word_1_340' title='bbox 652 1551 707 1574; x_wconf 75' lang='lat' dir='ltr'>aut</span> <span class='ocrx_word' id='word_1_341' title='bbox 721 1541 814 1574; x_wconf 89' lang='lat' dir='ltr'>notio</span> <span class='ocrx_word' id='word_1_342' title='bbox 832 1539 942 1575; x_wconf 90' lang='lat' dir='ltr'>existit.</span> <span class='ocrx_word' id='word_1_343' title='bbox 965 1541 1064 1587; x_wconf 83' lang='lat' dir='ltr'>Igitur</span> <span class='ocrx_word' id='word_1_344' title='bbox 1083 1539 1266 1576; x_wconf 69' lang='lat' dir='ltr'>universalis</span> <span class='ocrx_word' id='word_1_345' title='bbox 1284 1543 1420 1576; x_wconf 85' lang='lat' dir='ltr'>nomine</span> <span class='ocrx_word' id='word_1_346' title='bbox 1432 1543 1519 1578; x_wconf 77' lang='lat' dir='ltr'>aliud</span> 
     </span>
     <span class='ocr_line' id='line_1_31' title="bbox 132 1589 1079 1637; baseline -0.001 -14"><span class='ocrx_word' id='word_1_347' title='bbox 132 1589 509 1636; x_wconf 54' lang='lat' dir='ltr'>quiddamintelligimus</span> <span class='ocrx_word' id='word_1_348' title='bbox 525 1619 534 1632; x_wconf 89' lang='lat'>‚</span> <span class='ocrx_word' id='word_1_349' title='bbox 556 1590 657 1637; x_wconf 64' lang='lat' dir='ltr'>quam</span> <span class='ocrx_word' id='word_1_350' title='bbox 675 1600 771 1622; x_wconf 87' lang='lat' dir='ltr'>voces</span> <span class='ocrx_word' id='word_1_351' title='bbox 784 1617 792 1630; x_wconf 89' lang='lat'>,</span> <span class='ocrx_word' id='word_1_352' title='bbox 811 1599 866 1622; x_wconf 87' lang='lat' dir='ltr'>aut</span> <span class='ocrx_word' id='word_1_353' title='bbox 889 1599 1079 1635; x_wconf 77' lang='lat' dir='ltr'>conceptuS.</span> 
     </span>
    </p>

    <p class='ocr_par' dir='ltr' id='par_1_6' title="bbox 130 1635 1520 1834">
     <span class='ocr_line' id='line_1_32' title="bbox 164 1635 1520 1684; baseline 0.001 -14"><span class='ocrx_word' id='word_1_354' title='bbox 164 1639 357 1683; x_wconf 61' lang='lat' dir='ltr'>Respondent</span> <span class='ocrx_word' id='word_1_355' title='bbox 379 1636 592 1681; x_wconf 73' lang='lat' dir='ltr'>Noiiiiiiale3‚</span> <span class='ocrx_word' id='word_1_356' title='bbox 617 1650 712 1672; x_wconf 78' lang='lat' dir='ltr'>voces</span> <span class='ocrx_word' id='word_1_357' title='bbox 726 1665 735 1679; x_wconf 92' lang='lat'>‚</span> <span class='ocrx_word' id='word_1_358' title='bbox 757 1635 809 1671; x_wconf 80' lang='lat' dir='ltr'>seu</span> <span class='ocrx_word' id='word_1_359' title='bbox 820 1638 975 1671; x_wconf 87' lang='lat' dir='ltr'>terminos</span> <span class='ocrx_word' id='word_1_360' title='bbox 999 1637 1163 1684; x_wconf 71' lang='lat' dir='ltr'>praedicari</span> <span class='ocrx_word' id='word_1_361' title='bbox 1182 1636 1224 1670; x_wconf 89' lang='lat' dir='ltr'>de</span> <span class='ocrx_word' id='word_1_362' title='bbox 1240 1637 1372 1682; x_wconf 85' lang='lat' dir='ltr'>multis,</span> <span class='ocrx_word' id='word_1_363' title='bbox 1400 1644 1434 1675; x_wconf 67' lang='grc' dir='ltr'>ὅ(</span> <span class='ocrx_word' id='word_1_364' title='bbox 1457 1639 1520 1676; x_wconf 79' lang='lat' dir='ltr'>effe</span> 
     </span>
     <span class='ocr_line' id='line_1_33' title="bbox 130 1684 1520 1735; baseline 0.002 -14"><span class='ocrx_word' id='word_1_365' title='bbox 130 1685 260 1734; x_wconf 63' lang='lat' dir='ltr'>objecta</span> <span class='ocrx_word' id='word_1_366' title='bbox 274 1685 476 1722; x_wconf 77' lang='lat' dir='ltr'>scientiarum</span> <span class='ocrx_word' id='word_1_367' title='bbox 492 1717 501 1731; x_wconf 87' lang='lat'>,</span> <span class='ocrx_word' id='word_1_368' title='bbox 523 1699 679 1735; x_wconf 62' lang='lat' dir='ltr'>quertenus</span> <span class='ocrx_word' id='word_1_369' title='bbox 701 1685 884 1734; x_wconf 82' lang='lat' dir='ltr'>supponunt</span> <span class='ocrx_word' id='word_1_370' title='bbox 910 1685 1090 1721; x_wconf 65' lang='lat' dir='ltr'>formaliter</span> <span class='ocrx_word' id='word_1_371' title='bbox 1117 1697 1177 1733; x_wconf 83' lang='lat' dir='ltr'>pro</span> <span class='ocrx_word' id='word_1_372' title='bbox 1204 1684 1297 1720; x_wconf 86' lang='lat' dir='ltr'>rebus</span> <span class='ocrx_word' id='word_1_373' title='bbox 1317 1685 1520 1735; x_wconf 78' lang='lat' dir='ltr'>fignificatis,</span> 
     </span>
     <span class='ocr_line' id='line_1_34' title="bbox 133 1734 1520 1787; baseline 0.001 -16"><span class='ocrx_word' id='word_1_374' title='bbox 133 1749 201 1772; x_wconf 87' lang='lat' dir='ltr'>non</span> <span class='ocrx_word' id='word_1_375' title='bbox 210 1749 366 1784; x_wconf 70' lang='lat' dir='ltr'>qua-tenus</span> <span class='ocrx_word' id='word_1_376' title='bbox 380 1735 547 1772; x_wconf 86' lang='lat' dir='ltr'>sumuntur</span> <span class='ocrx_word' id='word_1_377' title='bbox 557 1736 766 1771; x_wconf 75' lang='lat' dir='ltr'>materialiter</span> <span class='ocrx_word' id='word_1_378' title='bbox 793 1747 852 1784; x_wconf 88' lang='lat' dir='ltr'>pro</span> <span class='ocrx_word' id='word_1_379' title='bbox 872 1734 919 1770; x_wconf 83' lang='lat' dir='ltr'>his</span> <span class='ocrx_word' id='word_1_380' title='bbox 940 1734 1089 1771; x_wconf 87' lang='lat' dir='ltr'>vocibus.</span> <span class='ocrx_word' id='word_1_381' title='bbox 1113 1735 1177 1770; x_wconf 89' lang='lat' dir='ltr'>Sed</span> <span class='ocrx_word' id='word_1_382' title='bbox 1204 1747 1328 1772; x_wconf 83' lang='lat' dir='ltr'>contra.</span> <span class='ocrx_word' id='word_1_383' title='bbox 1347 1739 1431 1787; x_wconf 86' lang='lat' dir='ltr'>Ergo</span> <span class='ocrx_word' id='word_1_384' title='bbox 1450 1752 1520 1775; x_wconf 89' lang='lat' dir='ltr'>non</span> 
     </span>
     <span class='ocr_line' id='line_1_35' title="bbox 133 1783 1493 1834; baseline 0.003 -15"><span class='ocrx_word' id='word_1_385' title='bbox 133 1798 230 1820; x_wconf 84' lang='lat' dir='ltr'>voces</span> <span class='ocrx_word' id='word_1_386' title='bbox 243 1797 300 1820; x_wconf 77' lang='lat' dir='ltr'>aut</span> <span class='ocrx_word' id='word_1_387' title='bbox 317 1798 495 1834; x_wconf 81' lang='lat' dir='ltr'>conceptus</span> <span class='ocrx_word' id='word_1_388' title='bbox 514 1816 524 1831; x_wconf 85' lang='lat'>‚</span> <span class='ocrx_word' id='word_1_389' title='bbox 542 1786 593 1822; x_wconf 83' lang='lat' dir='ltr'>sed</span> <span class='ocrx_word' id='word_1_390' title='bbox 611 1798 660 1820; x_wconf 89' lang='lat' dir='ltr'>res</span> <span class='ocrx_word' id='word_1_391' title='bbox 679 1785 752 1834; x_wconf 81' lang='lat' dir='ltr'>ipsae</span> <span class='ocrx_word' id='word_1_392' title='bbox 766 1797 844 1832; x_wconf 79' lang='lat' dir='ltr'>quas</span> <span class='ocrx_word' id='word_1_393' title='bbox 861 1797 958 1819; x_wconf 84' lang='lat' dir='ltr'>voces</span> <span class='ocrx_word' id='word_1_394' title='bbox 976 1783 1175 1834; x_wconf 80' lang='lat' dir='ltr'>significant,</span> <span class='ocrx_word' id='word_1_395' title='bbox 1201 1783 1271 1820; x_wconf 89' lang='lat' dir='ltr'>sunt</span> <span class='ocrx_word' id='word_1_396' title='bbox 1290 1785 1493 1824; x_wconf 79' lang='lat' dir='ltr'>universales,</span> 
     </span>
    </p>

    <p class='ocr_par' dir='ltr' id='par_1_7' title="bbox 628 1833 1025 1877">
     <span class='ocr_line' id='line_1_36' title="bbox 628 1833 1025 1877; baseline 0 -9"><span class='ocrx_word' id='word_1_397' title='bbox 628 1836 808 1869; x_wconf 72' lang='lat' dir='ltr'>Solvuntur</span> <span class='ocrx_word' id='word_1_398' title='bbox 831 1833 1025 1877; x_wconf 68' lang='lat' dir='ltr'>objefflones.</span> 
     </span>
    </p>

    <p class='ocr_par' dir='ltr' id='par_1_8' title="bbox 131 1881 1519 2130">
     <span class='ocr_line' id='line_1_37' title="bbox 151 1881 1518 1932; baseline 0.001 -12"><span class='ocrx_word' id='word_1_399' title='bbox 151 1885 232 1932; x_wconf 77' lang='lat' dir='ltr'>Qio</span> <span class='ocrx_word' id='word_1_400' title='bbox 243 1897 353 1920; x_wconf 76' lang='lat' dir='ltr'>autem</span> <span class='ocrx_word' id='word_1_401' title='bbox 369 1883 604 1932; x_wconf 79' lang='lat' dir='ltr'>omnibus,quae</span> <span class='ocrx_word' id='word_1_402' title='bbox 620 1896 732 1919; x_wconf 79' lang='lat' dir='ltr'>contra</span> <span class='ocrx_word' id='word_1_403' title='bbox 742 1881 1313 1932; x_wconf 76' lang='lat' dir='ltr'>affetuntur,respondeas,meminiffe</span> <span class='ocrx_word' id='word_1_404' title='bbox 1323 1896 1455 1932; x_wconf 87' lang='lat' dir='ltr'>oportet</span> <span class='ocrx_word' id='word_1_405' title='bbox 1464 1899 1518 1921; x_wconf 82' lang='lat' dir='ltr'>no-</span> 
     </span>
     <span class='ocr_line' id='line_1_38' title="bbox 133 1931 1519 1981; baseline 0.002 -14"><span class='ocrx_word' id='word_1_406' title='bbox 133 1935 240 1969; x_wconf 86' lang='lat' dir='ltr'>tiones</span> <span class='ocrx_word' id='word_1_407' title='bbox 253 1934 386 1978; x_wconf 85' lang='lat' dir='ltr'>nostras,</span> <span class='ocrx_word' id='word_1_408' title='bbox 398 1946 453 1969; x_wconf 82' lang='lat' dir='ltr'>aut</span> <span class='ocrx_word' id='word_1_409' title='bbox 471 1945 648 1981; x_wconf 87' lang='lat' dir='ltr'>conceptus</span> <span class='ocrx_word' id='word_1_410' title='bbox 660 1932 843 1979; x_wconf 31' lang='lat' dir='ltr'>ob-effivos</span> <span class='ocrx_word' id='word_1_411' title='bbox 857 1931 917 1967; x_wconf 78' lang='lat' dir='ltr'>else</span> <span class='ocrx_word' id='word_1_412' title='bbox 927 1931 1120 1968; x_wconf 74' lang='lat' dir='ltr'>universales</span> <span class='ocrx_word' id='word_1_413' title='bbox 1135 1944 1349 1975; x_wconf 74' lang='lat' dir='ltr'>natura5,non</span> <span class='ocrx_word' id='word_1_414' title='bbox 1364 1933 1519 1970; x_wconf 83' lang='lat' dir='ltr'>formales</span> 
     </span>
     <span class='ocr_line' id='line_1_39' title="bbox 132 1981 1517 2032; baseline -0.001 -16"><span class='ocrx_word' id='word_1_415' title='bbox 132 1995 319 2032; x_wconf 86' lang='lat' dir='ltr'>conceptus,</span> <span class='ocrx_word' id='word_1_416' title='bbox 332 1994 387 2018; x_wconf 78' lang='lat' dir='ltr'>aut</span> <span class='ocrx_word' id='word_1_417' title='bbox 406 1986 525 2019; x_wconf 87' lang='lat' dir='ltr'>mentis</span> <span class='ocrx_word' id='word_1_418' title='bbox 534 1984 690 2020; x_wconf 64' lang='lat' dir='ltr'>actiones.</span> <span class='ocrx_word' id='word_1_419' title='bbox 700 1985 827 2019; x_wconf 70' lang='lat' dir='ltr'>Natura</span> <span class='ocrx_word' id='word_1_420' title='bbox 840 1981 995 2024; x_wconf 79' lang='lat' dir='ltr'>humana,</span> <span class='ocrx_word' id='word_1_421' title='bbox 1005 1993 1041 2016; x_wconf 88' lang='lat' dir='ltr'>ut</span> <span class='ocrx_word' id='word_1_422' title='bbox 1057 1981 1077 2017; x_wconf 72' lang='grc' dir='ltr'>ἐι</span> <span class='ocrx_word' id='word_1_423' title='bbox 1092 1982 1188 2017; x_wconf 83' lang='lat' dir='ltr'>nobis</span> <span class='ocrx_word' id='word_1_424' title='bbox 1202 1983 1392 2029; x_wconf 84' lang='lat' dir='ltr'>concipitur,</span> <span class='ocrx_word' id='word_1_425' title='bbox 1407 1986 1517 2032; x_wconf 82' lang='lat' dir='ltr'>praeci-</span> 
     </span>
     <span class='ocr_line' id='line_1_40' title="bbox 131 2029 1517 2077; baseline 0.001 -11"><span class='ocrx_word' id='word_1_426' title='bbox 131 2029 168 2065; x_wconf 83' lang='lat' dir='ltr'>fis</span> <span class='ocrx_word' id='word_1_427' title='bbox 181 2032 372 2077; x_wconf 75' lang='lat' dir='ltr'>individuis,</span> <span class='ocrx_word' id='word_1_428' title='bbox 398 2033 428 2067; x_wconf 90' lang='lat' dir='ltr'>id</span> <span class='ocrx_word' id='word_1_429' title='bbox 444 2034 507 2076; x_wconf 80' lang='lat' dir='ltr'>est,</span> <span class='ocrx_word' id='word_1_430' title='bbox 535 2031 705 2068; x_wconf 88' lang='lat' dir='ltr'>secundum</span> <span class='ocrx_word' id='word_1_431' title='bbox 723 2032 752 2066; x_wconf 85' lang='lat' dir='ltr'>se</span> <span class='ocrx_word' id='word_1_432' title='bbox 766 2062 774 2076; x_wconf 91' lang='lat'><em>‚</em></span> <span class='ocrx_word' id='word_1_433' title='bbox 793 2045 861 2066; x_wconf 93' lang='lat' dir='ltr'>non</span> <span class='ocrx_word' id='word_1_434' title='bbox 877 2043 913 2065; x_wconf 91' lang='lat' dir='ltr'>ut</span> <span class='ocrx_word' id='word_1_435' title='bbox 934 2031 978 2066; x_wconf 81' lang='lat' dir='ltr'>est</span> <span class='ocrx_word' id='word_1_436' title='bbox 993 2031 1121 2067; x_wconf 52' lang='lat' dir='ltr'>addicta</span> <span class='ocrx_word' id='word_1_437' title='bbox 1145 2031 1237 2074; x_wconf 86' lang='lat' dir='ltr'>huie,</span> <span class='ocrx_word' id='word_1_438' title='bbox 1258 2031 1308 2066; x_wconf 87' lang='lat' dir='ltr'>vel</span> <span class='ocrx_word' id='word_1_439' title='bbox 1333 2031 1381 2067; x_wconf 83' lang='lat' dir='ltr'>illi</span> <span class='ocrx_word' id='word_1_440' title='bbox 1400 2034 1517 2068; x_wconf 83' lang='lat' dir='ltr'>indivi-</span> 
     </span>
     <span class='ocr_line' id='line_1_41' title="bbox 132 2080 1173 2130; baseline 0.003 -16"><span class='ocrx_word' id='word_1_441' title='bbox 132 2080 216 2125; x_wconf 91' lang='lat' dir='ltr'>duo,</span> <span class='ocrx_word' id='word_1_442' title='bbox 228 2082 344 2118; x_wconf 79' lang='lat' dir='ltr'>dicitur</span> <span class='ocrx_word' id='word_1_443' title='bbox 357 2082 544 2118; x_wconf 85' lang='lat' dir='ltr'>universalis</span> <span class='ocrx_word' id='word_1_444' title='bbox 559 2096 565 2116; x_wconf 89' lang='lat'><strong>:</strong></span> <span class='ocrx_word' id='word_1_445' title='bbox 582 2084 613 2115; x_wconf 90' lang='lat' dir='ltr'>in</span> <span class='ocrx_word' id='word_1_446' title='bbox 629 2083 797 2117; x_wconf 78' lang='lat' dir='ltr'>individuo</span> <span class='ocrx_word' id='word_1_447' title='bbox 811 2092 922 2117; x_wconf 83' lang='lat' dir='ltr'>autem</span> <span class='ocrx_word' id='word_1_448' title='bbox 945 2080 981 2116; x_wconf 81' lang='lat' dir='ltr'>fit</span> <span class='ocrx_word' id='word_1_449' title='bbox 1000 2080 1173 2130; x_wconf 73' lang='lat' dir='ltr'>singularis,</span> 
     </span>
    </p>

    <p class='ocr_par' dir='ltr' id='par_1_9' title="bbox 131 2130 1518 2216">
     <span class='ocr_line' id='line_1_42' title="bbox 164 2130 1518 2180; baseline -0.001 -13"><span class='ocrx_word' id='word_1_450' title='bbox 164 2131 306 2180; x_wconf 76' lang='lat' dir='ltr'>Opp-ro.</span> <span class='ocrx_word' id='word_1_451' title='bbox 323 2131 492 2180; x_wconf 67' lang='lat' dir='ltr'>Qidquid</span> <span class='ocrx_word' id='word_1_452' title='bbox 503 2132 621 2175; x_wconf 85' lang='lat' dir='ltr'>existit,</span> <span class='ocrx_word' id='word_1_453' title='bbox 636 2143 688 2166; x_wconf 84' lang='lat' dir='ltr'>aut</span> <span class='ocrx_word' id='word_1_454' title='bbox 709 2131 916 2179; x_wconf 82' lang='lat' dir='ltr'>producitur,</span> <span class='ocrx_word' id='word_1_455' title='bbox 936 2131 978 2166; x_wconf 87' lang='lat' dir='ltr'>est</span> <span class='ocrx_word' id='word_1_456' title='bbox 1006 2130 1161 2180; x_wconf 72' lang='lat' dir='ltr'>fingulare</span> <span class='ocrx_word' id='word_1_457' title='bbox 1185 2143 1192 2164; x_wconf 72' lang='grc' dir='ltr'>ι</span> <span class='ocrx_word' id='word_1_458' title='bbox 1218 2132 1301 2178; x_wconf 80' lang='lat' dir='ltr'>Ergo</span> <span class='ocrx_word' id='word_1_459' title='bbox 1331 2130 1457 2166; x_wconf 89' lang='lat' dir='ltr'>nullum</span> <span class='ocrx_word' id='word_1_460' title='bbox 1475 2132 1518 2166; x_wconf 88' lang='lat' dir='ltr'>est</span> 
     </span>
     <span class='ocr_line' id='line_1_43' title="bbox 131 2173 321 2216; baseline 0.011 -2"><span class='ocrx_word' id='word_1_461' title='bbox 131 2173 321 2216; x_wconf 74' lang='lat' dir='ltr'>universale-</span> 
     </span>
    </p>

    <p class='ocr_par' dir='ltr' id='par_1_10' title="bbox 132 2227 1521 2467">
     <span class='ocr_line' id='line_1_44' title="bbox 162 2227 1521 2278; baseline -0.004 -11"><span class='ocrx_word' id='word_1_462' title='bbox 162 2231 258 2278; x_wconf 58' lang='grc' dir='ltr'>Κεφ.</span> <span class='ocrx_word' id='word_1_463' title='bbox 275 2231 355 2266; x_wconf 80' lang='lat' dir='ltr'>Dist.</span> <span class='ocrx_word' id='word_1_464' title='bbox 370 2242 435 2266; x_wconf 84' lang='lat' dir='ltr'>ant.</span> <span class='ocrx_word' id='word_1_465' title='bbox 451 2230 623 2278; x_wconf 79' lang='lat' dir='ltr'>Qidquid</span> <span class='ocrx_word' id='word_1_466' title='bbox 643 2230 745 2265; x_wconf 79' lang='lat' dir='ltr'>existit</span> <span class='ocrx_word' id='word_1_467' title='bbox 759 2258 768 2272; x_wconf 87' lang='lat'>‚</span> <span class='ocrx_word' id='word_1_468' title='bbox 789 2228 843 2263; x_wconf 83' lang='lat' dir='ltr'>vel</span> <span class='ocrx_word' id='word_1_469' title='bbox 867 2230 1054 2277; x_wconf 73' lang='lat' dir='ltr'>prodruirur</span> <span class='ocrx_word' id='word_1_470' title='bbox 1069 2228 1167 2278; x_wconf 77' lang='lat' dir='ltr'>perse</span> <span class='ocrx_word' id='word_1_471' title='bbox 1178 2259 1187 2272; x_wconf 90' lang='lat'>,</span> <span class='ocrx_word' id='word_1_472' title='bbox 1207 2241 1262 2264; x_wconf 87' lang='lat' dir='ltr'>aut</span> <span class='ocrx_word' id='word_1_473' title='bbox 1280 2228 1451 2264; x_wconf 69' lang='lat' dir='ltr'>secundum</span> <span class='ocrx_word' id='word_1_474' title='bbox 1465 2227 1496 2262; x_wconf 88' lang='lat' dir='ltr'>se</span> <span class='ocrx_word' id='word_1_475' title='bbox 1511 2258 1521 2271; x_wconf 71' lang='lat'>‚</span> 
     </span>
     <span class='ocr_line' id='line_1_45' title="bbox 134 2275 1520 2327; baseline 0.001 -17"><span class='ocrx_word' id='word_1_476' title='bbox 134 2276 177 2310; x_wconf 82' lang='lat' dir='ltr'>est</span> <span class='ocrx_word' id='word_1_477' title='bbox 187 2275 340 2326; x_wconf 74' lang='lat' dir='ltr'>singulare</span> <span class='ocrx_word' id='word_1_478' title='bbox 354 2308 363 2322; x_wconf 83' lang='lat'>,</span> <span class='ocrx_word' id='word_1_479' title='bbox 379 2280 416 2314; x_wconf 91' lang='lat' dir='ltr'>C.</span> <span class='ocrx_word' id='word_1_480' title='bbox 431 2279 602 2327; x_wconf 80' lang='lat' dir='ltr'>Qidquid</span> <span class='ocrx_word' id='word_1_481' title='bbox 620 2280 727 2314; x_wconf 86' lang='lat' dir='ltr'>existit</span> <span class='ocrx_word' id='word_1_482' title='bbox 744 2307 752 2322; x_wconf 83' lang='lat'>,</span> <span class='ocrx_word' id='word_1_483' title='bbox 766 2290 822 2312; x_wconf 79' lang='lat' dir='ltr'>aut</span> <span class='ocrx_word' id='word_1_484' title='bbox 837 2279 1024 2326; x_wconf 85' lang='lat' dir='ltr'>producitur</span> <span class='ocrx_word' id='word_1_485' title='bbox 1042 2291 1098 2327; x_wconf 87' lang='lat' dir='ltr'>per</span> <span class='ocrx_word' id='word_1_486' title='bbox 1115 2277 1198 2313; x_wconf 76' lang='lat' dir='ltr'>aliud</span> <span class='ocrx_word' id='word_1_487' title='bbox 1213 2308 1221 2322; x_wconf 84' lang='lat'>,</span> <span class='ocrx_word' id='word_1_488' title='bbox 1250 2290 1306 2313; x_wconf 81' lang='lat' dir='ltr'>aut</span> <span class='ocrx_word' id='word_1_489' title='bbox 1326 2281 1359 2314; x_wconf 89' lang='lat' dir='ltr'>in</span> <span class='ocrx_word' id='word_1_490' title='bbox 1375 2277 1459 2321; x_wconf 87' lang='lat' dir='ltr'>alio,</span> <span class='ocrx_word' id='word_1_491' title='bbox 1477 2279 1520 2312; x_wconf 86' lang='lat' dir='ltr'>est</span> 
     </span>
     <span class='ocr_line' id='line_1_46' title="bbox 132 2324 1519 2376; baseline 0.001 -18"><span class='ocrx_word' id='word_1_492' title='bbox 132 2324 286 2374; x_wconf 81' lang='lat' dir='ltr'>singulare</span> <span class='ocrx_word' id='word_1_493' title='bbox 300 2357 309 2370; x_wconf 82' lang='grc'>,</span> <span class='ocrx_word' id='word_1_494' title='bbox 321 2331 366 2365; x_wconf 88' lang='grc' dir='ltr'>Ν.</span> <span class='ocrx_word' id='word_1_495' title='bbox 379 2332 492 2376; x_wconf 63' lang='lat' dir='ltr'>Itaque</span> <span class='ocrx_word' id='word_1_496' title='bbox 510 2340 624 2363; x_wconf 75' lang='lat' dir='ltr'>natura</span> <span class='ocrx_word' id='word_1_497' title='bbox 638 2326 824 2363; x_wconf 78' lang='lat' dir='ltr'>universalis</span> <span class='ocrx_word' id='word_1_498' title='bbox 837 2358 844 2371; x_wconf 88' lang='lat'>‚</span> <span class='ocrx_word' id='word_1_499' title='bbox 864 2339 918 2363; x_wconf 75' lang='lat' dir='ltr'>aut</span> <span class='ocrx_word' id='word_1_500' title='bbox 932 2339 1040 2363; x_wconf 77' lang='lat' dir='ltr'>natura</span> <span class='ocrx_word' id='word_1_501' title='bbox 1055 2328 1193 2361; x_wconf 72' lang='lat' dir='ltr'>humana</span> <span class='ocrx_word' id='word_1_502' title='bbox 1215 2357 1223 2370; x_wconf 68' lang='lat'><strong>‚</strong></span> <span class='ocrx_word' id='word_1_503' title='bbox 1242 2327 1294 2362; x_wconf 81' lang='lat' dir='ltr'>vel</span> <span class='ocrx_word' id='word_1_504' title='bbox 1309 2329 1392 2362; x_wconf 81' lang='lat' dir='ltr'>ratio</span> <span class='ocrx_word' id='word_1_505' title='bbox 1407 2327 1519 2361; x_wconf 84' lang='lat' dir='ltr'>circuli</span> 
     </span>
     <span class='ocr_line' id='line_1_47' title="bbox 132 2374 1520 2428; baseline 0.001 -20"><span class='ocrx_word' id='word_1_506' title='bbox 132 2374 306 2410; x_wconf 86' lang='lat' dir='ltr'>secundum</span> <span class='ocrx_word' id='word_1_507' title='bbox 326 2377 354 2411; x_wconf 89' lang='lat' dir='ltr'>se</span> <span class='ocrx_word' id='word_1_508' title='bbox 366 2391 430 2412; x_wconf 91' lang='lat' dir='ltr'>non</span> <span class='ocrx_word' id='word_1_509' title='bbox 447 2379 570 2422; x_wconf 80' lang='lat' dir='ltr'>existit,</span> <span class='ocrx_word' id='word_1_510' title='bbox 582 2390 635 2413; x_wconf 80' lang='lat' dir='ltr'>aut</span> <span class='ocrx_word' id='word_1_511' title='bbox 649 2377 837 2428; x_wconf 84' lang='lat' dir='ltr'>producitur</span> <span class='ocrx_word' id='word_1_512' title='bbox 853 2390 978 2424; x_wconf 87' lang='lat' dir='ltr'>‚neque</span> <span class='ocrx_word' id='word_1_513' title='bbox 996 2377 1037 2411; x_wconf 87' lang='lat' dir='ltr'>est</span> <span class='ocrx_word' id='word_1_514' title='bbox 1055 2375 1287 2425; x_wconf 63' lang='lat' dir='ltr'>lingulari511‘ed</span> <span class='ocrx_word' id='word_1_515' title='bbox 1303 2377 1447 2412; x_wconf 85' lang='lat' dir='ltr'>existitin</span> <span class='ocrx_word' id='word_1_516' title='bbox 1458 2379 1520 2412; x_wconf 84' lang='lat' dir='ltr'>Pe-</span> 
     </span>
     <span class='ocr_line' id='line_1_48' title="bbox 134 2425 553 2467; baseline 0.01 -9"><span class='ocrx_word' id='word_1_517' title='bbox 134 2436 183 2459; x_wconf 89' lang='lat' dir='ltr'>tro</span> <span class='ocrx_word' id='word_1_518' title='bbox 195 2453 204 2467; x_wconf 95' lang='lat'>‚</span> <span class='ocrx_word' id='word_1_519' title='bbox 223 2425 276 2460; x_wconf 83' lang='lat' dir='ltr'>vel</span> <span class='ocrx_word' id='word_1_520' title='bbox 295 2428 329 2461; x_wconf 91' lang='lat' dir='ltr'>in</span> <span class='ocrx_word' id='word_1_521' title='bbox 344 2426 406 2460; x_wconf 87' lang='lat' dir='ltr'>hoc</span> <span class='ocrx_word' id='word_1_522' title='bbox 422 2426 553 2463; x_wconf 85' lang='lat' dir='ltr'>circulo.</span> 
     </span>
    </p>
   </div>
  </div>
 </body>
</html>
