1857 2745
317 141 356 173 14
678 127 1290 167 INSTITUTIONES

314 179 357 212 est
368 187 499 226 praerer,
510 188 566 210 aut
578 174 647 211 aliae
659 175 774 211 similes
789 190 859 225 qux
876 177 1057 226 subjeetum
1075 181 1242 228 excipiunt
1260 179 1281 214 ὲ.
1298 181 1530 214 communione
1547 181 1699 228 praedica.·

314 230 338 261 ti
353 238 405 270 3ut
420 225 440 260 fi
451 228 537 259 dicas
555 225 775 268 ,elementum
790 226 964 269 quodlibet
974 229 1174 278 perspicuum
1192 229 1234 263 est
1243 241 1354 276 praeter
1367 240 1483 264 terram
1503 246 1512 273 ·,
1529 241 1568 264 eo
1585 231 1703 264 recxdit

313 276 377 311 haec
389 273 564 323 propositio
576 303 584 313 ,
597 287 679 309 terra
692 289 759 310 non
775 277 818 310 est
833 275 997 325 perspicua
1010 307 1019 322 ‚
1033 278 1096 313 alia
1106 277 1186 313 vero
1200 281 1259 313 tna
1273 278 1436 313 elementa
1452 278 1522 313 sunt
1535 279 1699 327 diaphana

346 324 466 360 Eadem
482 325 524 358 cll·
536 327 620 359 ratio
641 323 869 374 propositionis
891 330 1084 375 exceptivae,
1099 342 1168 377 quae
1182 326 1345 363 exclufivae
1356 358 1366 371 ,
1383 333 1417 365 ὃς
1440 329 1558 363 eodem
1576 327 1701 377 prorsus

312 374 414 409 modo
435 373 618 410 refellitur:
634 377 701 409 imo
720 376 838 410 eodem
851 374 920 410 fere
938 378 1085 413 recidunt
1105 379 1151 413 hx
1165 376 1410 425 propositiones.

350 424 405 456 Sic
417 422 471 458 illa
483 453 491 467 ‚
510 437 633 458 avarus
646 424 704 469 nisi
718 438 787 458 cum
802 428 937 459 moritur
948 454 956 463 ,
969 426 1052 461 nihil
1061 426 1139 462 νεὲἶὲ
1147 428 1233 475 facit
1243 456 1253 470 ,
1268 428 1383 462 eadem
1397 428 1440 462 est
1451 440 1521 475 quae
1531 425 1698 463 exclusiva.

310 473 435 509 Avarus
445 484 572 508 tantum
584 476 671 508 recl:
683 473 774 518 facit,
789 485 862 509 cum
881 477 1028 512 moritur.

347 525 426 558 Haec
438 521 615 571 propositio
627 536 697 570 quae
706 536 806 557 unuin
816 537 872 559 aut
883 524 985 559 multa
996 526 1133 573 excipit,
1149 525 1246 562 facile
1262 523 1484 570 resolvitur,ut
1506 528 1589 576 ignis
1602 555 1612 570 ‚
1629 528 1700 571 a‘c'r,

310 584 397 620 aqua
413 571 483 607 sunt
494 572 606 620 aliquo
624 573 725 607 modo
739 571 903 622 perspicua
914 603 923 619 ,
945 586 1028 609 terra
1041 587 1122 609 vero
1141 577 1184 610 est
1204 587 1316 625 opaca.

353 620 533 670 Propositio
544 623 587 657 est
600 621 835 671 reduplicativa
847 636 918 671 qua:
939 625 1061 659 constat
1076 626 1233 672 particula
1253 623 1475 672 reduplicante
1496 638 1503 657 :
1521 622 1700 672 cujusmodi

311 671 384 705 sunt
395 700 404 714 ,
418 681 516 720 prout
527 701 535 714 ‚
552 683 721 718 quatenus,
739 683 795 706 aut
811 670 942 717 similes,
957 686 1027 721 qua:
1043 672 1219 722 significare
1232 672 1488 719 debentaliquid
1500 675 1533 706 in
1547 672 1704 721 subjecito,

310 720 400 768 quod
414 719 504 755 causa
521 719 621 756 sircur
633 722 663 754 ei
685 719 754 755 insit
776 722 971 757 attributum
994 738 1002 759 ι
1025 723 1150 770 alioqui
1170 723 1281 757 frustra
1299 733 1486 770 poneretur.
1517 722 1605 756 Cum
1620 722 1701 756 dici.

310 781 381 803 mus
398 782 446 805 ex.
461 783 506 819 gr.
522 770 642 805 animal
660 781 819 816 quatenus
835 772 954 806 animal
969 772 1082 814 sentit,
1102 772 1257 821 particula
1272 800 1280 814 ,
1297 782 1453 814 quatenus
1470 801 1479 814 ‚
1501 773 1608 805 innuit
1630 773 1701 806 ani-

310 818 493 854 malitarem
507 817 568 854 effe
583 821 778 868 principium
798 820 956 856 sentiendi
972 837 979 858 :
993 821 1014 855 fi
1030 824 1101 869 quis
1118 833 1228 856 :tutem
1248 822 1371 855 diceret
1384 850 1394 863 ,
1406 819 1525 855 animal
1540 832 1699 867 quatenus

308 867 428 902 animal
442 870 590 911 moritur,
606 870 711 902 minus
728 881 805 903 vera
819 869 895 905 esset
907 870 962 904 illa
977 870 1170 919 propositio:
1186 884 1252 905 non
1264 871 1351 904 enirn
1366 869 1550 905 animalitas
1562 871 1700 904 morien-

310 916 344 950 di
362 916 452 950 causa
479 918 522 951 est
546 921 578 952 in
596 917 754 961 animali,
768 917 822 952 sed
839 918 906 966 ipsa
921 931 1039 955 naturae
1063 919 1232 954 infirmitas
1245 947 1256 962 ‚
1275 929 1328 952 aut
1352 918 1592 952 elementorum
1616 918 1702 955 forte

310 977 536 1002 contrarietaS.

344 1016 472 1049 Dicitur
486 1026 596 1048 autem
609 1013 786 1061 propositio
809 1013 862 1048 illa
881 1016 1116 1063 reduplicativa
1130 1046 1140 1060 ‚
1162 1020 1195 1051 in
1210 1030 1275 1064 qua
1298 1015 1478 1062 subjeetum
1494 1015 1582 1062 quasi
1593 1017 1700 1065 dupli-

309 1073 419 1097 catur:
435 1073 472 1096 ut
492 1063 593 1098 homo
612 1071 773 1109 quatenus
795 1062 954 1107 homo‚est
970 1066 1154 1108 rationalis,
1177 1067 1263 1100 idem
1283 1066 1345 1108 est,
1361 1076 1397 1098 ac
1421 1067 1504 1098 ratio
1523 1078 1576 1100 cur
1597 1065 1700 1100 homo

309 1110 346 1146 sit
360 1111 525 1146 rationalis
541 1142 550 1156 ‚
567 1124 605 1147 ea
624 1109 666 1145 est
677 1137 685 1152 ,
703 1109 791 1157 quod
808 1111 953 1147 fithomo
969 1128 976 1149 :
991 1115 1076 1148 unde
1088 1115 1244 1160 ejusmodi
1260 1112 1437 1164 propositio
1461 1113 1547 1149 bene
1564 1114 1606 1148 ad
1623 1127 1700 1150 cau-

309 1159 406 1195 salem
426 1174 606 1198 revocatur.

345 1209 524 1258 Propositio
539 1212 582 1246 est
600 1212 823 1257 comparativa
833 1240 841 1253 ,
858 1224 927 1259 quae
936 1213 1059 1247 constat
1072 1213 1230 1261 particula
1251 1224 1462 1262 comparante
1476 1241 1486 1254 ‚
1504 1212 1615 1259 quales
1628 1211 1699 1249 sunt

309 1262 412 1308 magis
427 1265 462 1297 δε
478 1263 583 1295 minus
594 1290 603 1304 ‚
616 1269 649 1300 &
665 1259 780 1297 similes
797 1274 804 1295 :
821 1259 872 1295 sed
891 1274 928 1296 ut
953 1263 1072 1297 idonea
1087 1262 1123 1298 sit
1140 1266 1342 1312 comparatio
1361 1291 1370 1304 ,
1387 1275 1461 1296 cum
1477 1265 1532 1297 uni
1548 1274 1697 1298 extremo

308 1308 462 1344 tribuitur
475 1312 507 1344 in
518 1311 619 1358 gradu
634 1311 869 1359 comparativo,
879 1310 1120 1360 debetutrique
1134 1315 1311 1348 convenire
1324 1315 1356 1347 in
1368 1311 1517 1360 positivo.
1532 1313 1591 1346 Ista
1607 1326 1639 1346 v.
1649 1325 1697 1360 gr.

307 1358 352 1392 est
369 1371 444 1407 apta
463 1364 683 1408 comparatio,
696 1363 754 1396 nix
769 1357 873 1394 ebore
885 1362 1053 1397 candidior
1063 1363 1123 1398 est:
1144 1362 1209 1397 haec
1222 1361 1303 1398 vero
1318 1364 1439 1410 inepta,
1452 1373 1571 1409 cygnus
1586 1363 1699 1397 candi-

306 1407 381 1441 dior
401 1408 444 1442 est
463 1419 575 1445 corvo,

344 1455 583 1505 propositiones
596 1461 822 1509 comparativae
838 1458 917 1495 licet
936 1460 1094 1510 simplices
1109 1461 1280 1496 videantur
1292 1488 1302 1503 ‚
1318 1459 1391 1496 sunt
1412 1471 1523 1495 tamen
1540 1458 1701 1510 composi-

309 1516 346 1540 tae
362 1535 372 1549 ,
395 1517 431 1540 ut
450 1505 503 1539 illa
515 1534 524 1548 ‚

469 1556 504 1587 V
506 1557 582 1589 ilias
600 1556 641 1600 cst
662 1567 828 1605 argentum
847 1569 924 1590 auro
937 1584 945 1595 ,
965 1555 1142 1591 virtutibus
1157 1570 1283 1594 aurum.

341 1603 472 1651 Duplex
485 1603 597 1640 saltem
614 1607 770 1654 judicium
785 1605 910 1654 singulae
927 1605 988 1641 illae
1009 1604 1243 1655 propositiones
1264 1609 1421 1649 innuunt,
1437 1610 1594 1642 virtutem
1614 1607 1698 1644 siim-
1714 1641 1719 1644 .

306 1665 397 1687 mum
415 1651 537 1688 habere
550 1657 689 1702 pretium
702 1684 712 1698 ‚
729 1656 829 1703 idque
840 1661 941 1705 majus
954 1656 1054 1702 quirin
1077 1667 1200 1689 aurum.

340 1703 521 1749 Incoeptiva
534 1703 711 1751 propositio
732 1717 770 1739 ea
783 1706 827 1740 est
844 1733 853 1749 ‚
871 1718 942 1752 quae
956 1705 1078 1739 constat
1095 1702 1198 1738 verbo
1218 1705 1413 1751 incoeptivo:
1429 1715 1464 1737 ut
1483 1707 1596 1740 Petrus
1617 1717 1696 1740 con-

306 1750 457 1794 valescit,
474 1752 506 1785 id
522 1752 574 1795 est,
587 1766 673 1789 nunc
687 1751 771 1788 bene
780 1754 812 1789 se
827 1753 948 1789 habere
960 1755 1085 1801 incipit,
1100 1765 1174 1787 curn
1183 1752 1268 1788 male
1277 1764 1373 1788 mitea
1386 1751 1416 1786 se
1428 1752 1580 1789 haberet.

339 1799 520 1847 Propositio
539 1800 672 1837 defitiva
682 1814 719 1837 ea
729 1803 773 1837 est
790 1816 862 1852 quae
871 1804 993 1838 constat
1005 1801 1110 1838 verbo
1122 1800 1258 1838 defitivo
1273 1832 1282 1846 ,
1297 1814 1336 1837 ut
1349 1801 1476 1837 lucerna
1487 1804 1695 1851 extinguitur,

306 1851 339 1885 id
359 1849 402 1884 est
415 1879 423 1891 ,
439 1848 566 1884 lucerna
581 1864 667 1888 nunc
684 1850 791 1895 lucet,
813 1852 866 1887 sed
877 1852 978 1901 paulo
997 1853 1067 1899 post
1083 1864 1150 1885 non
1165 1850 1300 1887 lucebit.
1320 1853 1371 1886 Sic
1388 1850 1623 1899 propositiones
1646 1854 1696 1887 in-

305 1901 451 1947 coeptivae
472 1896 558 1934 sensu
568 1912 623 1935 aut
636 1901 808 1937 intefleetu
825 1903 898 1935 sunt
910 1899 1091 1948 compositae
1102 1914 1110 1935 :
1121 1900 1186 1934 duo
1201 1902 1325 1950 quippe
1333 1898 1498 1936 affirmant
1513 1914 1599 1945 ,rem
1616 1902 1694 1937 ante

305 1962 373 1984 non
388 1946 478 1983 fuisse
490 1978 501 1992 ,
520 1953 553 1986 &
568 1951 676 1997 postea
694 1949 870 1998 incoepisse.

339 2001 429 2034 Inter
446 1997 681 2046 propositiones
693 1998 885 2048 compositas
906 1997 1021 2034 referri
1036 1996 1163 2047 possunt
1181 1997 1333 2034 relativae.
1345 1997 1410 2032 111ae
1420 1999 1582 2045 quandam
1596 2000 1691 2035 habi-

304 2049 450 2087 tudinem
462 2046 516 2085 vel
525 2047 719 2089 relationem
728 2049 898 2088 includunt
911 2063 919 2085 ε
935 2060 972 2084 ut
981 2047 1037 2083 illa
1046 2076 1055 2087 ,
1071 2047 1126 2083 ubi
1137 2048 1302 2095 theffhurus
1313 2058 1396 2087 tuus,
1412 2048 1458 2082 ibi
1475 2048 1515 2093 est
1523 2061 1576 2085 cor
1588 2060 1687 2085 tunm.

934 2187 1050 2225 “tw

939 2227 1055 2265 cie-3}
