1857 2745
357 175 416 206 ¹4²
822 155 857 189 T
878 155 912 190 R
934 156 964 192 A
989 155 1019 192 C
1034 157 1065 192 T
1089 157 1120 194 A
1142 159 1174 193 Τ
1196 157 1237 194 U'
1259 158 1281 191 S

354 224 434 247 nem
449 208 509 245 effe
520 208 661 242 formam
681 201 844 253 physicam
866 204 887 241 ὲ
901 202 1050 254 subjesto
1061 206 1189 242 realiter
1207 206 1391 241 distine‘tam
1402 206 1474 252 quis
1486 203 1543 241 nisi
1554 204 1666 254 inepte
1677 203 1756 241 col-

357 259 475 307 legerit
489 268 499 293 3

404 307 491 355 Opp.
505 309 546 340 ιο.
570 301 629 337 Illa
644 302 878 353 distinguuntur
899 302 1036 338 realiten
1052 316 1125 352 quae
1143 304 1277 342 habent*
1294 303 1434 339 diversas
1451 302 1660 339 definitiones
1671 333 1682 347 ,
1695 303 1762 340 vel(

357 353 512 390 essentias,
526 352 590 387 Sed
601 352 703 386 funda
714 364 853 389 mentum
869 358 902 390 &
914 352 1032 387 relatio
1047 354 1185 390 diversas
1195 354 1320 390 habent
1331 359 1364 390 &
1378 352 1587 388 definitiones
1602 358 1634 388 &
1646 351 1700 387 effi
1709 366 1753 388 n-

356 407 416 439 tias
429 417 437 440 :
457 416 537 438 cumr
545 401 710 437 relationis
729 413 839 437 totum
847 401 906 437 effe
919 400 1013 437 strati
1025 402 1111 438 aliud
1126 404 1239 439 referri
1250 433 1260 447 ,
1273 403 1520 438 fundamentum
1533 414 1612 438 veto
1623 399 1659 436 (it
1670 401 1752 449 quid

358 452 545 488 absolutum
558 454 661 499 :Ergo
674 451 789 485 relatio
800 452 1001 500 distinguitur
1019 451 1150 487 realiter
1163 453 1183 488 ἐι
1202 452 1432 489 fundamen-to.-

394 504 482 549 Resp.
501 499 587 548 Dia.
599 503 673 545 maj.
697 501 783 547 Qae
802 499 926 535 habent
940 500 1078 537 diversas
1101 500 1308 537 definitiones
1322 530 1332 545 ‚
1353 513 1409 536 aut
1431 499 1577 536 essentias
1590 529 1599 544 ,
1623 499 1758 535 realiter:

358 551 514 588 differunt
527 577 537 592 ,
559 548 579 584 si
607 560 664 597 pet
686 550 855 586 distinctas
877 548 1024 586 essentias
1045 549 1431 601 intelligantur'diversae
1459 551 1612 584 entitates
1632 578 1642 592 ‚
1659 550 1699 585 C.
1719 551 1752 584 Si

358 601 438 637 nihil
452 611 565 650 praeter
577 596 716 633 diversos
727 611 906 648 conceptus
917 599 1078 649 intelligas
1091 629 1100 644 ,
1112 602 1156 636 N.
1176 603 1266 637 Nam
1282 597 1398 635 sufficit
1413 598 1560 633 virtualis
1575 599 1750 642 distinetio,

357 663 396 686 ut
416 662 508 686 mens
522 647 662 683 eandem
676 650 848 685 entitatem
860 651 893 684 in
910 651 1020 686 varios
1031 661 1208 698 conceptus
1223 679 1234 693 ‚
1253 661 1310 684 aut
1322 650 1409 683 ideas
1424 649 1588 695 partiatur.

400 699 534 745 Instant.
550 700 669 733 Manet
684 697 937 733 fundamentum
954 710 1112 747 pereunte
1127 698 1309 735 relatione:
1328 700 1414 746 Ergo
1429 695 1547 731 relatio
1571 697 1616 733 est
1635 699 1756 734 entitas

358 749 508 798 quaedam
524 746 553 783 a
563 746 780 782 fundamento
790 748 948 783 distineta.

400 801 490 846 Kasp.
505 796 596 846 Neg.
614 797 734 843 conseq.
751 798 840 832 Nam
856 797 972 832 relatio
983 808 1050 832 non
1069 796 1111 831 est
1129 796 1235 832 solum
1248 795 1519 839 fundamentum,
1533 795 1586 832 sed
1606 795 1685 831 illud
1705 797 1757 844 ipa

360 847 429 884 sum
444 857 606 895 quatenus
625 856 782 880 connotat
797 875 807 888 ,
824 857 857 880 ut
876 845 1072 893 loquuntur,
1093 845 1145 881 seu
1154 844 1283 895 respicit
1292 848 1478 882 terminum.
1494 847 1595 884 Unde
1612 858 1680 881 non
1691 847 1755 880 mi-

364 909 439 932 rum
454 895 527 930 estfi
541 893 668 929 sublato
683 897 825 929 termino
841 895 956 930 relatio
966 906 1084 943 pereat.

403 948 546 994 Urgent.
558 943 615 978 Illa
630 945 825 978 connotatio
838 943 890 978 vel
905 944 951 978 est
967 943 1092 990 aliquid
1104 942 1201 986 reale,
1217 953 1351 990 tumque
1363 941 1490 977 sublato
1503 945 1663 988 termino,
1677 957 1709 979 v.
1721 957 1755 992 g,

364 993 455 1037 filio,
472 995 557 1042 petit
574 991 796 1038 aliquidteale
809 1021 819 1035 ‚
833 993 923 1040 quod
941 992 1027 1027 aliud
1041 993 1084 1026 est
1105 991 1126 1026 ὲ.
1139 991 1355 1027 fundamento
1371 985 1449 1036 fiel
1464 991 1513 1026 est
1530 992 1651 1040 aliquid
1671 992 1754 1029 fieti*

363 1047 445 1078 tium
459 1060 468 1085 ·,
481 1041 584 1089 sicque
606 1040 722 1075 relatio
740 1043 866 1076 nonest
878 1041 973 1076 realis
990 1069 1000 1084 ,
1011 1040 1225 1076 seda-:mente
1242 1043 1439 1090 excogitata.⁴

392 1093 479 1139 Resp.
491 1090 704 1124 Relationem
716 1088 779 1124 effe
794 1089 921 1136 aliquid·
929 1089 1016 1123 reale
1032 1117 1042 1131 ,
1057 1101 1178 1136 nempe
1189 1092 1364 1123 entitatem
1375 1089 1601 1134 fundamenti,
1616 1102 1651 1126 ut
1662 1090 1755 1126 albe*

365 1142 444 1176 dinis
472 1141 507 1174 in
523 1139 663 1187 pariete,
681 1150 750 1172 non
767 1137 891 1185 praecise
905 1167 914 1180 ,
937 1148 1094 1185 quatenus
1108 1138 1154 1171 est
1176 1136 1297 1172 albedo
1321 1143 1355 1175 &
1373 1137 1450 1185 quid
1476 1137 1657 1174 absolutum
1671 1169 1680 1185 ‚
1702 1140 1756 1175 sed

365 1200 522 1241 quatenus
537 1188 711 1222 terminum
729 1197 911 1221 connotatt
932 1187 1022 1234 quod
1038 1189 1150 1233 utique
1167 1188 1201 1221 in
1213 1187 1380 1222 ¹relatione
1411 1187 1686 1223 transcendentali
1702 1190 1755 1225 fa-

366 1249 476 1273 tentur
493 1234 680 1271 adversarii:
705 1237 737 1270 in
755 1235 802 1270 his
816 1238 904 1270 enirn
922 1236 1039 1270 relatio
1057 1235 1136 1270 nihil
1150 1236 1193 1269 est
1210 1247 1326 1283 praeter
1344 1238 1391 1270 rei
1412 1247 1560 1271 naturam
1571 1266 1580 1280 ‚
1596 1249 1754 1284 quatenus

366 1288 450 1322 aliud
464 1296 633 1321 connotat.
659 1285 722 1318 Sed
736 1284 819 1318 ordo
837 1285 892 1319 ille
913 1287 947 1320 in
966 1284 1234 1319 traiisoendentali
1257 1285 1416 1320 relatione
1439 1285 1482 1319 est
1506 1288 1552 1319 rei
1572 1285 1753 1322 essicntialis.

367 1339 456 1373 Nam
470 1335 605 1369 facultas
617 1363 627 1377 ,
644 1333 699 1367 vel
722 1332 1071 1369 scientiaeffentialiter
1085 1332 1252 1383 objectum
1270 1333 1400 1382 respicit
1413 1362 1423 1376 ,
1439 1346 1494 1379 aut
1522 1346 1681 1371 connotat
1696 1351 1704 1373 :
1718 1339 1753 1372 in

365 1385 526 1420 relatione
544 1384 724 1431 categorica
743 1383 824 1417 ordo
839 1382 894 1417 ille
910 1384 953 1418 est
971 1383 1177 1417 adventitius.
1196 1383 1300 1418 Simili
1315 1384 1481 1418 rationein
1498 1382 1655 1418 sententia
1665 1386 1758 1421 Tho·-

368 1435 535 1470 mistarum
552 1461 561 1475 ,
572 1435 627 1479 qui
638 1431 834 1467 relationem
849 1431 869 1467 ξι
879 1432 1098 1467 fundamento
1107 1432 1320 1481 distinguunt,
1332 1434 1410 1466 unio
1426 1433 1542 1466 animae
1564 1437 1598 1468 ἃ
1614 1437 1756 1482 corporis

368 1483 450 1519 nihil
466 1483 511 1516 est
529 1480 584 1516 nisi
594 1484 702 1516 anima
716 1493 751 1515 ut
764 1493 877 1529 corpus
903 1493 1060 1516 connotat
1073 1509 1083 1524 ‚
1102 1483 1195 1527 eique
1213 1482 1459 1529 applicatur3ac
1477 1482 1562 1527 ptrit
1586 1483 1664 1526 unio
1685 1495 1756 1517 ma.

368 1544 468 1568 nente
483 1533 591 1565 anima
601 1558 609 1572 ,
623 1542 663 1563 eo
687 1528 755 1576 ipso
768 1530 857 1576 quod
872 1543 940 1565 non
955 1528 990 1563 fit
1000 1532 1035 1564 in
1045 1541 1183 1576 corpore
1197 1558 1206 1572 ‚
1227 1541 1281 1563 aut
1294 1530 1371 1563 iilud
1388 1542 1457 1564 non
1473 1541 1644 1565 connotet.

407 1580 469 1615 Sed
482 1607 491 1622 ,
502 1580 657 1626 inquiunt
681 1577 736 1612 illa
748 1580 939 1613 connotatio
957 1578 1000 1613 est
1011 1588 1080 1612 tota
1093 1577 1261 1614 relationis
1274 1575 1405 1614 elsentia
1413 1589 1483 1626 quae
1498 1578 1540 1613 est
1551 1578 1656 1616 realis:
1670 1582 1756 1630 Ergo

369 1629 493 1666 sublato
508 1630 651 1662 termino·
665 1656 673 1669 ‚
693 1629 774 1674 perit
788 1627 907 1674 aliquid
917 1627 1014 1663 reale.

403 1680 494 1726 Resp.
514 1677 599 1721 Dist.
616 1678 731 1722 conseq.
751 1678 838 1711 Perit
854 1676 976 1723 aliquid
996 1675 1083 1711 reale
1107 1675 1215 1724 quoad
1239 1675 1544 1714 denominationem
1557 1708 1566 1722 ,
1587 1679 1628 1715 C.
1645 1677 1754 1725 quoad

368 1731 560 1768 entitatem,
577 1728 621 1761 N.
637 1728 752 1772 ltaque
770 1728 873 1774 paries
888 1724 981 1760 albus
997 1726 1154 1761 destmeio
1169 1723 1235 1758 alio
1244 1728 1370 1772 pariete
1380 1725 1496 1761 definit
1519 1726 1580 1762 esse
1605 1726 1651 1762 illi
1665 1725 1753 1761 fimi-

369 1777 405 1812 lis
420 1791 426 1812 :
439 1776 489 1810 sed
511 1787 622 1809 manet
640 1774 756 1808 eadem
775 1774 897 1809 albedo
909 1803 918 1818 ‚
938 1787 1009 1822 qnae
1021 1777 1106 1824 ptius
1121 1805 1129 1818 ,
1147 1779 1180 1810 &
1197 1773 1314 1808 eadem
1334 1776 1462 1812 entitas.
1485 1778 1538 1811 Sic
1567 1779 1655 1812 Deus
1683 1789 1756 1812 cum

368 1825 527 1861 mundum
545 1823 711 1866 condidit,
727 1823 1036 1859 denominationem
1057 1836 1179 1859 novam
1187 1825 1340 1857 creatoris
1359 1827 1483 1872 accepit
1503 1840 1510 1861 :
1527 1826 1674 1873 quamvis
1684 1823 1758 1860 nul..

368 1874 400 1910 la
416 1877 534 1909 entitas
549 1886 637 1907 nova
657 1901 666 1914 ,
683 1871 736 1906 sed
747 1884 873 1908 tantum
886 1886 989 1908 novus
1004 1872 1175 1922 respedhis,
1191 1883 1247 1906 aut
1265 1875 1455 1907 connotatio
1467 1876 1499 1907 ei
1526 1871 1699 1908 accefferit.

419 1923 730 1969 Contrajnquiunt,
745 1935 813 1956 non
839 1923 942 1970 potest
957 1921 1026 1955 fieri
1041 1935 1128 1956 nova
1142 1922 1393 1961 denominatio,
1405 1932 1507 1967 eaque
1522 1920 1655 1969 positiva
1672 1922 1753 1956 citra

370 1985 492 2007 novam
511 1970 668 2011 formam,
687 1969 740 2003 vel
755 1971 925 2003 entitatem
936 1981 991 2004 :·ut
1001 1969 1102 2003 homo
1114 1981 1152 2002 ex
1167 1969 1318 2015 imperito
1336 1970 1454 2016 peritus
1473 1969 1541 2003 fieri
1558 1983 1624 2005 non
1648 1970 1755 2018 potest

371 2022 451 2055 citra
468 2021 630 2055 doetrinae·
641 2015 854 2053 accessionem
869 2032 876 2052 :
896 2015 951 2051 sed
962 2016 1078 2052 relatio
1092 2029 1213 2052 novam
1227 2015 1321 2051 affert
1336 2018 1651 2062 denominationem,
1666 2031 1754 2054 eam-

370 2082 434 2116 que
448 2068 636 2118 positivam:
653 2079 731 2114 ergo
740 2066 780 2100 ad
787 2069 940 2101 veniente
952 2065 1111 2101 relatione
1129 2078 1215 2100 nova
1230 2079 1362 2113 quoque
1377 2069 1493 2101 entitas
1509 2069 1643 2104 accedit.

407 2121 497 2166 Raso.
511 2117 593 2158 Dist.
610 2119 690 2152 mai.
713 2116 800 2150 Cum
813 2115 1041 2150 denominatio
1056 2116 1098 2149 est
1114 2114 1258 2149 absoluta
1271 2144 1280 2158 ‚
1306 2127 1340 2150 ut
1364 2118 1398 2151 in
1410 2117 1562 2164 exemplo
1576 2117 1676 2151 allato
1689 2146 1698 2160 ‚
1710 2117 1751 2154 C.

371 2161 450 2202 curn*
461 2167 684 2201 denominatio
701 2165 743 2199 est
754 2164 893 2199 relativa
907 2193 917 2207 ‚
939 2166 984 2202 N.
1006 2164 1045 2199 sic
1059 2167 1147 2199 Deus
1167 2164 1271 2199 faetus
1288 2165 1331 2198 est
1347 2176 1472 2199 creator
1489 2168 1567 2200 citra
1584 2165 1685 2200 ullam
1711 2165 1753 2200 sui

373 2219 588 2250 mutationem
602 2244 610 2256 ,
624 2227 660 2250 ut
675 2214 772 2248 docet
786 2215 920 2249 sanetus
938 2214 1083 2249 Thomas
1103 2212 1254 2259 opusculo
1268 2216 1317 2259 482
1337 2215 1425 2248 Cum
1441 2213 1557 2260 aliquis
1577 2226 1615 2248 ex
1636 2215 1752 2249 dextro

375 2263 411 2297 fit
438 2265 517 2299 mihi
532 2264 645 2300 sinister
665 2292 675 2307 ‚
693 2263 757 2299 hoc
774 2276 842 2299 non
856 2262 893 2299 fit
912 2267 992 2298 citra
1014 2263 1096 2298 illius
1111 2265 1326 2313 mutationem
1341 2261 1410 2299 :sed
1432 2263 1509 2299 nihil
1530 2263 1609 2299 mihi
1635 2264 1752 2297 accidit

375 2325 465 2348 nova

411 2361 495 2408 opp,
518 2368 560 2398 2⁰.
588 2362 645 2397 Illa
656 2363 891 2411 distinguuntur
911 2363 1059 2406 realiter,
1078 2376 1214 2410 quorum
1239 2376 1340 2397 unum
1366 2363 1474 2401 aucteti
1498 2362 1621 2404 potest,
1648 2359 1750 2394 altero

375 2422 444 2446 non
458 2411 566 2456 ιωέλιο,
586 2414 652 2447 imo
666 2417 698 2450 δε
708 2412 811 2449 altero
820 2415 1005 2454 imminuto.
1037 2413 1101 2450 Sed
1115 2413 1366 2452 fundamentum
1387 2413 1494 2460 augeri
1511 2410 1620 2460 potest
1628 2437 1638 2454 ,
1651 2411 1751 2452 etiam
