1857 2745
338 126 391 161 108
710 119 784 154 DE
837 115 1307 154 UNIVERSALIBUS

340 184 467 209 tantum
478 200 487 214 ‚
505 170 555 204 scu
565 169 762 216 cogitatione
774 195 784 210 ,
802 177 868 200 non
884 177 917 199 re
934 164 954 200 a
964 163 1022 199 suis
1034 163 1185 214 subjectis
1199 165 1402 202 secernuntur
1417 194 1426 209 ,
1439 176 1572 213 quaeque
1585 166 1668 201 adeo
1681 165 1723 202 ab

340 223 377 257 iis
394 220 528 268 separari
550 231 617 252 non
628 214 771 264 poffunt:
795 225 830 248 ur
842 215 926 248 entis
944 216 1160 262 proprietates
1173 243 1183 258 ,
1204 218 1328 259 unitas,
1347 217 1464 250 veritas
1476 221 1509 252 ὃ(
1527 216 1724 260 bonita53ut

338 280 542 305 numerorum
559 271 591 303 &
607 264 779 314 figurarum
791 262 992 298 affectiones.
1014 262 1091 298 Aliae
1106 262 1178 299 sunt
1187 264 1338 314 p'nysicae,
1363 277 1432 312 quae
1453 277 1487 298 re
1502 263 1569 312 ipsa
1585 263 1653 300 sunt
1672 266 1724 299 di-

323 314 636 362 *stinstaeasubjdto
648 343 657 357 ,
674 318 707 350 ὅ(
721 314 877 347 divinitus
897 311 1008 347 saltem
1029 310 1154 360 poisunt
1173 313 1329 362 separari,
1357 326 1393 349 ut
1409 316 1578 361 quantitas
1594 315 1636 348 est
1649 326 1726 362 pro-

337 369 456 415 prietas
468 367 612 412 corporis
625 361 750 411 physica
765 391 775 405 ,
799 374 872 409 qua:
889 361 932 395 ab
946 374 986 396 eo
1003 362 1107 410 potest
1123 361 1269 410 separari.

367 419 412 451 Ex
424 417 462 450 iis
481 413 628 449 definitio
639 411 714 446 cum
728 409 952 459 Metaphysica
962 440 972 455 ,
991 422 1058 445 tum
1078 413 1197 459 Logica
1209 414 1351 461 proprii,
1369 423 1527 458 quatenus
1540 411 1584 445 est
1596 413 1728 447 univer-

337 465 400 500 sale
413 494 423 509 ,
441 463 613 512 colligitur.
632 464 721 499 Nam
744 461 790 496 est
812 473 913 495 unum
925 472 1038 507 aptum
1059 461 1155 494 ineffe
1181 462 1290 496 multis
1309 461 1551 497 accidentaliter
1569 461 1704 508 quidem
1716 490 1727 505 ,

338 514 391 549 sed
405 512 578 549 necessario
593 517 625 548 &
636 513 809 558 reciproce.
836 511 902 544 Aut
919 538 929 553 ,
954 507 1090 557 filogice
1108 508 1187 544 velis
1198 511 1231 544 id
1249 509 1383 545 definire
1399 539 1411 554 ,
1432 511 1493 544 erit
1506 523 1603 544 unum
1617 521 1728 558 aptum

338 563 497 612 praedicari
514 563 554 596 de
564 560 674 596 multis
695 562 727 594 in
746 558 842 606 quale
858 587 868 602 ‚
886 557 937 593 sed
952 558 1125 593 neceffiirio
1143 563 1176 595 &
1192 561 1371 607 reciproce.

374 613 544 660 Proprium
560 639 570 653 ,
588 621 624 644 ut
637 607 987 651 diffireiitia,dividitur
998 609 1030 642 in
1051 609 1238 655 gemeticum
1251 614 1283 645 δε
1296 606 1480 656 specificum
1497 622 1505 644 :
1531 607 1612 643 illud
1630 608 1650 644 ὲ
1662 622 1730 645 ora-

339 661 383 696 du
404 691 414 705 ‚
442 660 495 695 seu
524 658 726 708 perfestione
755 659 907 707 generica
923 685 932 699 ‚
955 668 990 691 ut
1012 658 1172 704 quantitas
1200 657 1221 692 Ξι
1238 657 1471 705 corpore-,hoc
1505 656 1642 706 &gradu
1658 640 1729 707 spe-

329 709 434 745 cifico
449 710 610 745 dimanat:
624 720 660 742 ac
677 706 799 755 semper
811 708 990 755 proprietas
1010 718 1083 739 cum
1101 717 1141 739 eo
1153 707 1490 754 graduconvertituq,
1511 706 1541 742 ,ὲ
1561 720 1630 754 quo
1651 720 1730 755 pto.

329 758 419 796 :fluit-
446 759 546 796 Unde
561 757 650 806 quod
666 758 817 791 accidens
831 755 874 789 est
893 754 1036 802 respectu
1046 755 1137 788 unius
1153 754 1306 802 iubjeffl,
1323 755 1366 789 est
1377 758 1556 803 proprietas
1572 768 1646 790 cum
1657 756 1726 791 alio

339 820 573 856 comparatum.
597 805 697 843 Calor
712 805 757 840 est
780 806 864 853 ignis
878 805 1054 852 proprietas
1074 816 1083 838 ι
1099 801 1160 837 sed
1179 804 1206 836 is
1220 804 1339 838 accidit
1359 804 1427 838 aliis
1448 803 1636 854 corporibus
1653 833 1662 847 ,
1684 817 1718 840 ut

339 857 440 893 fem
742 901 1019 949 QUAEsrio
1057 902 1293 937 UtriMA.

891 969 948 1001 De
972 966 1147 1001 accidente.

439 1052 580 1086 Ccidens
600 1061 774 1084 commune
793 1045 947 1081 definitur
960 1044 981 1078 ὲ
994 1043 1176 1092 Porphyrio
1187 1073 1196 1087 ‚
1215 1046 1303 1092 quod
1318 1047 1425 1094 potest
1435 1045 1606 1089 adeffe‚vei
1622 1045 1729 1082 abesse

440 1099 459 1134 a
470 1099 636 1146 subicere,
661 1096 725 1131 sine
740 1102 806 1143 ejus
818 1097 964 1129 interitu.
978 1095 1030 1127 Sic
1041 1092 1163 1139 pallor,
1181 1105 1237 1127 aut
1248 1093 1347 1128 rubor
1372 1097 1403 1129 in
1419 1095 1510 1129 vultu
1523 1095 1569 1129 est
1584 1094 1666 1130 illius
1676 1108 1730 1129 ac.

343 1150 464 1184 cidens.
483 1149 567 1191 Qae
583 1144 733 1181 definitio
749 1158 816 1180 non
836 1145 896 1177 erit
913 1141 1083 1176 intelletstu
1103 1140 1243 1178 difficilis
1256 1170 1265 1184 ‚
1294 1141 1315 1177 si
1325 1146 1565 1178 meminerimus
1581 1145 1730 1179 accidens

343 1196 404 1233 eise
422 1195 625 1246 praedicabile
640 1195 680 1229 de
694 1194 801 1229 multis
814 1196 848 1227 in
865 1191 962 1239 quale
983 1192 1221 1238 contingenter.
1248 1192 1283 1225 Id
1315 1204 1392 1226 vero
1413 1192 1514 1227 solum
1536 1196 1728 1239 contingens

340 1247 459 1281 dicitur
471 1275 480 1289 ‚
503 1246 592 1293 quod
612 1243 715 1292 potest
729 1241 790 1278 effe
805 1271 816 1285 ,
833 1247 866 1278 &
880 1254 947 1275 non
963 1238 1034 1275 effe.
1052 1242 1136 1285 Ergo
1154 1239 1234 1274 illud
1252 1243 1382 1288 proprie
1396 1242 1438 1276 est
1451 1242 1597 1277 accidens
1611 1233 1728 1291 pritdi-

332 1294 449 1330 cabile
465 1324 474 1339 ‚
503 1295 591 1341 quod
606 1293 708 1342 potest
720 1291 823 1327 adeise
834 1296 868 1327 &
880 1288 985 1323 abesse
1001 1288 1086 1323 salva
1105 1290 1152 1322 rei
1172 1287 1314 1324 essentia.

381 1345 464 1387 Sed,
490 1345 611 1387 inquies
628 1370 634 1380 ,
653 1341 755 1375 multa
771 1341 841 1375 sunt
851 1338 1032 1373 accidentia
1044 1367 1053 1379 ‚
1080 1349 1150 1383 quae
1176 1339 1222 1372 ita
1236 1351 1310 1373 cum
1325 1338 1473 1387 subjectis
1490 1339 1674 1384 coliaerent,
1692 1351 1728 1376 ut

342 1391 384 1426 ab
401 1395 438 1427 iis
450 1391 561 1427 divelli
577 1404 644 1426 non
663 1388 796 1438 poffint,
815 1400 848 1423 ut
859 1388 994 1436 nigredo
1010 1386 1051 1420 ab
1067 1386 1234 1434 AEthiope.
1253 1391 1336 1435 Ergo
1353 1389 1407 1422 illa
1419 1387 1569 1422 definitio
1584 1402 1651 1424 non
1663 1403 1731 1423 om-

342 1441 437 1477 nibus
450 1439 670 1476 accidentibus
690 1451 779 1486 aeque
791 1438 945 1473 convenit
957 1450 964 1471 :
985 1437 1128 1471 maxime
1152 1447 1226 1470 cum
1238 1438 1385 1472 accidens
1397 1438 1501 1471 dividi
1516 1436 1617 1472 soleat
1633 1440 1667 1472 in
1682 1438 1731 1472 sc*-

342 1490 505 1537 parabile,
527 1488 700 1535 cujusmodi
723 1488 769 1521 est
787 1486 873 1521 calor
891 1487 926 1519 in
943 1497 1029 1532 aqua
1044 1501 1052 1527 3
1074 1483 1333 1532 &inseparabile
1347 1514 1356 1529 ,
1372 1491 1458 1535 cujus
1469 1488 1596 1534 generis
1616 1488 1658 1521 est
1676 1489 1728 1522 ni-

341 1539 442 1586 gredo
455 1540 490 1574 in
511 1550 632 1579 corvo,
645 1548 699 1570 aut
709 1534 830 1569 albedo
848 1537 882 1569 in
899 1546 1015 1581 cygno.
1042 1546 1046 1550 ’

377 1589 464 1634 Resp,
482 1585 645 1632 Instant.
656 1584 764 1619 Multa
776 1582 846 1619 sunt
859 1583 1055 1620 accidentia,
1073 1593 1145 1629 quae
1159 1580 1293 1629 separari
1318 1580 1338 1618 a
1355 1580 1505 1633 subjeetis
1527 1597 1594 1619 non
1606 1582 1731 1632 poffunt

367 1649 400 1671 er
414 1648 524 1670 veram
541 1632 745 1682 &physicam
759 1632 996 1681 separationem
1017 1661 1027 1675 ,
1043 1629 1201 1666 Transeat
1224 1647 1233 1673 3
1259 1643 1315 1677 per
1333 1644 1478 1667 mentem
1495 1632 1613 1680 ipsam,
1635 1634 1681 1667 ita
1693 1644 1731 1667 ut

341 1650 426 1720 salva
439 1687 485 1719 rei
499 1682 627 1718 essentia
638 1683 772 1729 separari
791 1694 856 1716 non
869 1679 986 1729 possint
994 1709 1004 1724 ,
1016 1683 1061 1716 N.
1071 1682 1160 1715 Nam
1170 1690 1206 1711 ut
1219 1679 1368 1726 AEthiops
1381 1693 1448 1714 non
1465 1679 1501 1714 fit
1521 1683 1611 1727 niger
1624 1709 1633 1723 ‚
1648 1680 1730 1715 nihil

343 1739 413 1782 ejus
428 1745 548 1768 naturae
568 1731 754 1766 detrahitur.
779 1731 997 1778 Proprietates
1020 1727 1062 1762 ab
1083 1725 1216 1762 elsentia
1236 1729 1281 1761 rei
1317 1739 1373 1776 per
1404 1740 1551 1763 mentem
1581 1731 1624 1763 ita
1647 1742 1730 1777 prce-

342 1782 440 1818 scindi
455 1780 592 1830 poliunt,
608 1793 643 1815 ut
663 1793 708 1815 rei
726 1792 840 1814 natura
854 1781 933 1813 citra
943 1779 1157 1826 proprietates
1177 1777 1306 1824 concipi
1328 1775 1422 1824 poffit
1443 1791 1450 1812 τ
1469 1777 1522 1811 sed
1541 1781 1651 1826 negari
1673 1790 1731 1813 ne.

342 1842 482 1878 queunt,
502 1829 587 1864 salva
604 1833 650 1864 rei
664 1828 803 1865 eisexitia.
821 1826 947 1862 Verum
964 1827 1111 1861 accidens
1139 1837 1313 1858 commune
1332 1838 1397 1860 non
1427 1826 1527 1861 solum
1548 1826 1729 1874 praecisione

344 1879 495 1927 simplici,
516 1891 586 1925 quae
602 1879 641 1912 ad
663 1880 799 1926 primam
816 1878 936 1912 mentis
951 1877 1177 1922 operationem
1202 1874 1366 1918 pertinct3
1388 1874 1438 1908 sed
1459 1878 1556 1909 etiam
1574 1874 1729 1923 praecifio..

345 1942 385 1964 rie
400 1930 551 1976 negativa
563 1957 572 1970 ,
597 1933 630 1964 ὃ(
643 1940 714 1960 cum
732 1927 853 1972 judicio
875 1923 1099 1971 conjtin&a,de
1113 1933 1145 1954 re
1157 1919 1321 1966 qualibet,
1339 1919 1423 1956 salva
1444 1928 1506 1970 ejus
1521 1924 1651 1958 efferitia
1676 1925 1728 1958 di-

346 1977 424 2013 velli
442 1977 554 2021 potest.

383 2028 463 2061 Dixi
475 2025 608 2072 quidem
620 2052 630 2066 ‚
651 2019 807 2057 Transeat
817 2019 1012 2055 antecedens
1032 2033 1040 2054 :
1067 2031 1134 2054 non
1151 2020 1238 2053 enim
1255 2017 1408 2055 abhorret
1424 2020 1443 2057 ὲι
1461 2019 1728 2063 verisimili‚acci-

345 2075 424 2109 dens
440 2076 578 2109 omnino
593 2068 801 2119 inseparabile
820 2070 864 2102 rei
881 2067 971 2117 ipsius
985 2066 1046 2103 effe
1065 2068 1319 2116 proprietatem,
1345 2082 1416 2116 quae
1437 2082 1475 2104 ex
1498 2069 1579 2104 illius
1596 2068 1728 2105 ess‘entia

346 2123 487 2172 profluit,
507 2121 654 2170 Nigredo
673 2130 750 2153 vero
768 2130 835 2152 non
852 2119 896 2152 ita
910 2117 1054 2165 AEthiopi
1075 2117 1282 2164 pertinaciter
1299 2117 1460 2161 adhaerer,
1480 2121 1558 2165 quin
1573 2117 1728 2165 paulatim

345 2175 443 2206 minui
461 2170 554 2220 possit
564 2200 574 2213 ,
596 2168 655 2204 ubi
678 2170 711 2202 in
722 2166 797 2201 alias
810 2168 959 2215 regiones
980 2169 1080 2211 magis
1093 2177 1287 2213 temperatas
1297 2179 1459 2202 commeat
1472 2181 1479 2202 :
1493 2180 1565 2201 cum
1574 2165 1727 2213 paulatim

346 2222 378 2254 in
390 2219 460 2254 filiis
472 2249 481 2263 ‚
501 2233 537 2254 ac
545 2216 720 2267 nepotibus
733 2214 900 2250 exolescat.
918 2218 970 2251 Sic
981 2218 1014 2250 in
1029 2207 1154 2262 frigidis
1165 2214 1339 2249 admodum
1360 2215 1544 2263 regionibus
1557 2244 1566 2256 ‚
1591 2219 1624 2250 &
1646 2212 1701 2248 ursi
1714 2236 1727 2258 ,=

347 2273 380 2304 &
397 2268 506 2314 vulpes
520 2297 529 2310 ,
551 2274 582 2304 δε
595 2267 747 2315 pleraque
761 2264 912 2299 animalia
925 2265 1042 2313 hyeme
1054 2260 1217 2298 albescunt
1229 2292 1240 2306 ,
1263 2275 1299 2297 ut
1315 2266 1347 2299 in
1361 2266 1517 2308 Livonia‚
1544 2263 1726 2307 Lithuania,

339 2322 380 2354 ,ἃ
398 2316 468 2351 aliis
483 2315 666 2362 regionibus
683 2315 721 2348 ad
733 2316 868 2348 Boream
885 2312 1105 2362 vergentibuS.

373 2365 454 2410 inst.
472 2365 570 2401 Calor
584 2370 615 2402 &
630 2364 728 2413 frigus
748 2361 819 2399 sunt
830 2365 1046 2413 proprietates
1066 2362 1321 2399 elcmemomm:
1341 2361 1393 2397 sed
1411 2361 1453 2397 ab
1472 2364 1508 2397 iis
1520 2361 1725 2411 separantur:
