1857 2745
512 130 676 168 PARS
713 130 1037 171 SECUNDA:
1444 139 1493 172 181

98 182 173 237 ‚7⁶21ae
180 182 296 219 inentis
306 179 429 216 intuitu
446 188 515 214 ram
527 181 704 228 neceffario,
719 194 817 228 quam
827 196 888 218 non
905 184 1068 231 neceffario
1082 192 1222 218 ventura
1236 181 1398 231 dignoscit.

98 256 99 259 η
148 230 249 281 Quod
262 231 476 266 autemaiunt
489 241 528 265 ex
535 241 787 265 aeterno.verum
799 230 889 267 fuiffe
899 261 909 276 ,
922 244 958 267 ut
967 244 1007 267 ex
1023 232 1087 267 hoc
1103 230 1221 268 morbo
1240 231 1492 277 convalesce-res,

111 293 166 318 aut
183 292 250 317 non
261 281 392 327 3utique
403 279 620 316 concedimus.
638 279 702 314 Sed
723 281 766 314 ita
779 293 892 316 verum
900 282 961 325 est,
977 292 1014 316 ut
1032 293 1168 316 eventus
1186 281 1249 330 ipse
1267 280 1287 316 ἐι
1299 291 1353 315 tua
1370 281 1490 316 volun-

109 341 178 366 tate
196 329 356 379 pendeat:
370 340 440 364 non
450 329 541 363 enim,
553 328 654 364 solum
666 330 811 376 praevidit
824 332 913 366 Deus
931 330 1004 366 fore
1016 342 1051 365 ut
1066 329 1314 372 convalescet-es,
1326 329 1377 364 sed
1388 333 1488 366 etiam

106 379 227 427 quibus
245 377 349 413 modis
362 381 397 414 &
413 378 564 411 remediis
573 376 746 413 sanitatem
757 390 972 428 recuperares.
990 380 1111 427 Neque
1129 379 1206 414 inde
1223 378 1371 414 concludi
1381 380 1488 427 potest

105 427 191 464 hanc
227 424 459 475 repositionem
482 424 544 461 effe
552 439 683 462 aeremae
700 429 846 462 veritatis
866 442 954 464 :non
978 431 1065 464 enim
1082 429 1125 463 est
1139 430 1228 462 *inter
1241 440 1384 463 extrema
1403 427 1486 462 illius

92 441 275 512 ‘necessgria
291 477 453 510 connexio
464 489 472 511 :
486 487 669 524 quanquam
679 475 721 510 ab
729 476 894 512 aeternofit
902 477 1040 512 definite
1049 489 1138 519 vera,
1148 476 1188 511 sic
1198 488 1308 512 tamen
1320 488 1356 511 ut
1369 479 1485 512 vetitas

89 524 189 562 illius
201 523 424 574 propositionis
435 524 455 560 ὲ
464 523 615 560 libertate
627 536 680 560 tua
696 526 836 574 pendeat
844 556 854 570 ,
865 538 900 562 ut
916 531 981 575 jam
992 525 1069 574 &pe
1081 527 1278 561 monuimus.

132 576 182 609 Ac
203 573 291 610 nulla
312 573 442 609 demum
459 573 506 608 est
527 572 713 618 mellitas,
735 573 791 609 nifi
814 587 854 610 ex
876 574 1088 624 suppositione
1102 604 1112 618 ,
1134 587 1269 622 quaeque
1286 573 1482 623 consequens

100 621 184 658 solet
201 621 358 672 appellari
370 637 378 659 :
391 623 481 670 quod
499 622 643 658 futuram
659 623 771 658 nostrae
793 623 953 659 libertatis
976 625 1282 660 determinationem
1304 622 1459 672 supponat
1471 655 1482 669 ,

99 683 167 707 non
184 683 369 720 praecurrat,
389 673 437 706 uti
451 672 578 707 videtur
595 672 775 708 Thomistis
786 702 795 716 ,
811 675 867 720 qui
881 673 1004 721 ubique
1024 673 1066 708 ad
1081 673 1201 708 divinae
1221 671 1397 708 voluntatis
1422 675 1482 708 de-

95 731 186 754 creta
197 719 229 755 se
238 721 409 768 recipiunt,
422 732 459 755 ut
471 721 634 768 explicent
643 733 707 768 qua
718 723 844 756 ratione
853 723 945 756 Deus
955 723 1044 757 astus
1054 751 1064 765 ‚
1080 723 1185 768 quiex
1203 720 1356 757 libertate
1372 723 1480 758 nostra

95 767 340 816 proficiscuntur·
352 798 362 812 ‚
380 767 423 803 ab
430 780 556 804 aeterno
573 769 769 817 praevideat:
785 782 857 804 cum
884 782 995 807 tamen
1012 773 1216 814 Bo'c'tiusf&
1240 774 1382 807 Veteres
1394 785 1479 820 pene

86 829 209 852 omnes
227 829 268 852 eo
281 830 349 852 non
365 817 581 867 confugerint.
593 821 683 855 Nam
697 816 829 853 difficile
849 821 888 853 iis
901 819 1001 855 visum
1013 820 1061 854 est
1076 820 1144 855 haec
1162 821 1280 855 divinae
1299 820 1474 856 voluntatis

85 865 225 902 decreta
236 895 246 911 ,
260 878 331 914 quae
340 865 481 901 fututam
495 866 673 903 voluntatis
689 867 803 902 nostrae
823 868 1133 904 determinationem
1155 870 1354 904 antecedunt
1373 898 1382 913 ,
1400 882 1473 904 cum

91 913 159 962 ipsa
173 915 322 950 libertate
332 927 530 963 componere
544 929 552 950 :
567 927 604 949 ac
623 913 847 951 difficillimum
869 917 916 950 est
933 917 1095 965 explicatu
1113 946 1123 960 ,
1147 919 1315 964 quomodo
1336 921 1424 953 Deus
1440 921 1476 954 in

91 963 230 998 decretis
239 962 298 998 suis
314 975 446 1010 peccata
464 963 571 998 futura
584 962 767 1012 cognoscat.
790 969 912 999 Verum
929 966 983 1000 ista
995 965 1093 1000 alium
1108 965 1214 1000 locum
1229 965 1404 1014 postulant.

125 1015 258 1046 Interim
272 1011 348 1046 illud
361 1010 547 1046 admonebo
559 1011 641 1047 hanc
650 1012 894 1047 Themistatum
911 1016 1101 1062 opinionem
1115 1027 1182 1048 non
1197 1015 1337 1049 multum
1352 1014 1471 1050 abhor-

88 1059 189 1095 rete&
201 1060 303 1109 rigida
313 1062 494 1095 Stoicorum
507 1059 662 1097 sententia
674 1061 778 1107 :quod
797 1063 883 1095 enim
903 1063 1020 1096 Stoicis
1038 1062 1143 1096 fatum
1162 1074 1231 1096 erat
1245 1091 1254 1104 ,
1270 1063 1302 1096 id
1331 1062 1401 1097 fere
1424 1064 1470 1098 est

83 1119 244 1144 aeternum
256 1111 320 1144 Dei
329 1109 505 1144 decretum.
522 1111 592 1143 lmo
607 1111 731 1143 Seneca
742 1109 805 1157 ipse
825 1109 911 1144 libro
922 1110 962 1144 de
975 1110 1202 1154 Providentia,
1213 1123 1281 1145 non
1299 1110 1386 1145 aliud
1405 1111 1469 1147 fari

85 1159 221 1193 nomine
232 1156 385 1205 intelligit
400 1157 501 1205 quam
519 1157 665 1193 divinam
679 1156 935 1206 dispofitionem:
951 1171 1011 1194 nec
1024 1161 1068 1193 ita
1085 1171 1144 1194 nos
1158 1161 1226 1208 tegi
1238 1160 1350 1195 divino
1367 1163 1471 1209 impe-

84 1207 136 1240 rio
157 1207 264 1242 statuit
279 1235 289 1250 ‚
298 1209 376 1254 quin
390 1205 602 1255 nosmetipsos
616 1219 750 1254 quoque
760 1208 800 1241 ad
809 1218 923 1243 nutum
934 1207 1110 1243 voluntatis
1128 1208 1242 1244 nostrae
1256 1221 1469 1252 moveamus;

82 1265 145 1290 nec
155 1255 296 1291 multum
318 1256 444 1291 videtur
461 1255 584 1291 alienus
605 1254 648 1290 ab
658 1258 700 1290 21'is
719 1258 959 1303 qui-omniaex
969 1258 1087 1292 divinis
1101 1257 1247 1292 >decretis
1265 1256 1466 1306 suspendunt.

83 1303 174 1338 Olim
187 1333 198 1348 ‚
208 1307 311 1353 inquit
322 1333 332 1347 ‚
347 1304 546 1349 constitutum
568 1304 610 1349 est
623 1332 631 1343 ‚
641 1306 892 1353 quidgaudeas„
903 1307 984 1352 quid
995 1305 1091 1351 fleas.
1123 1308 1178 1340 Ille
1192 1308 1254 1355 ipse
1273 1320 1378 1341 rerum
1394 1321 1468 1343 con-

82 1352 172 1387 ditor
193 1367 231 1389 tec
248 1353 476 1402 reflorfiripsit
495 1353 702 1400 quidemfatae
713 1382 724 1396 ,
733 1355 956 1400 fidftquitur.
980 1354 1110 1390 ‘Melius
1132 1355 1226 1391 Plato
1242 1356 1325 1404 apud
1340 1356 1466 1391 Plutar-

79 1399 290 1452 ehumnegat
300 1402 374 1438 fatis
385 1403 496 1436 omnia
510 1401 579 1437 fieri
597 1418 606 1444 3
624 1415 812 1450 quanquam
830 1402 913 1438 nihil
931 1417 999 1439 non
1026 1404 1100 1439 fatis
1116 1433 1125 1448 ,
1153 1405 1209 1439 aut
1235 1407 1341 1453 potius
1355 1405 1466 1441 divina

78 1451 290 1485 Providentia
300 1453 516 1486 contineatur.
540 1452 630 1486 Nam
643 1451 776 1498 pulchre
793 1451 895 1486 fatum
910 1464 984 1487 cum
998 1458 1062 1487 'ure
1074 1452 1164 1487 civili
1180 1465 1356 1500 comparat,
1366 1456 1462 1499 quid-

80 1497 158 1543 quid
173 1501 263 1533 enim
274 1501 342 1534 Lex
360 1498 590 1546 compleffitur
605 1526 614 1540 ,
627 1511 694 1533 non
708 1499 751 1532 est
764 1498 946 1545 legitimum
960 1513 968 1534 :
999 1501 1038 1534 ed
1061 1501 1092 1533 id
1108 1500 1207 1534 solum
1221 1502 1309 1547 quod
1337 1501 1357 1536 ἐι
1375 1504 1464 1550 Lege

118 1545 296 1595 rescriptum
306 1548 366 1581 est.
387 1546 449 1581 hoc
469 1546 653 1593 legitimum
667 1548 861 1583 nominatur.
881 1549 961 1582 Non
977 1546 1116 1583 diffimili
1133 1550 1262 1583 ratione
1280 1560 1318 1582 ea
1335 1561 1461 1585 tantum

76 1593 192 1628 fatalia
207 1607 263 1630 aut
279 1593 451 1631 neceffaria
466 1595 530 1628 dici
548 1593 690 1638 debent,
702 1593 818 1641 quibus
834 1593 929 1630 causae
941 1595 1056 1630 fatales
1073 1601 1107 1632 &
1125 1596 1303 1631 necelsariae
1320 1596 1387 1633 sunt
1401 1613 1459 1646 ap-

78 1653 168 1679 tatae:
195 1643 320 1691 reliqua
333 1643 467 1690 quidem
483 1644 556 1678 fatis
572 1671 581 1684 ,
601 1641 652 1678 seu
667 1645 772 1692 potius
801 1644 912 1679 divina
930 1645 1137 1693 providentia
1160 1648 1383 1691 continentur,
1409 1648 1460 1683 sed

75 1703 145 1726 non
157 1690 225 1728 sunt
241 1691 409 1728 neceffaria
418 1721 427 1735 ‚
438 1704 494 1726 aut
505 1691 625 1728 fatalia.

104 1741 220 1789 -1Qod
242 1753 349 1776 autem
369 1741 548 1775 identidem
566 1753 715 1790 regerunr
732 1769 741 1783 ,
755 1741 899 1777 divinam
926 1741 1179 1778 scientiam-falli
1202 1757 1269 1779 non
1282 1745 1367 1791 poffe
1380 1775 1389 1789 ‚
1405 1760 1458 1783 aut

72 1792 191 1824 mutari
205 1817 213 1832 ‚
227 1792 435 1837 quantumvis
448 1788 646 1837 propositum
658 1801 816 1825 mutemus
826 1820 836 1834 ‚
850 1804 888 1825 ex
902 1791 999 1827 dictis
1009 1790 1143 1827 solutum
1154 1796 1372 1829 manenNam
1385 1796 1457 1842 pos.

69 1836 174 1873 sumus
186 1851 308 1873 mutare
319 1836 535 1887 propositum:
558 1837 610 1873 sed
630 1839 692 1873 hoc
708 1838 810 1886 ipsum
829 1840 973 1875 divinam
995 1839 1230 1888 praescientiam
1254 1855 1318 1876 non
1339 1843 1455 1892 fugiet:

69 1884 148 1921 ficut
158 1887 318 1936 praesentis
337 1887 442 1931 oculi,
454 1899 490 1922 ut
506 1889 608 1922 Bo'e'tii
620 1887 807 1931 exemplum
821 1887 920 1923 rursus
933 1888 1109 1924 adhibeam
1122 1918 1131 1932 ,
1148 1888 1290 1937 effligere
1305 1904 1371 1926 non
1393 1906 1454 1941 po-

69 1946 118 1970 tes
132 1937 290 1972 intuitum
299 1965 308 1980 ‚
321 1939 468 1984 quamvis
483 1948 516 1971 te
530 1938 563 1971 in
574 1938 676 1971 varias
685 1937 831 1971 actiones
844 1936 946 1972 libera
960 1937 1130 1973 voluntate
1141 1942 1349 1975 converteriS.
1368 1943 1455 1976 Ma.

66 1994 140 2028 net,
152 1987 258 2033 inquit
271 1986 450 2033 ‚spec‘lator
466 1986 598 2034 defitper
609 1986 787 2020 cundlorum
796 1987 936 2033 praefi-ius
948 1987 1037 2021 Deus
1050 2014 1058 2025 ,
1075 1987 1266 2034 vtfiom'sque
1286 1992 1353 2027 ejus
1401 2003 1454 2024 νι-

57 2034 269 2082 sensftmper
284 2035 441 2068 aternitas
459 2047 528 2068 cum
548 2033 718 2078 nostrorum
730 2035 982 2081 alluumfutura
1001 2036 1164 2082 qualitate
1181 2038 1355 2080 concurrit,
1365 2001 1452 2074 ἔην’»-

64 2084 194 2128 premia
207 2110 215 2121 ‚
227 2083 482 2130 malisfiaepplt'cia
496 2082 684 2128 dispenfims.

101 2130 194 2166 lllam
205 2143 302 2180 porro
319 2134 384 2167 Dei
393 2133 630 2180 praenotionem
641 2130 723 2166 nihil
736 2130 882 2167 libertati
892 2132 1000 2168 nosttae
1013 2132 1142 2169 officere
1154 2133 1226 2170 satis
1244 2147 1320 2184 apte
1336 2136 1396 2171 hac
1412 2135 1451 2172 fi-

68 2178 251 2215 militudine
272 2180 410 2228 explicat
440 2182 641 2216 Ammonius.
665 2179 812 2214 Globum
832 2183 864 2216 in
883 2181 984 2229 plano
1013 2182 1209 2218 horizontali
1228 2184 1449 2228 quiescentem

67 2224 216 2273 supponit
228 2258 238 2272 ,
251 2233 334 2276 cujus
345 2228 562 2265 indifferentia
579 2229 757 2263 admotum
769 2241 824 2264 aut
844 2232 991 2277 quietem
1006 2230 1162 2266 libertatis
1190 2232 1304 2267 nostrae
1327 2235 1448 2281 :equili-

66 2272 172 2310 briem
186 2290 252 2312 non
269 2277 352 2312 male
364 2277 508 2315 exhibet.
535 2280 578 2313 At
596 2276 714 2325 fip¹ani
732 2277 898 2313 inclinatio
922 2278 978 2314 fiat
991 2307 1000 2321 ,
1019 2284 1084 2326 jam
1100 2280 1275 2316 necessario
1294 2283 1446 2318 movebi-

67 2333 130 2359 tur.
149 2325 202 2357 Sic·
210 2326 379 2372 postquam
391 2326 497 2362 fututa
508 2327 579 2362 'fuit
596 2326 772 2360 voluntatis
790 2328 824 2361 in
837 2326 984 2362 alienam·
991 2340 1116 2375 partem
1134 2329 1364 2366 determinatio
1376 2362 1384 2375 ‚
1400 2332 1446 2367 ‘fit

65 2372 213 2419 quaedam
226 2372 389 2411 necessitas
407 2389 415 2411 z
440 2375 497 2412 'sed
522 2388 561 2413 ex
585 2373 797 2425 suppositione
809 2387 953 2420 tantum,
975 2377 1065 2424 quod
1089 2375 1222 2427 seipsam
1236 2379 1449 2426 hucssexerit,

1187 2431 1213 2464 Z
1249 2430 1281 2476 iij
