<?xml version="1.0" encoding="UTF-8"?>
<!DOCTYPE html PUBLIC "-//W3C//DTD XHTML 1.0 Transitional//EN"
    "http://www.w3.org/TR/xhtml1/DTD/xhtml1-transitional.dtd">
<html xmlns="http://www.w3.org/1999/xhtml" xml:lang="en" lang="en">
 <head>
  <title>
</title>
<meta http-equiv="Content-Type" content="text/html;charset=utf-8" />
  <meta name='ocr-system' content='tesseract 3.04.00' />
  <meta name='ocr-capabilities' content='ocr_page ocr_carea ocr_par ocr_line ocrx_word'/>
</head>
<body>
  <div class='ocr_page' id='page_1' title='image "./philosophiavetus01duhauoft_0079.png"; bbox 0 0 1857 2745; ppageno 0'>
   <div class='ocr_carea' id='block_1_1' title="bbox 83 158 1486 2401">
    <p class='ocr_par' dir='ltr' id='par_1_1' title="bbox 83 158 1471 293">
     <span class='ocr_line' id='line_1_1' title="bbox 117 158 1471 240; baseline -0.001 -9"><span class='ocrx_word' id='word_1_1' title='bbox 117 196 224 234; x_wconf 80' lang='lat' dir='ltr'>Paries</span> <span class='ocrx_word' id='word_1_2' title='bbox 237 192 277 228; x_wconf 86' lang='lat' dir='ltr'>ad</span> <span class='ocrx_word' id='word_1_3' title='bbox 288 205 436 230; x_wconf 87' lang='lat' dir='ltr'>normam</span> <span class='ocrx_word' id='word_1_4' title='bbox 446 192 610 228; x_wconf 62' lang='lat' dir='ltr'>extructus</span> <span class='ocrx_word' id='word_1_5' title='bbox 619 191 678 227; x_wconf 83' lang='lat' dir='ltr'>stat</span> <span class='ocrx_word' id='word_1_6' title='bbox 689 190 806 228; x_wconf 85' lang='lat' dir='ltr'>firmus.</span> <span class='ocrx_word' id='word_1_7' title='bbox 822 191 886 227; x_wconf 87' lang='lat' dir='ltr'>Sed</span> <span class='ocrx_word' id='word_1_8' title='bbox 905 192 957 228; x_wconf 90' lang='lat' dir='ltr'>hic</span> <span class='ocrx_word' id='word_1_9' title='bbox 975 193 1077 240; x_wconf 86' lang='lat' dir='ltr'>paries</span> <span class='ocrx_word' id='word_1_10' title='bbox 1093 192 1132 228; x_wconf 89' lang='lat' dir='ltr'>ad</span> <span class='ocrx_word' id='word_1_11' title='bbox 1145 192 1360 239; x_wconf 79' lang='lat' dir='ltr'>normam‚seu</span> <span class='ocrx_word' id='word_1_12' title='bbox 1377 194 1417 229; x_wconf 81' lang='lat' dir='ltr'>ad</span> <span class='ocrx_word' id='word_1_13' title='bbox 1432 158 1471 229; x_wconf 59' lang='lat' dir='ltr'>ls-</span> 
     </span>
     <span class='ocr_line' id='line_1_2' title="bbox 83 240 1232 293; baseline -0.002 -13"><span class='ocrx_word' id='word_1_14' title='bbox 83 257 180 283; x_wconf 87' lang='lat' dir='ltr'>neam</span> <span class='ocrx_word' id='word_1_15' title='bbox 191 241 492 293; x_wconf 80' lang='lat' dir='ltr'>perpendicularem</span> <span class='ocrx_word' id='word_1_16' title='bbox 509 242 552 277; x_wconf 86' lang='lat' dir='ltr'>est</span> <span class='ocrx_word' id='word_1_17' title='bbox 562 242 733 279; x_wconf 53' lang='lat' dir='ltr'>extructus·</span> <span class='ocrx_word' id='word_1_18' title='bbox 747 244 831 291; x_wconf 80' lang='lat' dir='ltr'>Ergo</span> <span class='ocrx_word' id='word_1_19' title='bbox 847 240 955 278; x_wconf 80' lang='lat' dir='ltr'>firmus</span> <span class='ocrx_word' id='word_1_20' title='bbox 968 240 1011 275; x_wconf 87' lang='lat' dir='ltr'>est</span> <span class='ocrx_word' id='word_1_21' title='bbox 1022 269 1032 284; x_wconf 84' lang='lat'>,</span> <span class='ocrx_word' id='word_1_22' title='bbox 1050 253 1117 277; x_wconf 89' lang='lat' dir='ltr'>non</span> <span class='ocrx_word' id='word_1_23' title='bbox 1129 254 1232 279; x_wconf 88' lang='lat' dir='ltr'>nutat.</span> 
     </span>
    </p>

    <p class='ocr_par' dir='ltr' id='par_1_2' title="bbox 83 289 1474 588">
     <span class='ocr_line' id='line_1_3' title="bbox 120 289 1472 342; baseline 0 -16"><span class='ocrx_word' id='word_1_24' title='bbox 120 295 159 331; x_wconf 80' lang='lat' dir='ltr'>R,</span> <span class='ocrx_word' id='word_1_25' title='bbox 177 294 265 342; x_wconf 86' lang='lat' dir='ltr'>Neg.</span> <span class='ocrx_word' id='word_1_26' title='bbox 285 294 377 335; x_wconf 74' lang='lat' dir='ltr'>Mas.</span> <span class='ocrx_word' id='word_1_27' title='bbox 398 295 493 329; x_wconf 86' lang='lat' dir='ltr'>Artes</span> <span class='ocrx_word' id='word_1_28' title='bbox 508 295 595 327; x_wconf 77' lang='lat' dir='ltr'>enirn</span> <span class='ocrx_word' id='word_1_29' title='bbox 610 304 722 326; x_wconf 87' lang='lat' dir='ltr'>omnes</span> <span class='ocrx_word' id='word_1_30' title='bbox 734 305 800 327; x_wconf 87' lang='lat' dir='ltr'>non</span> <span class='ocrx_word' id='word_1_31' title='bbox 823 302 889 326; x_wconf 82' lang='lat' dir='ltr'>tam</span> <span class='ocrx_word' id='word_1_32' title='bbox 907 289 1031 338; x_wconf 68' lang='lat' dir='ltr'>objesti</span> <span class='ocrx_word' id='word_1_33' title='bbox 1057 289 1102 325; x_wconf 87' lang='lat' dir='ltr'>sui</span> <span class='ocrx_word' id='word_1_34' title='bbox 1120 294 1272 327; x_wconf 81' lang='lat' dir='ltr'>notitiam</span> <span class='ocrx_word' id='word_1_35' title='bbox 1288 320 1296 334; x_wconf 90' lang='lat'><em>‚</em></span> <span class='ocrx_word' id='word_1_36' title='bbox 1317 290 1417 339; x_wconf 67' lang='lat' dir='ltr'>quarn</span> <span class='ocrx_word' id='word_1_37' title='bbox 1435 291 1472 326; x_wconf 88' lang='lat' dir='ltr'>il-</span> 
     </span>
     <span class='ocr_line' id='line_1_4' title="bbox 83 338 1472 390; baseline -0.004 -12"><span class='ocrx_word' id='word_1_38' title='bbox 83 343 141 379; x_wconf 76' lang='lat' dir='ltr'>iius</span> <span class='ocrx_word' id='word_1_39' title='bbox 159 343 491 390; x_wconf 70' lang='lat' dir='ltr'>produffionein,aut</span> <span class='ocrx_word' id='word_1_40' title='bbox 506 353 582 390; x_wconf 77' lang='lat' dir='ltr'>gen&lt;</span> <span class='ocrx_word' id='word_1_41' title='bbox 590 338 645 374; x_wconf 82' lang='lat' dir='ltr'>sim</span> <span class='ocrx_word' id='word_1_42' title='bbox 662 340 816 390; x_wconf 58' lang='lat' dir='ltr'>specstant.</span> <span class='ocrx_word' id='word_1_43' title='bbox 829 342 950 388; x_wconf 84' lang='lat' dir='ltr'>Neque</span> <span class='ocrx_word' id='word_1_44' title='bbox 968 339 1089 374; x_wconf 79' lang='lat' dir='ltr'>artifex</span> <span class='ocrx_word' id='word_1_45' title='bbox 1107 341 1206 376; x_wconf 77' lang='lat' dir='ltr'>ullam</span> <span class='ocrx_word' id='word_1_46' title='bbox 1219 338 1323 375; x_wconf 88' lang='lat' dir='ltr'>efficit</span> <span class='ocrx_word' id='word_1_47' title='bbox 1335 341 1472 376; x_wconf 71' lang='lat' dir='ltr'>deme-n..</span> 
     </span>
     <span class='ocr_line' id='line_1_5' title="bbox 83 388 1474 438; baseline -0.001 -12"><span class='ocrx_word' id='word_1_48' title='bbox 83 393 289 433; x_wconf 87' lang='lat' dir='ltr'>strationem,</span> <span class='ocrx_word' id='word_1_49' title='bbox 310 401 348 425; x_wconf 87' lang='lat' dir='ltr'>ut</span> <span class='ocrx_word' id='word_1_50' title='bbox 358 391 404 425; x_wconf 89' lang='lat' dir='ltr'>est</span> <span class='ocrx_word' id='word_1_51' title='bbox 415 390 552 433; x_wconf 79' lang='lat' dir='ltr'>artifex,</span> <span class='ocrx_word' id='word_1_52' title='bbox 581 389 632 424; x_wconf 87' lang='lat' dir='ltr'>sed</span> <span class='ocrx_word' id='word_1_53' title='bbox 652 391 738 425; x_wconf 87' lang='lat' dir='ltr'>forte</span> <span class='ocrx_word' id='word_1_54' title='bbox 768 401 802 425; x_wconf 86' lang='lat' dir='ltr'>ut</span> <span class='ocrx_word' id='word_1_55' title='bbox 819 388 979 438; x_wconf 68' lang='lat' dir='ltr'>superiore</span> <span class='ocrx_word' id='word_1_56' title='bbox 1004 388 1066 423; x_wconf 83' lang='lat' dir='ltr'>alia</span> <span class='ocrx_word' id='word_1_57' title='bbox 1091 388 1221 425; x_wconf 82' lang='lat' dir='ltr'>scientia</span> <span class='ocrx_word' id='word_1_58' title='bbox 1236 401 1412 436; x_wconf 87' lang='lat' dir='ltr'>utcumque</span> <span class='ocrx_word' id='word_1_59' title='bbox 1430 390 1474 425; x_wconf 88' lang='lat' dir='ltr'>est</span> 
     </span>
     <span class='ocr_line' id='line_1_6' title="bbox 84 437 1473 488; baseline -0.005 -12"><span class='ocrx_word' id='word_1_60' title='bbox 84 441 258 476; x_wconf 58' lang='lat' dir='ltr'>instructus.</span> <span class='ocrx_word' id='word_1_61' title='bbox 276 441 329 474; x_wconf 85' lang='lat' dir='ltr'>Sic</span> <span class='ocrx_word' id='word_1_62' title='bbox 345 453 416 488; x_wconf 85' lang='lat' dir='ltr'>quae</span> <span class='ocrx_word' id='word_1_63' title='bbox 427 439 557 476; x_wconf 82' lang='lat' dir='ltr'>affertur</span> <span class='ocrx_word' id='word_1_64' title='bbox 567 440 796 474; x_wconf 76' lang='lat' dir='ltr'>demonstratio</span> <span class='ocrx_word' id='word_1_65' title='bbox 812 468 822 483; x_wconf 86' lang='lat'>,</span> <span class='ocrx_word' id='word_1_66' title='bbox 839 439 879 474; x_wconf 85' lang='lat' dir='ltr'>ad</span> <span class='ocrx_word' id='word_1_67' title='bbox 894 437 1060 487; x_wconf 83' lang='lat' dir='ltr'>Phyficam</span> <span class='ocrx_word' id='word_1_68' title='bbox 1078 443 1220 487; x_wconf 83' lang='lat' dir='ltr'>pertinet</span> <span class='ocrx_word' id='word_1_69' title='bbox 1237 468 1245 481; x_wconf 84' lang='lat'>‚</span> <span class='ocrx_word' id='word_1_70' title='bbox 1265 452 1337 473; x_wconf 84' lang='lat' dir='ltr'>cum</span> <span class='ocrx_word' id='word_1_71' title='bbox 1350 440 1473 487; x_wconf 82' lang='lat' dir='ltr'>princi-</span> 
     </span>
     <span class='ocr_line' id='line_1_7' title="bbox 83 485 1472 539; baseline -0.001 -15"><span class='ocrx_word' id='word_1_72' title='bbox 83 493 140 539; x_wconf 84' lang='lat' dir='ltr'>pio</span> <span class='ocrx_word' id='word_1_73' title='bbox 150 490 194 538; x_wconf 93' lang='lat' dir='ltr'>ph</span> <span class='ocrx_word' id='word_1_74' title='bbox 219 487 280 524; x_wconf 82' lang='lat' dir='ltr'>fico</span> <span class='ocrx_word' id='word_1_75' title='bbox 290 490 447 525; x_wconf 82' lang='lat' dir='ltr'>innitatur</span> <span class='ocrx_word' id='word_1_76' title='bbox 465 519 473 533; x_wconf 86' lang='lat'>‚</span> <span class='ocrx_word' id='word_1_77' title='bbox 495 501 594 537; x_wconf 77' lang='lat' dir='ltr'>atque</span> <span class='ocrx_word' id='word_1_78' title='bbox 607 491 710 523; x_wconf 85' lang='lat' dir='ltr'>omnis</span> <span class='ocrx_word' id='word_1_79' title='bbox 722 485 955 524; x_wconf 76' lang='lat' dir='ltr'>demonstratio</span> <span class='ocrx_word' id='word_1_80' title='bbox 967 487 1008 521; x_wconf 86' lang='lat' dir='ltr'>ad</span> <span class='ocrx_word' id='word_1_81' title='bbox 1019 499 1092 523; x_wconf 84' lang='lat' dir='ltr'>eam</span> <span class='ocrx_word' id='word_1_82' title='bbox 1103 489 1262 523; x_wconf 73' lang='lat' dir='ltr'>referatur</span> <span class='ocrx_word' id='word_1_83' title='bbox 1283 488 1450 522; x_wconf 69' lang='lat' dir='ltr'>scientiam</span> <span class='ocrx_word' id='word_1_84' title='bbox 1462 515 1472 530; x_wconf 91' lang='lat'>,</span> 
     </span>
     <span class='ocr_line' id='line_1_8' title="bbox 85 536 884 588; baseline -0.001 -14"><span class='ocrx_word' id='word_1_85' title='bbox 85 543 172 588; x_wconf 84' lang='lat' dir='ltr'>cujus</span> <span class='ocrx_word' id='word_1_86' title='bbox 203 549 262 573; x_wconf 87' lang='lat' dir='ltr'>unt</span> <span class='ocrx_word' id='word_1_87' title='bbox 277 540 434 588; x_wconf 83' lang='lat' dir='ltr'>principia</span> <span class='ocrx_word' id='word_1_88' title='bbox 450 567 459 582; x_wconf 88' lang='lat'>‚</span> <span class='ocrx_word' id='word_1_89' title='bbox 477 539 562 573; x_wconf 88' lang='lat' dir='ltr'>unde</span> <span class='ocrx_word' id='word_1_90' title='bbox 583 540 702 573; x_wconf 78' lang='lat' dir='ltr'>eruitur</span> <span class='ocrx_word' id='word_1_91' title='bbox 718 536 884 573; x_wconf 75' lang='lat' dir='ltr'>conclufio.</span> 
     </span>
    </p>

    <p class='ocr_par' dir='ltr' id='par_1_3' title="bbox 85 584 1479 1028">
     <span class='ocr_line' id='line_1_9' title="bbox 123 584 1476 633; baseline -0.004 -10"><span class='ocrx_word' id='word_1_92' title='bbox 123 590 177 623; x_wconf 87' lang='lat' dir='ltr'>Sic</span> <span class='ocrx_word' id='word_1_93' title='bbox 188 587 370 622; x_wconf 81' lang='lat' dir='ltr'>Rhetorica</span> <span class='ocrx_word' id='word_1_94' title='bbox 380 594 413 625; x_wconf 91' lang='lat'><strong>&amp;</strong></span> <span class='ocrx_word' id='word_1_95' title='bbox 423 591 643 622; x_wconf 81' lang='lat' dir='ltr'>Grammatica</span> <span class='ocrx_word' id='word_1_96' title='bbox 653 588 733 623; x_wconf 79' lang='lat' dir='ltr'>nihil</span> <span class='ocrx_word' id='word_1_97' title='bbox 755 588 825 623; x_wconf 86' lang='lat' dir='ltr'>sunt</span> <span class='ocrx_word' id='word_1_98' title='bbox 835 585 891 622; x_wconf 86' lang='lat' dir='ltr'>nisi</span> <span class='ocrx_word' id='word_1_99' title='bbox 900 598 983 621; x_wconf 84' lang='lat' dir='ltr'>artes</span> <span class='ocrx_word' id='word_1_100' title='bbox 994 615 1003 629; x_wconf 83' lang='lat'>‚</span> <span class='ocrx_word' id='word_1_101' title='bbox 1020 598 1090 633; x_wconf 87' lang='lat' dir='ltr'>quae</span> <span class='ocrx_word' id='word_1_102' title='bbox 1105 587 1207 633; x_wconf 71' lang='lat' dir='ltr'>magis</span> <span class='ocrx_word' id='word_1_103' title='bbox 1216 584 1267 619; x_wconf 87' lang='lat' dir='ltr'>usu</span> <span class='ocrx_word' id='word_1_104' title='bbox 1279 612 1287 625; x_wconf 87' lang='grc'>,</span> <span class='ocrx_word' id='word_1_105' title='bbox 1302 584 1403 631; x_wconf 69' lang='lat' dir='ltr'>quam</span> <span class='ocrx_word' id='word_1_106' title='bbox 1419 586 1476 619; x_wconf 84' lang='lat' dir='ltr'>de-</span> 
     </span>
     <span class='ocr_line' id='line_1_10' title="bbox 85 634 1476 682; baseline -0.005 -10"><span class='ocrx_word' id='word_1_107' title='bbox 85 635 369 673; x_wconf 84' lang='lat' dir='ltr'>monstrationibus</span> <span class='ocrx_word' id='word_1_108' title='bbox 381 639 545 682; x_wconf 78' lang='lat' dir='ltr'>nituntur3</span> <span class='ocrx_word' id='word_1_109' title='bbox 562 637 617 672; x_wconf 80' lang='lat' dir='ltr'>illa</span> <span class='ocrx_word' id='word_1_110' title='bbox 631 649 783 672; x_wconf 84' lang='lat' dir='ltr'>ornatum</span> <span class='ocrx_word' id='word_1_111' title='bbox 795 667 804 681; x_wconf 91' lang='lat'><em>‚</em></span> <span class='ocrx_word' id='word_1_112' title='bbox 828 637 893 671; x_wconf 84' lang='lat' dir='ltr'>haec</span> <span class='ocrx_word' id='word_1_113' title='bbox 917 634 1068 670; x_wconf 88' lang='lat' dir='ltr'>sermonis</span> <span class='ocrx_word' id='word_1_114' title='bbox 1091 636 1363 669; x_wconf 72' lang='lat' dir='ltr'>construffionem</span> <span class='ocrx_word' id='word_1_115' title='bbox 1382 663 1391 677; x_wconf 94' lang='lat'><em>‚</em></span> <span class='ocrx_word' id='word_1_116' title='bbox 1410 637 1476 669; x_wconf 66' lang='lat' dir='ltr'>Lo⁴</span> 
     </span>
     <span class='ocr_line' id='line_1_11' title="bbox 85 683 1478 735; baseline -0.004 -14"><span class='ocrx_word' id='word_1_117' title='bbox 85 688 157 735; x_wconf 79' lang='lat' dir='ltr'>gica</span> <span class='ocrx_word' id='word_1_118' title='bbox 170 687 344 721; x_wconf 80' lang='lat' dir='ltr'>veritatem</span> <span class='ocrx_word' id='word_1_119' title='bbox 359 688 471 734; x_wconf 87' lang='lat' dir='ltr'>quaerit</span> <span class='ocrx_word' id='word_1_120' title='bbox 491 701 498 722; x_wconf 77' lang='grc' dir='ltr'>ε</span> <span class='ocrx_word' id='word_1_121' title='bbox 518 686 591 722; x_wconf 88' lang='lat' dir='ltr'>hinc</span> <span class='ocrx_word' id='word_1_122' title='bbox 609 700 676 722; x_wconf 88' lang='lat' dir='ltr'>non</span> <span class='ocrx_word' id='word_1_123' title='bbox 694 698 819 722; x_wconf 86' lang='lat' dir='ltr'>tantum</span> <span class='ocrx_word' id='word_1_124' title='bbox 834 683 957 734; x_wconf 82' lang='lat' dir='ltr'>regulas</span> <span class='ocrx_word' id='word_1_125' title='bbox 973 685 1070 719; x_wconf 80' lang='lat' dir='ltr'>tradit</span> <span class='ocrx_word' id='word_1_126' title='bbox 1082 713 1092 727; x_wconf 86' lang='lat'>,</span> <span class='ocrx_word' id='word_1_127' title='bbox 1109 696 1164 718; x_wconf 83' lang='lat' dir='ltr'>aut</span> <span class='ocrx_word' id='word_1_128' title='bbox 1177 695 1352 733; x_wconf 70' lang='lat' dir='ltr'>praecepta,</span> <span class='ocrx_word' id='word_1_129' title='bbox 1373 683 1425 718; x_wconf 91' lang='lat' dir='ltr'>sed</span> <span class='ocrx_word' id='word_1_130' title='bbox 1438 695 1478 716; x_wconf 83' lang='lat' dir='ltr'>ea</span> 
     </span>
     <span class='ocr_line' id='line_1_12' title="bbox 86 732 1478 781; baseline -0.002 -12"><span class='ocrx_word' id='word_1_131' title='bbox 86 734 412 770; x_wconf 79' lang='lat' dir='ltr'>demonstrationibus</span> <span class='ocrx_word' id='word_1_132' title='bbox 430 738 535 770; x_wconf 88' lang='lat' dir='ltr'>munit</span> <span class='ocrx_word' id='word_1_133' title='bbox 551 741 585 772; x_wconf 65' lang='grc' dir='ltr'>ὃς</span> <span class='ocrx_word' id='word_1_134' title='bbox 598 735 779 771; x_wconf 84' lang='lat' dir='ltr'>confirmat.</span> <span class='ocrx_word' id='word_1_135' title='bbox 821 736 1042 768; x_wconf 85' lang='lat' dir='ltr'>Grammatica</span> <span class='ocrx_word' id='word_1_136' title='bbox 1070 745 1148 767; x_wconf 81' lang='lat' dir='ltr'>vero</span> <span class='ocrx_word' id='word_1_137' title='bbox 1171 732 1251 768; x_wconf 90' lang='lat' dir='ltr'>nihil</span> <span class='ocrx_word' id='word_1_138' title='bbox 1271 735 1400 781; x_wconf 83' lang='lat' dir='ltr'>proprie</span> <span class='ocrx_word' id='word_1_139' title='bbox 1421 733 1478 766; x_wconf 89' lang='lat' dir='ltr'>de-</span> 
     </span>
     <span class='ocr_line' id='line_1_13' title="bbox 87 781 1477 831; baseline -0.001 -12"><span class='ocrx_word' id='word_1_140' title='bbox 87 784 242 819; x_wconf 87' lang='lat' dir='ltr'>monstrat</span> <span class='ocrx_word' id='word_1_141' title='bbox 255 784 296 818; x_wconf 89' lang='lat' dir='ltr'>de</span> <span class='ocrx_word' id='word_1_142' title='bbox 306 782 361 818; x_wconf 86' lang='lat' dir='ltr'>suo</span> <span class='ocrx_word' id='word_1_143' title='bbox 371 783 521 831; x_wconf 65' lang='lat' dir='ltr'>objeCko:</span> <span class='ocrx_word' id='word_1_144' title='bbox 539 796 610 817; x_wconf 87' lang='lat' dir='ltr'>cum</span> <span class='ocrx_word' id='word_1_145' title='bbox 633 784 718 818; x_wconf 88' lang='lat' dir='ltr'>illius</span> <span class='ocrx_word' id='word_1_146' title='bbox 744 782 859 831; x_wconf 65' lang='lat' dir='ltr'>tegulae</span> <span class='ocrx_word' id='word_1_147' title='bbox 880 794 921 818; x_wconf 83' lang='lat' dir='ltr'>ex</span> <span class='ocrx_word' id='word_1_148' title='bbox 949 782 1120 817; x_wconf 88' lang='lat' dir='ltr'>hominum</span> <span class='ocrx_word' id='word_1_149' title='bbox 1146 783 1310 831; x_wconf 67' lang='lat' dir='ltr'>pendeant</span> <span class='ocrx_word' id='word_1_150' title='bbox 1331 781 1477 817; x_wconf 71' lang='lat' dir='ltr'>arbitrio,</span> 
     </span>
     <span class='ocr_line' id='line_1_14' title="bbox 86 831 1478 881; baseline -0.004 -12"><span class='ocrx_word' id='word_1_151' title='bbox 86 833 236 880; x_wconf 81' lang='lat' dir='ltr'>Reliquae</span> <span class='ocrx_word' id='word_1_152' title='bbox 252 844 336 867; x_wconf 88' lang='lat' dir='ltr'>artes</span> <span class='ocrx_word' id='word_1_153' title='bbox 352 860 361 875; x_wconf 90' lang='lat'><strong>,</strong></span> <span class='ocrx_word' id='word_1_154' title='bbox 372 831 394 868; x_wconf 84' lang='lat' dir='ltr'>si</span> <span class='ocrx_word' id='word_1_155' title='bbox 408 845 476 881; x_wconf 82' lang='lat' dir='ltr'>quae</span> <span class='ocrx_word' id='word_1_156' title='bbox 487 831 712 867; x_wconf 87' lang='lat' dir='ltr'>demonstrent</span> <span class='ocrx_word' id='word_1_157' title='bbox 735 831 802 867; x_wconf 80' lang='lat' dir='ltr'>suas</span> <span class='ocrx_word' id='word_1_158' title='bbox 818 831 942 881; x_wconf 80' lang='lat' dir='ltr'>regulas</span> <span class='ocrx_word' id='word_1_159' title='bbox 954 861 962 875; x_wconf 83' lang='lat'>‚</span> <span class='ocrx_word' id='word_1_160' title='bbox 987 834 1145 880; x_wconf 73' lang='lat' dir='ltr'>principia</span> <span class='ocrx_word' id='word_1_161' title='bbox 1168 832 1478 867; x_wconf 75' lang='lat' dir='ltr'>demonstrationum</span> 
     </span>
     <span class='ocr_line' id='line_1_15' title="bbox 85 879 1478 930; baseline -0.001 -13"><span class='ocrx_word' id='word_1_162' title='bbox 85 881 214 917; x_wconf 87' lang='lat' dir='ltr'>aliunde</span> <span class='ocrx_word' id='word_1_163' title='bbox 230 892 424 917; x_wconf 84' lang='lat' dir='ltr'>mutuantur.</span> <span class='ocrx_word' id='word_1_164' title='bbox 452 881 516 916; x_wconf 89' lang='lat' dir='ltr'>Sed</span> <span class='ocrx_word' id='word_1_165' title='bbox 535 884 656 930; x_wconf 85' lang='lat' dir='ltr'>Logica</span> <span class='ocrx_word' id='word_1_166' title='bbox 675 882 965 917; x_wconf 86' lang='lat' dir='ltr'>demonstrationes</span> <span class='ocrx_word' id='word_1_167' title='bbox 983 879 1103 924; x_wconf 78' lang='lat' dir='ltr'>efficit,</span> <span class='ocrx_word' id='word_1_168' title='bbox 1133 894 1200 929; x_wconf 68' lang='lat' dir='ltr'>quae</span> <span class='ocrx_word' id='word_1_169' title='bbox 1226 893 1262 916; x_wconf 79' lang='lat' dir='ltr'>ex</span> <span class='ocrx_word' id='word_1_170' title='bbox 1287 883 1423 929; x_wconf 78' lang='lat' dir='ltr'>propriis</span> <span class='ocrx_word' id='word_1_171' title='bbox 1444 885 1478 916; x_wconf 86' lang='lat'>&amp;</span> 
     </span>
     <span class='ocr_line' id='line_1_16' title="bbox 85 930 1479 979; baseline -0.003 -13"><span class='ocrx_word' id='word_1_172' title='bbox 85 933 181 966; x_wconf 84' lang='lat' dir='ltr'>certis</span> <span class='ocrx_word' id='word_1_173' title='bbox 192 931 358 979; x_wconf 79' lang='lat' dir='ltr'>principiis</span> <span class='ocrx_word' id='word_1_174' title='bbox 369 931 526 966; x_wconf 84' lang='lat' dir='ltr'>ducuntur</span> <span class='ocrx_word' id='word_1_175' title='bbox 536 959 546 974; x_wconf 90' lang='lat'>‚</span> <span class='ocrx_word' id='word_1_176' title='bbox 555 943 620 966; x_wconf 88' lang='lat' dir='ltr'>non</span> <span class='ocrx_word' id='word_1_177' title='bbox 631 932 826 965; x_wconf 85' lang='lat' dir='ltr'>mutuatitiis</span> <span class='ocrx_word' id='word_1_178' title='bbox 837 930 994 966; x_wconf 84' lang='lat' dir='ltr'>duntaxat</span> <span class='ocrx_word' id='word_1_179' title='bbox 1007 959 1016 974; x_wconf 89' lang='lat'><em>‚</em></span> <span class='ocrx_word' id='word_1_180' title='bbox 1035 941 1089 965; x_wconf 89' lang='lat' dir='ltr'>aut</span> <span class='ocrx_word' id='word_1_181' title='bbox 1104 942 1142 963; x_wconf 80' lang='lat' dir='ltr'>ex</span> <span class='ocrx_word' id='word_1_182' title='bbox 1159 931 1374 965; x_wconf 69' lang='lat' dir='ltr'>foecunditate</span> <span class='ocrx_word' id='word_1_183' title='bbox 1387 931 1479 978; x_wconf 80' lang='lat' dir='ltr'>inge-</span> 
     </span>
     <span class='ocr_line' id='line_1_17' title="bbox 88 979 509 1028; baseline 0.002 -15"><span class='ocrx_word' id='word_1_184' title='bbox 88 982 136 1017; x_wconf 86' lang='lat' dir='ltr'>nii</span> <span class='ocrx_word' id='word_1_185' title='bbox 155 979 327 1028; x_wconf 75' lang='lat' dir='ltr'>defiarnptis</span> <span class='ocrx_word' id='word_1_186' title='bbox 351 981 509 1014; x_wconf 88' lang='lat' dir='ltr'>innititur.</span> 
     </span>
    </p>

    <p class='ocr_par' dir='ltr' id='par_1_4' title="bbox 88 1026 1479 1122">
     <span class='ocr_line' id='line_1_18' title="bbox 121 1026 1479 1075; baseline -0.001 -14"><span class='ocrx_word' id='word_1_187' title='bbox 121 1030 176 1061; x_wconf 78' lang='lat' dir='ltr'>‘Ur</span> <span class='ocrx_word' id='word_1_188' title='bbox 200 1040 260 1064; x_wconf 82' lang='lat' dir='ltr'>ent.</span> <span class='ocrx_word' id='word_1_189' title='bbox 272 1030 493 1074; x_wconf 83' lang='lat' dir='ltr'>Operationes</span> <span class='ocrx_word' id='word_1_190' title='bbox 513 1029 633 1062; x_wconf 85' lang='lat' dir='ltr'>mentis</span> <span class='ocrx_word' id='word_1_191' title='bbox 646 1027 790 1075; x_wconf 86' lang='lat' dir='ltr'>pendent</span> <span class='ocrx_word' id='word_1_192' title='bbox 799 1027 818 1062; x_wconf 76' lang='grc' dir='ltr'>ἒι</span> <span class='ocrx_word' id='word_1_193' title='bbox 829 1028 995 1074; x_wconf 82' lang='lat' dir='ltr'>praeceptis</span> <span class='ocrx_word' id='word_1_194' title='bbox 1007 1055 1016 1069; x_wconf 87' lang='lat'>‚</span> <span class='ocrx_word' id='word_1_195' title='bbox 1028 1039 1096 1073; x_wconf 69' lang='lat' dir='ltr'>quae</span> <span class='ocrx_word' id='word_1_196' title='bbox 1112 1026 1181 1061; x_wconf 80' lang='lat' dir='ltr'>sunt</span> <span class='ocrx_word' id='word_1_197' title='bbox 1191 1027 1361 1062; x_wconf 79' lang='lat' dir='ltr'>mutabilia</span> <span class='ocrx_word' id='word_1_198' title='bbox 1376 1040 1384 1061; x_wconf 78' lang='lat' dir='ltr'>z</span> <span class='ocrx_word' id='word_1_199' title='bbox 1400 1037 1479 1073; x_wconf 78' lang='lat' dir='ltr'>ergo</span> 
     </span>
     <span class='ocr_line' id='line_1_19' title="bbox 88 1041 1014 1122; baseline -0.004 -10"><span class='ocrx_word' id='word_1_200' title='bbox 88 1041 237 1115; x_wconf 50' lang='lat' dir='ltr'>nonlsint</span> <span class='ocrx_word' id='word_1_201' title='bbox 254 1074 450 1119; x_wconf 83' lang='lat' dir='ltr'>necessariae‚</span> <span class='ocrx_word' id='word_1_202' title='bbox 468 1077 570 1110; x_wconf 87' lang='lat' dir='ltr'>etiam</span> <span class='ocrx_word' id='word_1_203' title='bbox 589 1087 750 1122; x_wconf 87' lang='lat' dir='ltr'>quantum</span> <span class='ocrx_word' id='word_1_204' title='bbox 775 1076 814 1109; x_wconf 89' lang='lat' dir='ltr'>ad</span> <span class='ocrx_word' id='word_1_205' title='bbox 836 1073 1014 1108; x_wconf 70' lang='lat' dir='ltr'>essentiam.</span> 
     </span>
    </p>

    <p class='ocr_par' dir='ltr' id='par_1_5' title="bbox 137 1121 942 1173">
     <span class='ocr_line' id='line_1_20' title="bbox 137 1121 942 1173; baseline 0.001 -16"><span class='ocrx_word' id='word_1_206' title='bbox 137 1125 175 1162; x_wconf 88' lang='lat' dir='ltr'>R.</span> <span class='ocrx_word' id='word_1_207' title='bbox 196 1124 360 1173; x_wconf 80' lang='lat' dir='ltr'>Negando</span> <span class='ocrx_word' id='word_1_208' title='bbox 374 1136 532 1173; x_wconf 84' lang='lat' dir='ltr'>praecepta</span> <span class='ocrx_word' id='word_1_209' title='bbox 547 1125 673 1173; x_wconf 80' lang='lat' dir='ltr'>Logicae</span> <span class='ocrx_word' id='word_1_210' title='bbox 688 1122 747 1158; x_wconf 74' lang='lat' dir='ltr'>effe</span> <span class='ocrx_word' id='word_1_211' title='bbox 762 1121 942 1159; x_wconf 74' lang='lat' dir='ltr'>mutabilia.</span> 
     </span>
    </p>

    <p class='ocr_par' dir='ltr' id='par_1_6' title="bbox 84 1172 1144 1222">
     <span class='ocr_line' id='line_1_21' title="bbox 84 1172 1144 1222; baseline -0.001 -13"><span class='ocrx_word' id='word_1_212' title='bbox 84 1188 89 1193; x_wconf 78' lang='grc'>’</span> <span class='ocrx_word' id='word_1_213' title='bbox 139 1174 203 1209; x_wconf 88' lang='lat' dir='ltr'>Sed</span> <span class='ocrx_word' id='word_1_214' title='bbox 214 1173 346 1218; x_wconf 88' lang='lat' dir='ltr'>frustra,</span> <span class='ocrx_word' id='word_1_215' title='bbox 364 1175 468 1221; x_wconf 79' lang='lat' dir='ltr'>inquis</span> <span class='ocrx_word' id='word_1_216' title='bbox 482 1202 492 1217; x_wconf 85' lang='lat'><strong>,</strong></span> <span class='ocrx_word' id='word_1_217' title='bbox 511 1173 628 1209; x_wconf 84' lang='lat' dir='ltr'>dantur</span> <span class='ocrx_word' id='word_1_218' title='bbox 647 1185 806 1222; x_wconf 78' lang='lat' dir='ltr'>praecepta</span> <span class='ocrx_word' id='word_1_219' title='bbox 821 1173 861 1206; x_wconf 89' lang='lat' dir='ltr'>de</span> <span class='ocrx_word' id='word_1_220' title='bbox 880 1184 913 1207; x_wconf 86' lang='lat' dir='ltr'>re</span> <span class='ocrx_word' id='word_1_221' title='bbox 934 1172 1144 1208; x_wconf 83' lang='lat' dir='ltr'>immutabili.</span> 
     </span>
    </p>

    <p class='ocr_par' dir='ltr' id='par_1_7' title="bbox 89 1219 1481 1322">
     <span class='ocr_line' id='line_1_22' title="bbox 132 1219 1481 1271; baseline -0.003 -10"><span class='ocrx_word' id='word_1_222' title='bbox 132 1223 170 1260; x_wconf 83' lang='lat' dir='ltr'>R.</span> <span class='ocrx_word' id='word_1_223' title='bbox 200 1225 282 1261; x_wconf 86' lang='lat' dir='ltr'>Non</span> <span class='ocrx_word' id='word_1_224' title='bbox 297 1223 409 1259; x_wconf 85' lang='lat' dir='ltr'>frustra</span> <span class='ocrx_word' id='word_1_225' title='bbox 431 1223 501 1257; x_wconf 82' lang='lat' dir='ltr'>dari</span> <span class='ocrx_word' id='word_1_226' title='bbox 518 1222 573 1257; x_wconf 88' lang='lat' dir='ltr'>illa</span> <span class='ocrx_word' id='word_1_227' title='bbox 589 1233 766 1271; x_wconf 80' lang='lat' dir='ltr'>praecepta:</span> <span class='ocrx_word' id='word_1_228' title='bbox 784 1234 857 1257; x_wconf 87' lang='lat' dir='ltr'>cum</span> <span class='ocrx_word' id='word_1_229' title='bbox 878 1224 1086 1269; x_wconf 82' lang='lat' dir='ltr'>operationes</span> <span class='ocrx_word' id='word_1_230' title='bbox 1111 1224 1228 1256; x_wconf 83' lang='lat' dir='ltr'>mentis</span> <span class='ocrx_word' id='word_1_231' title='bbox 1244 1219 1329 1256; x_wconf 86' lang='lat' dir='ltr'>bene</span> <span class='ocrx_word' id='word_1_232' title='bbox 1348 1225 1382 1257; x_wconf 63' lang='grc' dir='ltr'>ἃ</span> <span class='ocrx_word' id='word_1_233' title='bbox 1397 1221 1481 1257; x_wconf 86' lang='lat' dir='ltr'>male</span> 
     </span>
     <span class='ocr_line' id='line_1_23' title="bbox 89 1268 1243 1322; baseline 0 -16"><span class='ocrx_word' id='word_1_234' title='bbox 89 1268 161 1307; x_wconf 84' lang='lat' dir='ltr'>fieri</span> <span class='ocrx_word' id='word_1_235' title='bbox 178 1271 316 1322; x_wconf 82' lang='lat' dir='ltr'>poffint:</span> <span class='ocrx_word' id='word_1_236' title='bbox 337 1285 403 1320; x_wconf 90' lang='lat' dir='ltr'>quo</span> <span class='ocrx_word' id='word_1_237' title='bbox 416 1283 525 1308; x_wconf 88' lang='lat' dir='ltr'>autem</span> <span class='ocrx_word' id='word_1_238' title='bbox 541 1273 632 1307; x_wconf 64' lang='lat' dir='ltr'>recte</span> <span class='ocrx_word' id='word_1_239' title='bbox 648 1270 746 1315; x_wconf 74' lang='lat' dir='ltr'>fiant,</span> <span class='ocrx_word' id='word_1_240' title='bbox 767 1273 935 1320; x_wconf 66' lang='lat' dir='ltr'>praeceptis</span> <span class='ocrx_word' id='word_1_241' title='bbox 955 1273 1083 1319; x_wconf 82' lang='lat' dir='ltr'>Logicae</span> <span class='ocrx_word' id='word_1_242' title='bbox 1097 1282 1175 1319; x_wconf 83' lang='lat' dir='ltr'>opus</span> <span class='ocrx_word' id='word_1_243' title='bbox 1190 1271 1243 1306; x_wconf 84' lang='lat' dir='ltr'>est.</span> 
     </span>
    </p>

    <p class='ocr_par' dir='ltr' id='par_1_8' title="bbox 89 1319 1484 1614">
     <span class='ocr_line' id='line_1_24' title="bbox 126 1319 1481 1371; baseline 0 -16"><span class='ocrx_word' id='word_1_244' title='bbox 126 1321 250 1371; x_wconf 81' lang='lat' dir='ltr'>Oppon.</span> <span class='ocrx_word' id='word_1_245' title='bbox 267 1331 308 1358; x_wconf 68' lang='lat'>2&#39;2.</span> <span class='ocrx_word' id='word_1_246' title='bbox 327 1334 366 1356; x_wconf 85' lang='lat' dir='ltr'>ex</span> <span class='ocrx_word' id='word_1_247' title='bbox 386 1322 474 1357; x_wconf 81' lang='lat' dir='ltr'>Arist.</span> <span class='ocrx_word' id='word_1_248' title='bbox 499 1321 570 1356; x_wconf 82' lang='lat' dir='ltr'>loca</span> <span class='ocrx_word' id='word_1_249' title='bbox 586 1321 724 1370; x_wconf 74' lang='lat' dir='ltr'>plurima</span> <span class='ocrx_word' id='word_1_250' title='bbox 736 1349 745 1364; x_wconf 92' lang='lat'>,</span> <span class='ocrx_word' id='word_1_251' title='bbox 764 1324 796 1356; x_wconf 88' lang='lat' dir='ltr'>in</span> <span class='ocrx_word' id='word_1_252' title='bbox 818 1320 935 1367; x_wconf 85' lang='lat' dir='ltr'>quibus</span> <span class='ocrx_word' id='word_1_253' title='bbox 955 1323 1112 1365; x_wconf 68' lang='lat' dir='ltr'>Logicarn</span> <span class='ocrx_word' id='word_1_254' title='bbox 1127 1333 1167 1354; x_wconf 80' lang='lat' dir='ltr'>cx</span> <span class='ocrx_word' id='word_1_255' title='bbox 1182 1319 1260 1355; x_wconf 75' lang='lat' dir='ltr'>albo</span> <span class='ocrx_word' id='word_1_256' title='bbox 1277 1319 1481 1355; x_wconf 81' lang='lat' dir='ltr'>scientiarum</span> 
     </span>
     <span class='ocr_line' id='line_1_25' title="bbox 89 1367 1480 1420; baseline -0.001 -15"><span class='ocrx_word' id='word_1_257' title='bbox 89 1371 221 1406; x_wconf 80' lang='lat' dir='ltr'>videtur</span> <span class='ocrx_word' id='word_1_258' title='bbox 235 1382 418 1420; x_wconf 81' lang='lat' dir='ltr'>expungere</span> <span class='ocrx_word' id='word_1_259' title='bbox 429 1385 435 1406; x_wconf 96' lang='lat'><strong>:</strong></span> <span class='ocrx_word' id='word_1_260' title='bbox 445 1382 480 1406; x_wconf 93' lang='lat' dir='ltr'>ut</span> <span class='ocrx_word' id='word_1_261' title='bbox 496 1384 570 1405; x_wconf 87' lang='lat' dir='ltr'>curn</span> <span class='ocrx_word' id='word_1_262' title='bbox 581 1372 678 1405; x_wconf 88' lang='lat' dir='ltr'>docet</span> <span class='ocrx_word' id='word_1_263' title='bbox 690 1400 698 1413; x_wconf 87' lang='lat'>,</span> <span class='ocrx_word' id='word_1_264' title='bbox 710 1376 739 1404; x_wconf 87' lang='lat'>10</span> <span class='ocrx_word' id='word_1_265' title='bbox 751 1399 760 1414; x_wconf 96' lang='lat'>,</span> <span class='ocrx_word' id='word_1_266' title='bbox 779 1369 951 1405; x_wconf 88' lang='lat' dir='ltr'>absurdum</span> <span class='ocrx_word' id='word_1_267' title='bbox 969 1368 1029 1404; x_wconf 77' lang='lat' dir='ltr'>eisc</span> <span class='ocrx_word' id='word_1_268' title='bbox 1042 1367 1130 1404; x_wconf 76' lang='lat' dir='ltr'>smml</span> <span class='ocrx_word' id='word_1_269' title='bbox 1150 1368 1314 1404; x_wconf 81' lang='lat' dir='ltr'>scientiam</span> <span class='ocrx_word' id='word_1_270' title='bbox 1329 1382 1480 1416; x_wconf 77' lang='lat' dir='ltr'>quaerere,</span> 
     </span>
     <span class='ocr_line' id='line_1_26' title="bbox 90 1418 1484 1468; baseline -0.002 -11"><span class='ocrx_word' id='word_1_271' title='bbox 90 1420 267 1457; x_wconf 83' lang='lat' dir='ltr'>&amp;modum</span> <span class='ocrx_word' id='word_1_272' title='bbox 281 1420 409 1456; x_wconf 87' lang='lat' dir='ltr'>sciendi.</span> <span class='ocrx_word' id='word_1_273' title='bbox 433 1431 474 1456; x_wconf 70' lang='lat'>2⁶.</span> <span class='ocrx_word' id='word_1_274' title='bbox 498 1433 571 1454; x_wconf 87' lang='lat' dir='ltr'>cnm</span> <span class='ocrx_word' id='word_1_275' title='bbox 591 1422 622 1456; x_wconf 91' lang='lat' dir='ltr'>in</span> <span class='ocrx_word' id='word_1_276' title='bbox 637 1422 772 1468; x_wconf 86' lang='lat' dir='ltr'>Topicis</span> <span class='ocrx_word' id='word_1_277' title='bbox 784 1420 883 1454; x_wconf 81' lang='lat' dir='ltr'>tradit</span> <span class='ocrx_word' id='word_1_278' title='bbox 899 1418 1143 1467; x_wconf 79' lang='lat' dir='ltr'>Philosophiam</span> <span class='ocrx_word' id='word_1_279' title='bbox 1169 1431 1265 1466; x_wconf 77' lang='lat' dir='ltr'>agere</span> <span class='ocrx_word' id='word_1_280' title='bbox 1287 1419 1328 1453; x_wconf 89' lang='lat' dir='ltr'>de</span> <span class='ocrx_word' id='word_1_281' title='bbox 1347 1420 1384 1452; x_wconf 91' lang='lat' dir='ltr'>iis</span> <span class='ocrx_word' id='word_1_282' title='bbox 1409 1432 1484 1466; x_wconf 66' lang='lat' dir='ltr'>qux</span> 
     </span>
     <span class='ocr_line' id='line_1_27' title="bbox 91 1469 1482 1516; baseline 0 -14"><span class='ocrx_word' id='word_1_283' title='bbox 91 1469 134 1503; x_wconf 81' lang='lat' dir='ltr'>ad</span> <span class='ocrx_word' id='word_1_284' title='bbox 151 1471 326 1505; x_wconf 84' lang='lat' dir='ltr'>veritatem</span> <span class='ocrx_word' id='word_1_285' title='bbox 345 1499 354 1513; x_wconf 88' lang='lat'>‚</span> <span class='ocrx_word' id='word_1_286' title='bbox 379 1469 595 1505; x_wconf 65' lang='lat' dir='ltr'>Dialecticam</span> <span class='ocrx_word' id='word_1_287' title='bbox 621 1470 662 1504; x_wconf 94' lang='lat' dir='ltr'>de</span> <span class='ocrx_word' id='word_1_288' title='bbox 683 1472 719 1503; x_wconf 86' lang='lat' dir='ltr'>iis</span> <span class='ocrx_word' id='word_1_289' title='bbox 746 1482 816 1515; x_wconf 85' lang='lat' dir='ltr'>quae</span> <span class='ocrx_word' id='word_1_290' title='bbox 835 1469 876 1502; x_wconf 91' lang='lat' dir='ltr'>ad</span> <span class='ocrx_word' id='word_1_291' title='bbox 901 1470 1094 1516; x_wconf 84' lang='lat' dir='ltr'>opinionem</span> <span class='ocrx_word' id='word_1_292' title='bbox 1116 1469 1289 1516; x_wconf 79' lang='lat' dir='ltr'>pertinent.</span> <span class='ocrx_word' id='word_1_293' title='bbox 1325 1476 1373 1514; x_wconf 78' lang='lat'>30,</span> <span class='ocrx_word' id='word_1_294' title='bbox 1408 1481 1482 1502; x_wconf 82' lang='lat' dir='ltr'>cum</span> 
     </span>
     <span class='ocr_line' id='line_1_28' title="bbox 91 1515 1482 1564; baseline -0.002 -12"><span class='ocrx_word' id='word_1_295' title='bbox 91 1516 173 1552; x_wconf 80' lang='lat' dir='ltr'>alibi</span> <span class='ocrx_word' id='word_1_296' title='bbox 190 1516 293 1553; x_wconf 69' lang='lat' dir='ltr'>asserit</span> <span class='ocrx_word' id='word_1_297' title='bbox 305 1518 522 1554; x_wconf 61' lang='lat' dir='ltr'>Dialecticam</span> <span class='ocrx_word' id='word_1_298' title='bbox 537 1517 661 1552; x_wconf 89' lang='lat' dir='ltr'>nullum</span> <span class='ocrx_word' id='word_1_299' title='bbox 673 1517 794 1552; x_wconf 86' lang='lat' dir='ltr'>habere</span> <span class='ocrx_word' id='word_1_300' title='bbox 812 1516 980 1563; x_wconf 63' lang='lat' dir='ltr'>objectum</span> <span class='ocrx_word' id='word_1_301' title='bbox 1001 1515 1170 1551; x_wconf 85' lang='lat' dir='ltr'>definitum</span> <span class='ocrx_word' id='word_1_302' title='bbox 1181 1544 1191 1559; x_wconf 87' lang='lat'>‚</span> <span class='ocrx_word' id='word_1_303' title='bbox 1210 1515 1261 1550; x_wconf 86' lang='lat' dir='ltr'>sed</span> <span class='ocrx_word' id='word_1_304' title='bbox 1277 1528 1349 1551; x_wconf 81' lang='lat' dir='ltr'>eam</span> <span class='ocrx_word' id='word_1_305' title='bbox 1370 1518 1482 1564; x_wconf 77' lang='lat' dir='ltr'>vagari</span> 
     </span>
     <span class='ocr_line' id='line_1_29' title="bbox 93 1565 485 1614; baseline 0.003 -14"><span class='ocrx_word' id='word_1_306' title='bbox 93 1577 151 1614; x_wconf 85' lang='lat' dir='ltr'>per</span> <span class='ocrx_word' id='word_1_307' title='bbox 162 1578 276 1600; x_wconf 87' lang='lat' dir='ltr'>omnes</span> <span class='ocrx_word' id='word_1_308' title='bbox 293 1565 485 1614; x_wconf 78' lang='lat' dir='ltr'>disciplinas,</span> 
     </span>
    </p>

    <p class='ocr_par' dir='ltr' id='par_1_9' title="bbox 94 1611 1486 2401">
     <span class='ocr_line' id='line_1_30' title="bbox 130 1611 1484 1661; baseline -0.001 -15"><span class='ocrx_word' id='word_1_309' title='bbox 130 1614 166 1646; x_wconf 86' lang='lat' dir='ltr'>R.</span> <span class='ocrx_word' id='word_1_310' title='bbox 190 1614 399 1650; x_wconf 82' lang='lat' dir='ltr'>Aristotelem</span> <span class='ocrx_word' id='word_1_311' title='bbox 409 1616 443 1648; x_wconf 92' lang='lat' dir='ltr'>in</span> <span class='ocrx_word' id='word_1_312' title='bbox 457 1614 505 1649; x_wconf 87' lang='lat' dir='ltr'>his</span> <span class='ocrx_word' id='word_1_313' title='bbox 520 1619 553 1651; x_wconf 72' lang='grc' dir='ltr'>δε</span> <span class='ocrx_word' id='word_1_314' title='bbox 569 1612 638 1648; x_wconf 81' lang='lat' dir='ltr'>aliis</span> <span class='ocrx_word' id='word_1_315' title='bbox 654 1612 734 1648; x_wconf 90' lang='lat' dir='ltr'>locis</span> <span class='ocrx_word' id='word_1_316' title='bbox 743 1612 881 1648; x_wconf 86' lang='lat' dir='ltr'>scientiae</span> <span class='ocrx_word' id='word_1_317' title='bbox 898 1625 1020 1648; x_wconf 86' lang='lat' dir='ltr'>nomen</span> <span class='ocrx_word' id='word_1_318' title='bbox 1033 1614 1183 1650; x_wconf 71' lang='lat' dir='ltr'>striffiori</span> <span class='ocrx_word' id='word_1_319' title='bbox 1202 1611 1376 1661; x_wconf 82' lang='lat' dir='ltr'>significatu</span> <span class='ocrx_word' id='word_1_320' title='bbox 1397 1614 1484 1646; x_wconf 78' lang='lat' dir='ltr'>acci.-</span> 
     </span>
     <span class='ocr_line' id='line_1_31' title="bbox 94 1659 1482 1712; baseline -0.002 -14"><span class='ocrx_word' id='word_1_321' title='bbox 94 1675 172 1712; x_wconf 85' lang='lat' dir='ltr'>pere</span> <span class='ocrx_word' id='word_1_322' title='bbox 185 1675 245 1711; x_wconf 90' lang='lat' dir='ltr'>pro</span> <span class='ocrx_word' id='word_1_323' title='bbox 255 1662 387 1700; x_wconf 82' lang='lat' dir='ltr'>scientia</span> <span class='ocrx_word' id='word_1_324' title='bbox 399 1662 620 1708; x_wconf 86' lang='lat' dir='ltr'>speculatrice,</span> <span class='ocrx_word' id='word_1_325' title='bbox 634 1667 668 1699; x_wconf 89' lang='lat'>&amp;</span> <span class='ocrx_word' id='word_1_326' title='bbox 682 1663 859 1697; x_wconf 89' lang='lat' dir='ltr'>admodum</span> <span class='ocrx_word' id='word_1_327' title='bbox 887 1659 1037 1708; x_wconf 89' lang='lat' dir='ltr'>sublimi,</span> <span class='ocrx_word' id='word_1_328' title='bbox 1052 1668 1138 1711; x_wconf 86' lang='lat' dir='ltr'>cujus</span> <span class='ocrx_word' id='word_1_329' title='bbox 1163 1664 1291 1711; x_wconf 80' lang='lat' dir='ltr'>generis</span> <span class='ocrx_word' id='word_1_330' title='bbox 1309 1661 1352 1695; x_wconf 89' lang='lat' dir='ltr'>est</span> <span class='ocrx_word' id='word_1_331' title='bbox 1374 1662 1482 1709; x_wconf 83' lang='lat' dir='ltr'>prima.</span> 
     </span>
     <span class='ocr_line' id='line_1_32' title="bbox 95 1709 1483 1760; baseline -0.002 -14"><span class='ocrx_word' id='word_1_332' title='bbox 95 1711 324 1760; x_wconf 86' lang='lat' dir='ltr'>Philosophia,</span> <span class='ocrx_word' id='word_1_333' title='bbox 339 1710 393 1746; x_wconf 89' lang='lat' dir='ltr'>seu</span> <span class='ocrx_word' id='word_1_334' title='bbox 407 1710 654 1760; x_wconf 83' lang='lat' dir='ltr'>Metaphysica:</span> <span class='ocrx_word' id='word_1_335' title='bbox 677 1711 840 1746; x_wconf 84' lang='lat' dir='ltr'>interdum</span> <span class='ocrx_word' id='word_1_336' title='bbox 861 1713 961 1745; x_wconf 87' lang='lat' dir='ltr'>etiam</span> <span class='ocrx_word' id='word_1_337' title='bbox 988 1711 1206 1748; x_wconf 69' lang='lat' dir='ltr'>Dialefflcam</span> <span class='ocrx_word' id='word_1_338' title='bbox 1222 1723 1281 1759; x_wconf 90' lang='lat' dir='ltr'>pro</span> <span class='ocrx_word' id='word_1_339' title='bbox 1299 1709 1458 1745; x_wconf 82' lang='lat' dir='ltr'>facilitate</span> <span class='ocrx_word' id='word_1_340' title='bbox 1471 1738 1483 1753; x_wconf 86' lang='lat'>,</span> 
     </span>
     <span class='ocr_line' id='line_1_33' title="bbox 95 1759 1483 1810; baseline -0.004 -12"><span class='ocrx_word' id='word_1_341' title='bbox 95 1773 152 1798; x_wconf 82' lang='lat' dir='ltr'>aut</span> <span class='ocrx_word' id='word_1_342' title='bbox 167 1761 363 1797; x_wconf 83' lang='lat' dir='ltr'>dexteritate</span> <span class='ocrx_word' id='word_1_343' title='bbox 382 1760 523 1809; x_wconf 85' lang='lat' dir='ltr'>quadam</span> <span class='ocrx_word' id='word_1_344' title='bbox 536 1761 576 1795; x_wconf 91' lang='lat' dir='ltr'>de</span> <span class='ocrx_word' id='word_1_345' title='bbox 595 1772 628 1795; x_wconf 88' lang='lat' dir='ltr'>re</span> <span class='ocrx_word' id='word_1_346' title='bbox 641 1759 807 1808; x_wconf 84' lang='lat' dir='ltr'>probabili</span> <span class='ocrx_word' id='word_1_347' title='bbox 819 1759 1000 1809; x_wconf 84' lang='lat' dir='ltr'>disputandi</span> <span class='ocrx_word' id='word_1_348' title='bbox 1009 1761 1147 1810; x_wconf 88' lang='lat' dir='ltr'>usurpat.</span> <span class='ocrx_word' id='word_1_349' title='bbox 1175 1762 1253 1808; x_wconf 85' lang='lat' dir='ltr'>Qo</span> <span class='ocrx_word' id='word_1_350' title='bbox 1265 1759 1396 1807; x_wconf 90' lang='lat' dir='ltr'>quidem</span> <span class='ocrx_word' id='word_1_351' title='bbox 1408 1772 1483 1794; x_wconf 85' lang='lat' dir='ltr'>mo-</span> 
     </span>
     <span class='ocr_line' id='line_1_34' title="bbox 96 1807 1483 1859; baseline -0.002 -13"><span class='ocrx_word' id='word_1_352' title='bbox 96 1812 141 1846; x_wconf 89' lang='lat' dir='ltr'>do</span> <span class='ocrx_word' id='word_1_353' title='bbox 152 1821 283 1859; x_wconf 77' lang='lat' dir='ltr'>accepta</span> <span class='ocrx_word' id='word_1_354' title='bbox 297 1809 420 1846; x_wconf 86' lang='lat' dir='ltr'>nullum</span> <span class='ocrx_word' id='word_1_355' title='bbox 438 1809 539 1845; x_wconf 88' lang='lat' dir='ltr'>habet</span> <span class='ocrx_word' id='word_1_356' title='bbox 555 1809 724 1858; x_wconf 60' lang='lat' dir='ltr'>objectum</span> <span class='ocrx_word' id='word_1_357' title='bbox 748 1810 1011 1847; x_wconf 85' lang='lat' dir='ltr'>determinatum.</span> <span class='ocrx_word' id='word_1_358' title='bbox 1035 1811 1124 1846; x_wconf 90' lang='lat' dir='ltr'>Cum</span> <span class='ocrx_word' id='word_1_359' title='bbox 1149 1821 1229 1844; x_wconf 89' lang='lat' dir='ltr'>veto</span> <span class='ocrx_word' id='word_1_360' title='bbox 1243 1811 1290 1842; x_wconf 86' lang='lat' dir='ltr'>ait</span> <span class='ocrx_word' id='word_1_361' title='bbox 1314 1807 1483 1843; x_wconf 83' lang='lat' dir='ltr'>absurdum</span> 
     </span>
     <span class='ocr_line' id='line_1_35' title="bbox 97 1855 1484 1907; baseline -0.004 -12"><span class='ocrx_word' id='word_1_362' title='bbox 97 1858 159 1896; x_wconf 80' lang='lat' dir='ltr'>effe</span> <span class='ocrx_word' id='word_1_363' title='bbox 176 1857 264 1894; x_wconf 87' lang='lat' dir='ltr'>fimul</span> <span class='ocrx_word' id='word_1_364' title='bbox 274 1858 485 1897; x_wconf 87' lang='lat' dir='ltr'>scientiam&amp;</span> <span class='ocrx_word' id='word_1_365' title='bbox 497 1859 630 1894; x_wconf 87' lang='lat' dir='ltr'>modum</span> <span class='ocrx_word' id='word_1_366' title='bbox 649 1857 767 1894; x_wconf 87' lang='lat' dir='ltr'>sciendi</span> <span class='ocrx_word' id='word_1_367' title='bbox 780 1871 938 1907; x_wconf 81' lang='lat' dir='ltr'>quaerere,</span> <span class='ocrx_word' id='word_1_368' title='bbox 950 1871 1019 1895; x_wconf 89' lang='lat' dir='ltr'>tum</span> <span class='ocrx_word' id='word_1_369' title='bbox 1042 1871 1097 1895; x_wconf 84' lang='lat' dir='ltr'>eos</span> <span class='ocrx_word' id='word_1_370' title='bbox 1115 1857 1238 1893; x_wconf 86' lang='lat' dir='ltr'>refellit</span> <span class='ocrx_word' id='word_1_371' title='bbox 1257 1855 1484 1905; x_wconf 80' lang='lat' dir='ltr'>Philosophos,</span> 
     </span>
     <span class='ocr_line' id='line_1_36' title="bbox 96 1904 1484 1958; baseline -0.004 -14"><span class='ocrx_word' id='word_1_372' title='bbox 96 1912 156 1957; x_wconf 87' lang='lat' dir='ltr'>qui</span> <span class='ocrx_word' id='word_1_373' title='bbox 166 1911 320 1958; x_wconf 86' lang='lat' dir='ltr'>Logicam</span> <span class='ocrx_word' id='word_1_374' title='bbox 331 1922 398 1943; x_wconf 89' lang='lat' dir='ltr'>non</span> <span class='ocrx_word' id='word_1_375' title='bbox 407 1908 575 1958; x_wconf 85' lang='lat' dir='ltr'>separatim</span> <span class='ocrx_word' id='word_1_376' title='bbox 586 1938 596 1952; x_wconf 85' lang='lat'>‚</span> <span class='ocrx_word' id='word_1_377' title='bbox 612 1908 664 1942; x_wconf 87' lang='lat' dir='ltr'>scd</span> <span class='ocrx_word' id='word_1_378' title='bbox 675 1908 806 1943; x_wconf 83' lang='lat' dir='ltr'>confuse</span> <span class='ocrx_word' id='word_1_379' title='bbox 829 1914 862 1945; x_wconf 84' lang='lat'>&amp;</span> <span class='ocrx_word' id='word_1_380' title='bbox 877 1907 966 1944; x_wconf 81' lang='lat' dir='ltr'>fimul</span> <span class='ocrx_word' id='word_1_381' title='bbox 983 1922 1056 1944; x_wconf 90' lang='lat' dir='ltr'>cum</span> <span class='ocrx_word' id='word_1_382' title='bbox 1081 1906 1152 1943; x_wconf 86' lang='lat' dir='ltr'>aliis</span> <span class='ocrx_word' id='word_1_383' title='bbox 1173 1904 1346 1954; x_wconf 60' lang='lat' dir='ltr'>disciplinis</span> <span class='ocrx_word' id='word_1_384' title='bbox 1365 1906 1484 1940; x_wconf 87' lang='lat' dir='ltr'>edoce-</span> 
     </span>
     <span class='ocr_line' id='line_1_37' title="bbox 99 1953 1485 2006; baseline -0.006 -13"><span class='ocrx_word' id='word_1_385' title='bbox 99 1957 190 1995; x_wconf 83' lang='lat' dir='ltr'>bant.</span> <span class='ocrx_word' id='word_1_386' title='bbox 208 1959 344 1994; x_wconf 88' lang='lat' dir='ltr'>Accedit</span> <span class='ocrx_word' id='word_1_387' title='bbox 355 1957 431 1992; x_wconf 86' lang='lat' dir='ltr'>illud</span> <span class='ocrx_word' id='word_1_388' title='bbox 443 1960 541 1993; x_wconf 80' lang='lat' dir='ltr'>etiam</span> <span class='ocrx_word' id='word_1_389' title='bbox 552 1987 561 2002; x_wconf 89' lang='lat'>‚</span> <span class='ocrx_word' id='word_1_390' title='bbox 578 1956 660 1993; x_wconf 85' lang='lat' dir='ltr'>nihil</span> <span class='ocrx_word' id='word_1_391' title='bbox 673 1970 731 1992; x_wconf 88' lang='lat' dir='ltr'>nos</span> <span class='ocrx_word' id='word_1_392' title='bbox 756 1969 873 2006; x_wconf 80' lang='lat' dir='ltr'>cogere</span> <span class='ocrx_word' id='word_1_393' title='bbox 889 1986 898 2001; x_wconf 95' lang='lat'>,</span> <span class='ocrx_word' id='word_1_394' title='bbox 920 1969 954 1991; x_wconf 88' lang='lat' dir='ltr'>ut</span> <span class='ocrx_word' id='word_1_395' title='bbox 972 1969 1030 2006; x_wconf 83' lang='lat' dir='ltr'>per</span> <span class='ocrx_word' id='word_1_396' title='bbox 1041 1957 1174 1993; x_wconf 87' lang='lat' dir='ltr'>modum</span> <span class='ocrx_word' id='word_1_397' title='bbox 1185 1954 1303 1990; x_wconf 88' lang='lat' dir='ltr'>sciendi</span> <span class='ocrx_word' id='word_1_398' title='bbox 1322 1953 1485 2003; x_wconf 76' lang='lat' dir='ltr'>intelliga-</span> 
     </span>
     <span class='ocr_line' id='line_1_38' title="bbox 101 2002 1481 2056; baseline -0.003 -14"><span class='ocrx_word' id='word_1_399' title='bbox 101 2020 171 2042; x_wconf 87' lang='lat' dir='ltr'>mus</span> <span class='ocrx_word' id='word_1_400' title='bbox 185 2010 339 2056; x_wconf 81' lang='lat' dir='ltr'>Logicam</span> <span class='ocrx_word' id='word_1_401' title='bbox 361 2005 479 2055; x_wconf 58' lang='lat' dir='ltr'>ipsam:</span> <span class='ocrx_word' id='word_1_402' title='bbox 496 2020 533 2041; x_wconf 89' lang='lat' dir='ltr'>ea</span> <span class='ocrx_word' id='word_1_403' title='bbox 547 2007 680 2055; x_wconf 83' lang='lat' dir='ltr'>quidem</span> <span class='ocrx_word' id='word_1_404' title='bbox 696 2019 816 2056; x_wconf 82' lang='lat' dir='ltr'>organa</span> <span class='ocrx_word' id='word_1_405' title='bbox 838 2018 891 2041; x_wconf 87' lang='lat' dir='ltr'>aut</span> <span class='ocrx_word' id='word_1_406' title='bbox 909 2007 1117 2042; x_wconf 85' lang='lat' dir='ltr'>instrumenta</span> <span class='ocrx_word' id='word_1_407' title='bbox 1128 2034 1137 2049; x_wconf 87' lang='lat'>,</span> <span class='ocrx_word' id='word_1_408' title='bbox 1154 2003 1207 2040; x_wconf 89' lang='lat' dir='ltr'>seu</span> <span class='ocrx_word' id='word_1_409' title='bbox 1227 2003 1341 2039; x_wconf 82' lang='lat' dir='ltr'>modos</span> <span class='ocrx_word' id='word_1_410' title='bbox 1361 2002 1481 2041; x_wconf 88' lang='lat' dir='ltr'>sciendi</span> 
     </span>
     <span class='ocr_line' id='line_1_39' title="bbox 103 2055 1485 2100; baseline -0.005 -9"><span class='ocrx_word' id='word_1_411' title='bbox 103 2057 246 2094; x_wconf 81' lang='lat' dir='ltr'>tradit&amp;</span> <span class='ocrx_word' id='word_1_412' title='bbox 262 2055 415 2099; x_wconf 88' lang='lat' dir='ltr'>conficit,</span> <span class='ocrx_word' id='word_1_413' title='bbox 439 2055 492 2090; x_wconf 86' lang='lat' dir='ltr'>sed</span> <span class='ocrx_word' id='word_1_414' title='bbox 516 2070 582 2093; x_wconf 88' lang='lat' dir='ltr'>non</span> <span class='ocrx_word' id='word_1_415' title='bbox 614 2057 734 2090; x_wconf 88' lang='lat' dir='ltr'>idcirco</span> <span class='ocrx_word' id='word_1_416' title='bbox 750 2067 877 2091; x_wconf 88' lang='lat' dir='ltr'>tantum</span> <span class='ocrx_word' id='word_1_417' title='bbox 891 2057 1007 2091; x_wconf 88' lang='lat' dir='ltr'>modus</span> <span class='ocrx_word' id='word_1_418' title='bbox 1021 2056 1162 2098; x_wconf 87' lang='lat' dir='ltr'>sciendi,</span> <span class='ocrx_word' id='word_1_419' title='bbox 1182 2064 1236 2088; x_wconf 88' lang='lat' dir='ltr'>aut</span> <span class='ocrx_word' id='word_1_420' title='bbox 1259 2065 1371 2100; x_wconf 86' lang='lat' dir='ltr'>purum</span> <span class='ocrx_word' id='word_1_421' title='bbox 1391 2065 1427 2088; x_wconf 91' lang='lat' dir='ltr'>or</span> <span class='ocrx_word' id='word_1_422' title='bbox 1469 2077 1485 2084; x_wconf 84' lang='lat'>-</span> 
     </span>
     <span class='ocr_line' id='line_1_40' title="bbox 102 2067 1484 2155; baseline -0.002 -14"><span class='ocrx_word' id='word_1_423' title='bbox 102 2097 259 2141; x_wconf 79' lang='lat' dir='ltr'>num‘dici</span> <span class='ocrx_word' id='word_1_424' title='bbox 274 2105 385 2142; x_wconf 88' lang='lat' dir='ltr'>debet.</span> <span class='ocrx_word' id='word_1_425' title='bbox 401 2108 461 2141; x_wconf 90' lang='lat' dir='ltr'>Vis</span> <span class='ocrx_word' id='word_1_426' title='bbox 474 2111 539 2155; x_wconf 80' lang='lat' dir='ltr'>ejus</span> <span class='ocrx_word' id='word_1_427' title='bbox 550 2118 607 2155; x_wconf 85' lang='lat' dir='ltr'>per</span> <span class='ocrx_word' id='word_1_428' title='bbox 625 2118 738 2140; x_wconf 85' lang='lat' dir='ltr'>omnes</span> <span class='ocrx_word' id='word_1_429' title='bbox 758 2104 937 2153; x_wconf 84' lang='lat' dir='ltr'>disciplinas</span> <span class='ocrx_word' id='word_1_430' title='bbox 956 2104 1023 2141; x_wconf 84' lang='lat' dir='ltr'>fusa</span> <span class='ocrx_word' id='word_1_431' title='bbox 1037 2106 1099 2149; x_wconf 87' lang='lat' dir='ltr'>est,</span> <span class='ocrx_word' id='word_1_432' title='bbox 1109 2110 1143 2142; x_wconf 84' lang='lat'>&amp;</span> <span class='ocrx_word' id='word_1_433' title='bbox 1154 2101 1306 2138; x_wconf 88' lang='lat' dir='ltr'>omnibus</span> <span class='ocrx_word' id='word_1_434' title='bbox 1321 2102 1364 2136; x_wconf 88' lang='lat' dir='ltr'>est</span> <span class='ocrx_word' id='word_1_435' title='bbox 1379 2067 1484 2138; x_wconf 51' lang='lat' dir='ltr'>unffi:</span> 
     </span>
     <span class='ocr_line' id='line_1_41' title="bbox 102 2151 1485 2204; baseline -0.001 -15"><span class='ocrx_word' id='word_1_436' title='bbox 102 2154 155 2190; x_wconf 90' lang='lat' dir='ltr'>sed</span> <span class='ocrx_word' id='word_1_437' title='bbox 168 2166 276 2189; x_wconf 87' lang='lat' dir='ltr'>tamen</span> <span class='ocrx_word' id='word_1_438' title='bbox 285 2155 413 2190; x_wconf 86' lang='lat' dir='ltr'>habitus</span> <span class='ocrx_word' id='word_1_439' title='bbox 424 2156 467 2190; x_wconf 87' lang='lat' dir='ltr'>est</span> <span class='ocrx_word' id='word_1_440' title='bbox 476 2155 517 2191; x_wconf 89' lang='lat' dir='ltr'>ab</span> <span class='ocrx_word' id='word_1_441' title='bbox 529 2156 600 2190; x_wconf 83' lang='lat' dir='ltr'>aliis</span> <span class='ocrx_word' id='word_1_442' title='bbox 615 2155 797 2197; x_wconf 64' lang='lat' dir='ltr'>distinctus,</span> <span class='ocrx_word' id='word_1_443' title='bbox 817 2161 850 2191; x_wconf 89' lang='lat'>&amp;</span> <span class='ocrx_word' id='word_1_444' title='bbox 879 2153 969 2189; x_wconf 84' lang='lat' dir='ltr'>suum</span> <span class='ocrx_word' id='word_1_445' title='bbox 993 2157 1158 2204; x_wconf 87' lang='lat' dir='ltr'>proprium</span> <span class='ocrx_word' id='word_1_446' title='bbox 1177 2151 1277 2187; x_wconf 84' lang='lat' dir='ltr'>babet</span> <span class='ocrx_word' id='word_1_447' title='bbox 1297 2151 1485 2200; x_wconf 60' lang='lat' dir='ltr'>objectum,</span> 
     </span>
     <span class='ocr_line' id='line_1_42' title="bbox 103 2200 1485 2251; baseline -0.004 -11"><span class='ocrx_word' id='word_1_448' title='bbox 103 2216 164 2240; x_wconf 89' lang='lat' dir='ltr'>nec</span> <span class='ocrx_word' id='word_1_449' title='bbox 173 2217 245 2239; x_wconf 86' lang='lat' dir='ltr'>cum</span> <span class='ocrx_word' id='word_1_450' title='bbox 264 2204 334 2239; x_wconf 86' lang='lat' dir='ltr'>aliis</span> <span class='ocrx_word' id='word_1_451' title='bbox 352 2204 632 2240; x_wconf 87' lang='lat' dir='ltr'>confundidebet.</span> <span class='ocrx_word' id='word_1_452' title='bbox 650 2206 697 2239; x_wconf 87' lang='lat' dir='ltr'>Ac</span> <span class='ocrx_word' id='word_1_453' title='bbox 717 2205 856 2251; x_wconf 59' lang='lat' dir='ltr'>danique</span> <span class='ocrx_word' id='word_1_454' title='bbox 875 2202 1147 2240; x_wconf 82' lang='lat' dir='ltr'>fiinstrumentum</span> <span class='ocrx_word' id='word_1_455' title='bbox 1158 2214 1231 2236; x_wconf 82' lang='lat' dir='ltr'>eam</span> <span class='ocrx_word' id='word_1_456' title='bbox 1244 2200 1308 2235; x_wconf 88' lang='lat' dir='ltr'>dici</span> <span class='ocrx_word' id='word_1_457' title='bbox 1322 2212 1485 2247; x_wconf 81' lang='lat' dir='ltr'>oporteat,</span> 
     </span>
     <span class='ocr_line' id='line_1_43' title="bbox 104 2249 1486 2303; baseline -0.002 -16"><span class='ocrx_word' id='word_1_458' title='bbox 104 2255 166 2288; x_wconf 89' lang='lat' dir='ltr'>erit</span> <span class='ocrx_word' id='word_1_459' title='bbox 186 2254 428 2289; x_wconf 82' lang='lat' dir='ltr'>instrumentum</span> <span class='ocrx_word' id='word_1_460' title='bbox 440 2257 649 2303; x_wconf 66' lang='lat' dir='ltr'>conjunotum</span> <span class='ocrx_word' id='word_1_461' title='bbox 659 2283 668 2296; x_wconf 93' lang='lat'>,</span> <span class='ocrx_word' id='word_1_462' title='bbox 685 2264 722 2287; x_wconf 89' lang='lat' dir='ltr'>ut</span> <span class='ocrx_word' id='word_1_463' title='bbox 732 2265 843 2288; x_wconf 84' lang='lat' dir='ltr'>manus</span> <span class='ocrx_word' id='word_1_464' title='bbox 854 2282 864 2297; x_wconf 89' lang='lat'>,</span> <span class='ocrx_word' id='word_1_465' title='bbox 880 2265 948 2300; x_wconf 87' lang='lat' dir='ltr'>quae</span> <span class='ocrx_word' id='word_1_466' title='bbox 962 2255 1006 2289; x_wconf 87' lang='lat' dir='ltr'>est</span> <span class='ocrx_word' id='word_1_467' title='bbox 1022 2266 1091 2303; x_wconf 80' lang='lat' dir='ltr'>pars</span> <span class='ocrx_word' id='word_1_468' title='bbox 1108 2252 1261 2292; x_wconf 83' lang='lat' dir='ltr'>hominis,</span> <span class='ocrx_word' id='word_1_469' title='bbox 1277 2249 1320 2284; x_wconf 88' lang='lat' dir='ltr'>est</span> <span class='ocrx_word' id='word_1_470' title='bbox 1332 2249 1417 2285; x_wconf 89' lang='lat' dir='ltr'>illius</span> <span class='ocrx_word' id='word_1_471' title='bbox 1432 2262 1486 2285; x_wconf 91' lang='lat' dir='ltr'>or-</span> 
     </span>
     <span class='ocr_line' id='line_1_44' title="bbox 105 2299 1486 2352; baseline 0.001 -17"><span class='ocrx_word' id='word_1_472' title='bbox 105 2314 235 2350; x_wconf 85' lang='lat' dir='ltr'>ganum.</span> <span class='ocrx_word' id='word_1_473' title='bbox 258 2305 309 2337; x_wconf 91' lang='lat' dir='ltr'>Sic</span> <span class='ocrx_word' id='word_1_474' title='bbox 327 2305 447 2352; x_wconf 82' lang='lat' dir='ltr'>Logica</span> <span class='ocrx_word' id='word_1_475' title='bbox 460 2304 556 2348; x_wconf 89' lang='lat' dir='ltr'>,licet</span> <span class='ocrx_word' id='word_1_476' title='bbox 568 2302 605 2339; x_wconf 82' lang='lat' dir='ltr'>sit</span> <span class='ocrx_word' id='word_1_477' title='bbox 622 2315 692 2351; x_wconf 85' lang='lat' dir='ltr'>pars</span> <span class='ocrx_word' id='word_1_478' title='bbox 706 2302 937 2351; x_wconf 85' lang='lat' dir='ltr'>Philosophiae,</span> <span class='ocrx_word' id='word_1_479' title='bbox 949 2304 993 2338; x_wconf 87' lang='lat' dir='ltr'>est</span> <span class='ocrx_word' id='word_1_480' title='bbox 1013 2314 1120 2339; x_wconf 87' lang='lat' dir='ltr'>tamen</span> <span class='ocrx_word' id='word_1_481' title='bbox 1133 2299 1213 2336; x_wconf 87' lang='lat' dir='ltr'>illius</span> <span class='ocrx_word' id='word_1_482' title='bbox 1230 2311 1384 2348; x_wconf 82' lang='lat' dir='ltr'>organum</span> <span class='ocrx_word' id='word_1_483' title='bbox 1407 2312 1486 2336; x_wconf 83' lang='lat' dir='ltr'>con-</span> 
     </span>
     <span class='ocr_line' id='line_1_45' title="bbox 104 2351 976 2401; baseline 0.005 -16"><span class='ocrx_word' id='word_1_484' title='bbox 104 2353 250 2397; x_wconf 62' lang='lat' dir='ltr'>junctum</span> <span class='ocrx_word' id='word_1_485' title='bbox 259 2380 269 2395; x_wconf 89' lang='lat'>,</span> <span class='ocrx_word' id='word_1_486' title='bbox 282 2365 349 2388; x_wconf 90' lang='lat' dir='ltr'>non</span> <span class='ocrx_word' id='word_1_487' title='bbox 362 2352 539 2401; x_wconf 82' lang='lat' dir='ltr'>separatum</span> <span class='ocrx_word' id='word_1_488' title='bbox 555 2353 647 2391; x_wconf 83' lang='lat' dir='ltr'>instat</span> <span class='ocrx_word' id='word_1_489' title='bbox 658 2351 785 2397; x_wconf 83' lang='lat' dir='ltr'>securis,</span> <span class='ocrx_word' id='word_1_490' title='bbox 800 2363 855 2388; x_wconf 84' lang='lat' dir='ltr'>aut</span> <span class='ocrx_word' id='word_1_491' title='bbox 865 2351 976 2401; x_wconf 82' lang='lat' dir='ltr'>gladii.</span> 
     </span>
    </p>
   </div>
   <div class='ocr_carea' id='block_1_2' title="bbox 272 2441 1316 2489">
    <p class='ocr_par' dir='ltr' id='par_1_10' title="bbox 272 2441 1316 2489">
     <span class='ocr_line' id='line_1_46' title="bbox 272 2441 1316 2489; baseline 0.003 -3"><span class='ocrx_word' id='word_1_492' title='bbox 272 2454 364 2488; x_wconf 83' lang='lat' dir='ltr'>Tam.</span> <span class='ocrx_word' id='word_1_493' title='bbox 395 2453 422 2488; x_wconf 80' lang='lat' dir='ltr'>I.</span> <span class='ocrx_word' id='word_1_494' title='bbox 1232 2441 1236 2443; x_wconf 54' lang='lat'><strong>&gt;</strong></span> <span class='ocrx_word' id='word_1_495' title='bbox 1282 2450 1316 2489; x_wconf 72' lang='lat' dir='ltr'>fl</span> 
     </span>
    </p>
   </div>
  </div>
 </body>
</html>
