1857 2745
368 140 425 173 228
779 126 1277 163 PHILOSOPHIA

370 187 470 219 etiam
481 179 657 230 jucundum
672 182 706 215 δε
721 177 803 212 utile
829 177 961 218 ducunt.
981 176 1070 222 Qid
1082 178 1170 217 enim
1189 174 1317 210 interest
1338 173 1482 217 divitias,
1503 185 1580 222 opes
1595 201 1606 217 ‚
1634 174 1764 213 valetus

367 234 477 268 dinem
488 233 573 264 bona
585 228 669 262 dicas
678 256 688 271 ,
702 239 747 270 *an
756 224 943 275 ptaepofita3
1165 227 1183 238 ¹¹

404 278 553 324 Confirm.
574 276 680 313 Dolor
693 275 858 323 quoddam
871 274 994 310 malum
1010 274 1053 308 est
1066 302 1076 316 ,
1093 278 1126 310 &
1138 285 1256 309 natura:
1266 274 1463 308 contrarium
1490 287 1498 308 z
1521 284 1599 321 ergo
1614 272 1764 322 voluptas

365 328 451 379 ipsa,
468 340 567 375 quarn
581 326 621 361 ad
638 324 919 361 conservationem
934 325 1078 371 corporis
1093 325 1216 358 Auctor
1232 335 1358 365 naturae,
1377 333 1433 356 aut
1455 323 1603 369 corpori,
1623 334 1676 357 aut
1694 326 1764 358 ani..

366 393 423 413 mo
436 377 567 413 inseruit
580 405 590 420 ,
610 375 776 423 quoddam
801 375 847 409 est
866 372 1010 409 bonum:
1025 385 1101 407 nam
1124 384 1159 407 ut
1179 372 1271 407 dolor
1289 371 1389 414 mali,
1407 373 1454 408 ita
1485 371 1659 407 delectatio
1684 370 1764 406 boni

366 428 590 463 characterem
607 430 640 462 &
653 436 767 460 notam
790 426 882 473 gerit.

399 474 500 520 Qod
518 474 538 510 fi
557 478 590 510 in
603 474 736 509 homine
757 473 839 508 nihil
856 471 931 508 esset
943 470 1175 520 perficiendum
1186 499 1195 513 ,
1209 469 1265 505 nisi
1277 468 1341 504 sola
1358 472 1459 513 ratio,
1479 469 1563 505 illius
1575 483 1639 506 una
1655 471 1766 520 perfe-

368 527 434 561 &io
448 537 502 560 aut
515 524 642 559 bonurn
661 525 698 558 in·
713 524 832 557 virtute
849 533 1024 571 poneretur
1040 534 1056 556 τ·
1070 522 1202 555 rationis
1214 522 1300 554 enim
1320 519 1481 566 perfectio
1493 520 1536 553 est
1553 522 1662 556 virtus.
1679 523 1726 556 Ac
1743 520 1766 555 fi

367 574 452 611 nihil
464 577 497 609 in
510 587 551 609 eo
567 571 644 608 effet
653 572 755 620 quam
769 584 884 621 corpus
901 601 911 615 ‚
935 584 1002 607 non
1018 569 1079 604 alia
1107 569 1217 603 forent
1237 574 1301 617 ejus
1321 568 1408 602 bona
1423 597 1433 611 ,
1465 568 1564 615 quam
1587 569 1743 604 valetudo
1756 599 1767 614 ,

371 624 524 672 voluptas
537 652 548 667 ,
561 624 701 658 vacuitas
722 621 842 663 doloris
859 650 872 664 ,¹
888 627 922 658 &
935 621 996 655 alia
1006 619 1097 667 hujus
1114 620 1251 666 generis.
1281 618 1345 652 Sed
1361 630 1434 652 cum
1451 620 1476 652 is
1496 618 1618 654 ,constet
1630 631 1768 667 corpote

368 679 403 711 &
414 676 524 707 animo
534 702 544 715 ,
559 671 679 706 summa
691 671 823 719 quidem
839 670 922 705 illius
939 669 1100 718 perfectio
1115 668 1157 701 est
1170 696 1180 710 ‚
1198 667 1335 702 honeste
1350 669 1463 701 vivere
1480 681 1487 702 :
1503 665 1619 702 verum
1637 679 1769 702 necot-

368 735 426 771 pus
440 722 576 770 quidem
590 723 640 759 ,ita
663 720 927 763 estldesetendum
940 749 949 763 ‚
974 721 1054 753 utin
1066 717 1162 753 bonis
1175 729 1242 751 non
1263 716 1409 756 ducenda
1424 715 1483 751 {int
1502 729 1572 763 quae
1590 717 1630 751 ad
1643 727 1766 752 naturae

369 770 650 807 conservationem
662 772 844 818 pertinent:
862 781 897 804 ut
909 781 980 816 quae
994 767 1040 802 illi
1055 765 1264 801 adversantur
1273 793 1282 807 ,
1293 767 1326 799 in
1339 764 1430 798 malis
1447 777 1678 801 numerantur:
1692 778 1770 801 nam

369 823 530 870 gravitate
545 818 769 854 membrorum
784 821 970 856 &cruciatu
995 816 1144 851 dolorum
1159 813 1264 861 siquis
1282 826 1382 861 quem
1394 813 1482 848 levet
1493 842 1502 857 ,
1517 827 1669 863 magnam
1692 827 1772 863 prof

372 871 466 906 fecto
487 873 513 904 is
528 871 665 917 gratiam
679 870 810 902 initurus
825 868 887 906 est,
908 867 996 913 quod
1010 865 1159 899 dolorem
1178 866 1264 898 inter
1279 862 1365 897 mala
1388 861 1572 897 censeamus
1600 878 1607 899 ε
1634 864 1717 898 adeo
1731 874 1770 899 ut

372 932 440 954 non
453 919 484 952 id
496 918 598 953 solum
612 916 702 964 quod
719 928 812 963 turpe
828 917 889 958 est,
911 915 964 949 sed
983 914 1126 948 etiamid
1144 924 1242 946 omne
1257 912 1347 957 quod
1358 912 1402 945 est
1415 922 1534 946 natutae
1544 915 1770 961 contrarium,

371 980 407 1002 ut
419 967 543 1003 malum
559 966 733 1011 habeatur-¹
743 967 841 1009 Hanc
852 966 1013 1010 tationem
1028 961 1219 1004 Aristoteles,
1229 965 1262 997 δέ
1272 959 1458 1002 M.;Tullius
1469 959 1544 998 loco
1559 963 1661 996 citato
1673 960 1772 997 fusius

372 1014 614 1065 persequuntur.
1479 1046 1481 1048 .

414 1065 573 1098 Probatur
590 1080 614 1100 2.
630 1063 791 1107 conclnsto.
808 1065 845 1097 In
863 1062 926 1096 hoc
941 1061 1022 1097 boni
1032 1071 1144 1096 natura
1157 1058 1293 1093 confistit
1307 1087 1315 1101 ‚
1330 1069 1365 1093 ut
1381 1060 1562 1108 appetitum
1576 1060 1616 1093 ad
1635 1057 1773 1107 suipto„

374 1113 575 1148 secutionem
593 1123 746 1147 moveat:
761 1111 813 1145 sed
831 1109 980 1158 voluptas
993 1139 1003 1154 ,
1023 1121 1127 1156 eaque
1138 1107 1341 1156 potissimum
1351 1137 1360 1151 ‚
1378 1121 1451 1156 quae
1463 1109 1506 1142 est
1518 1110 1616 1143 animi
1630 1111 1772 1156 propria,

374 1174 507 1210 quaeque
522 1162 562 1195 ad
576 1162 800 1207 cognitionem
816 1161 961 1194 maxime
975 1161 1136 1207 pertinet,
1155 1161 1338 1205 appetitum
1357 1169 1470 1192 movet
1489 1163 1522 1194 &
1542 1158 1644 1192 allicit
1667 1172 1675 1193 :
1693 1170 1773 1207 ergo

374 1211 525 1259 voluptas
536 1221 590 1244 aut
601 1201 778 1245 delectatio
789 1210 916 1243 ratione
928 1207 971 1242 sui
986 1208 1076 1249 bona
1086 1207 1149 1241 dici
1163 1207 1280 1256 potest.
1304 1208 1464 1256 Quivis
1483 1206 1634 1254 voluptas
1653 1219 1773 1255 corpo..

375 1273 429 1295 rea
445 1260 549 1308 saepius
565 1258 601 1294 sit
616 1258 789 1307 rejicienda
807 1268 940 1305 propter
952 1269 989 1291 ea
1004 1270 1076 1306 quae
1090 1255 1160 1300 sunt
1171 1269 1244 1291 cum
1264 1256 1332 1304 ipsa
1340 1256 1514 1304 voluptate
1525 1258 1773 1305 conjuncta-Ut

376 1313 412 1344 in
437 1309 535 1344 melle
562 1319 728 1343 venenato
746 1320 813 1342 non
827 1307 965 1341 dulcedo
982 1307 1109 1348 mellis,
1141 1306 1194 1340 sed
1220 1317 1385 1341 venenum
1407 1306 1584 1339 admixtum
1605 1305 1773 1353 respuitur.

375 1361 458 1394 Non
473 1357 746 1394 dissimilii-atione
760 1369 828 1392 non
843 1355 992 1404 voluptas
1003 1356 1067 1404 ipsa
1084 1367 1142 1403 per
1155 1354 1186 1389 se
1200 1383 1209 1397 ,
1227 1354 1277 1388 sed
1297 1353 1350 1389 vel
1366 1356 1454 1389 aetio
1468 1356 1517 1388 cui
1531 1357 1702 1401 coniuncta
1716 1356 1772 1398 est,

376 1419 430 1442 aut
444 1419 492 1441 res
512 1420 551 1442 ex
566 1420 629 1455 qua
651 1407 827 1455 percipitur
842 1433 851 1447 ,
874 1416 929 1439 aut
952 1406 1106 1440 damnum
1120 1405 1209 1451 quod
1226 1416 1264 1438 ex
1283 1416 1318 1438 re
1333 1404 1386 1438 vel
1405 1405 1535 1438 afflone
1549 1406 1707 1451 emergit,
1735 1415 1774 1438 ut

377 1457 456 1503 quid
465 1456 545 1490 mali
557 1456 751 1503 fugiendum
768 1455 822 1488 est.
841 1456 883 1489 At
902 1452 923 1487 si
941 1454 1029 1488 nulla
1047 1454 1119 1501 lege
1137 1481 1145 1495 ,
1166 1465 1219 1486 aut
1239 1451 1468 1487 consuetudine
1485 1479 1493 1490 ‚
1525 1462 1582 1485 aut
1606 1451 1772 1488 honestate

376 1504 571 1554 prohibetur
589 1533 599 1546 ,
627 1516 693 1538 tum
709 1503 790 1538 nihil
807 1505 869 1536 erit
882 1501 977 1536 caufie
993 1514 1047 1536 cur
1064 1503 1097 1536 in
1119 1501 1214 1535 bonis
1232 1501 1408 1535 delectatio
1436 1513 1502 1534 non
1521 1500 1689 1537 habeatur.
1717 1503 1772 1536 Sic

377 1566 478 1589 nemo
495 1554 538 1588 est
554 1555 609 1601 qui
626 1553 775 1587 dolorem
793 1562 934 1602 expetat,
952 1550 973 1586 si
986 1564 1118 1587 omnem
1133 1550 1258 1593 honesti
1272 1580 1282 1594 ‚
1298 1561 1354 1588 aut
1369 1549 1456 1586 utilis
1474 1552 1636 1598 rationem
1649 1552 1680 1584 ei
1692 1551 1776 1590 ade-.

377 1605 486 1638 meris.
1376 1601 1380 1603 ’

415 1651 495 1700 QZ)
507 1663 616 1687 autem
631 1653 667 1686 iis
677 1665 749 1700 quat
762 1667 781 1688 ι
795 1652 916 1687 Sto'i'cis
927 1663 1040 1688 contra
1058 1649 1661 1700 opponuntur,respondea5,memiiiiffe
1672 1657 1776 1698 opor:

379 1713 427 1737 tet
442 1713 496 1735 eos
521 1714 594 1736 cum
612 1702 784 1737 Aristotele
805 1708 839 1739 δε
857 1700 926 1737 aliis
941 1701 1145 1749 Philosophis
1163 1713 1198 1735 re
1214 1700 1394 1736 consentire
1409 1729 1419 1743 ,
1445 1699 1551 1735 verbis
1571 1698 1772 1748 discrepare:

378 1764 454 1786 mm
474 1750 662 1799 Philosophi
678 1764 745 1798 quae
768 1749 943 1786 secundum
968 1761 1118 1786 naturam
1137 1750 1205 1786 sunt
1218 1780 1227 1794 ‚
1258 1749 1346 1785 bona
1370 1749 1558 1798 appellant,
1589 1761 1624 1783 ut
1642 1748 1772 1793 valere,

378 1813 444 1843 non
457 1799 568 1834 dolete
584 1816 593 1843 ·,
611 1814 680 1848 quae
692 1812 803 1848 autem
813 1812 926 1837 contra
944 1799 1014 1845 sunt
1028 1830 1038 1844 ,
1063 1799 1160 1840 mala.
1175 1801 1203 1832 C
1207 1814 1246 1835 ur
1266 1802 1367 1847 igitur
1378 1827 1388 1841 ,
1409 1800 1514 1845 inquit
1535 1799 1655 1832 Cicero
1669 1827 1679 1842 ‚
1699 1810 1771 1832 cum

382 1850 424 1883 ale
441 1862 473 1882 re
496 1852 681 1889 conveniat,
697 1863 757 1884 non
772 1851 920 1884 malimus
933 1850 1048 1895 nfitctte
1059 1850 1170 1895 loqui?
1189 1859 1247 1882 aut
1267 1849 1376 1881 doceat
1395 1850 1483 1880 cho
1504 1850 1700 1893 paratiorem
1721 1859 1772 1880 me

382 1898 427 1932 ad
434 1899 693 1932 contemnendam
704 1902 870 1946 pecuniam
876 1898 966 1942 fore,
982 1898 1011 1943 fi
1021 1899 1115 1932 illam
1124 1900 1158 1932 in
1169 1896 1259 1930 rebus
1272 1895 1441 1942 praepofitis
1457 1921 1464 1931 ,
1487 1893 1620 1938 qudmfi
1639 1897 1672 1927 1⁰71
1684 1893 1772 1929 bonis

385 1947 507 1981 duxero
519 1947 759 1994 3fortioremque
767 1947 960 1995 inpaticndo
975 1947 1080 1979 dolore
1090 1971 1098 1982 ‚
1117 1945 1147 1989 fi
1159 1957 1225 1978 eum
1237 1946 1379 1991 asperum
1399 1942 1437 1978 (ἆρ’
1454 1941 1772 1992 difficilemperpqffn,

383 1995 421 2029 ὠ
442 2007 552 2030 contra
570 2006 724 2030 naturam
744 1997 813 2043 effi’,
840 1992 940 2042 qnbm
957 1994 987 2040 fi
1004 1993 1124 2027 malum
1139 1994 1259 2028 dixero.

899 2076 1087 2111 *Diluumur
1107 2075 1234 2119 objesla.

417 2144 504 2192 Opp.
520 2158 542 2180 1.
556 2142 740 2192 voluptates
759 2141 887 2178 obstare
901 2143 1048 2191 prudenti
1054 2156 1079 2176 ae
1091 2171 1100 2186 ,
1115 2141 1280 2189 plerasque
1290 2139 1362 2177 :esse
1372 2142 1484 2176 noxias
1497 2146 1531 2178 Sc
1543 2151 1660 2188 turpes,
1682 2142 1773 2176 Hinc

382 2191 500 2227 merito
518 2195 639 2228 Seneca
652 2192 874 2228 laudationem
889 2192 1064 2240 voluptatis
1078 2191 1138 2227 effe
1158 2190 1370 2240 perniciosam
1396 2191 1491 2225 docet
1510 2206 1517 2226 z
1541 2194 1619 2237 quia
1645 2189 1772 2236 honesta

379 2251 529 2288 praexepm
540 2245 626 2275 intra
643 2242 765 2277 [αττηις
782 2241 865 2288 quod
880 2243 1052 2288 corrumpit
1067 2269 1074 2279 ,
1097 2251 1241 2289 appar-et.

425 2290 511 2336 Kasp.
526 2289 718 2338 Voluptates
734 2290 915 2338 prohibitas
928 2319 938 2333 ‚
957 2302 1094 2338 quaeque
1109 2290 1178 2338 plus
1195 2289 1270 2323 mali
1286 2286 1391 2323 secum
1414 2288 1550 2324 affirunt
1565 2318 1573 2331 ‚
1592 2287 1695 2335 quam
1713 2286 1771 2320 ha-

383 2337 483 2371 beant
499 2336 577 2372 honi
590 2368 598 2379 ‚
621 2341 707 2374 recte
730 2341 904 2387 vituperari
922 2352 928 2373 :
953 2338 1041 2385 quod
1055 2340 1198 2374 :teriones
1213 2337 1329 2385 quihus
1344 2336 1620 2386 su1itconjun6tae,
1634 2346 1769 2384 quaeque

384 2387 554 2433 prudentiae
567 2390 833 2437 &temperantiae
854 2388 1082 2435 adversantur,
1108 2387 1166 2424 sint
1187 2386 1319 2424 vitiosae.
1339 2389 1390 2421 Sic
1405 2388 1592 2435 turpitudo,
1620 2384 1769 2422 aut-infa-
