<?xml version="1.0" encoding="UTF-8"?>
<!DOCTYPE html PUBLIC "-//W3C//DTD XHTML 1.0 Transitional//EN"
    "http://www.w3.org/TR/xhtml1/DTD/xhtml1-transitional.dtd">
<html xmlns="http://www.w3.org/1999/xhtml" xml:lang="en" lang="en">
 <head>
  <title>
</title>
<meta http-equiv="Content-Type" content="text/html;charset=utf-8" />
  <meta name='ocr-system' content='tesseract 3.04.00' />
  <meta name='ocr-capabilities' content='ocr_page ocr_carea ocr_par ocr_line ocrx_word'/>
</head>
<body>
  <div class='ocr_page' id='page_1' title='image "./philosophiavetus01duhauoft_0062.png"; bbox 0 0 1857 2745; ppageno 0'>
   <div class='ocr_carea' id='block_1_1' title="bbox 275 118 1730 1845">
    <p class='ocr_par' dir='ltr' id='par_1_1' title="bbox 329 118 1327 174">
     <span class='ocr_line' id='line_1_1' title="bbox 329 118 1327 174; baseline 0.004 -19"><span class='ocrx_word' id='word_1_1' title='bbox 329 131 377 174; x_wconf 73' lang='lat'>‘40</span> <span class='ocrx_word' id='word_1_2' title='bbox 732 118 1327 159; x_wconf 75' lang='lat' dir='ltr'><strong>INSTITUTIONE&#39;S</strong></span> 
     </span>
    </p>

    <p class='ocr_par' dir='ltr' id='par_1_2' title="bbox 323 168 1730 564">
     <span class='ocr_line' id='line_1_2' title="bbox 330 168 1730 222; baseline -0.002 -11"><span class='ocrx_word' id='word_1_3' title='bbox 330 175 476 222; x_wconf 65' lang='lat' dir='ltr'>regulam</span> <span class='ocrx_word' id='word_1_4' title='bbox 487 170 647 213; x_wconf 87' lang='lat' dir='ltr'>consulat,</span> <span class='ocrx_word' id='word_1_5' title='bbox 666 181 703 204; x_wconf 90' lang='lat' dir='ltr'>ut</span> <span class='ocrx_word' id='word_1_6' title='bbox 716 168 840 204; x_wconf 89' lang='lat' dir='ltr'>bonam</span> <span class='ocrx_word' id='word_1_7' title='bbox 852 172 1166 217; x_wconf 20' lang='lat' dir='ltr'>arx-*umentationem</span> <span class='ocrx_word' id='word_1_8' title='bbox 1177 172 1333 219; x_wconf 83' lang='lat' dir='ltr'>dijudicet</span> <span class='ocrx_word' id='word_1_9' title='bbox 1345 202 1354 216; x_wconf 83' lang='lat'>,</span> <span class='ocrx_word' id='word_1_10' title='bbox 1370 184 1508 220; x_wconf 85' lang='lat' dir='ltr'>eamque</span> <span class='ocrx_word' id='word_1_11' title='bbox 1533 170 1553 208; x_wconf 77' lang='grc' dir='ltr'>ὲ.</span> <span class='ocrx_word' id='word_1_12' title='bbox 1576 171 1671 217; x_wconf 82' lang='lat' dir='ltr'>falsa,</span> <span class='ocrx_word' id='word_1_13' title='bbox 1691 175 1730 213; x_wconf 78' lang='lat' dir='ltr'>in</span> 
     </span>
     <span class='ocr_line' id='line_1_3' title="bbox 330 216 1724 273; baseline -0.002 -13"><span class='ocrx_word' id='word_1_14' title='bbox 330 216 526 273; x_wconf 65' lang='lat' dir='ltr'>quacunque</span> <span class='ocrx_word' id='word_1_15' title='bbox 551 220 587 255; x_wconf 84' lang='lat' dir='ltr'>fit</span> <span class='ocrx_word' id='word_1_16' title='bbox 615 220 772 261; x_wconf 84' lang='lat' dir='ltr'>materia,</span> <span class='ocrx_word' id='word_1_17' title='bbox 798 216 1014 262; x_wconf 65' lang='lat' dir='ltr'>discriminer3</span> <span class='ocrx_word' id='word_1_18' title='bbox 1048 233 1114 255; x_wconf 82' lang='lat' dir='ltr'>non</span> <span class='ocrx_word' id='word_1_19' title='bbox 1133 220 1228 256; x_wconf 72' lang='lat' dir='ltr'>aliam</span> <span class='ocrx_word' id='word_1_20' title='bbox 1248 223 1375 258; x_wconf 47' lang='lat' dir='ltr'>vitietur</span> <span class='ocrx_word' id='word_1_21' title='bbox 1398 234 1452 257; x_wconf 87' lang='lat' dir='ltr'>aut</span> <span class='ocrx_word' id='word_1_22' title='bbox 1470 220 1697 270; x_wconf 84' lang='lat' dir='ltr'>simpliciorem</span> <span class='ocrx_word' id='word_1_23' title='bbox 1713 252 1724 267; x_wconf 82' lang='lat'>,</span> 
     </span>
     <span class='ocr_line' id='line_1_4' title="bbox 327 267 1722 320; baseline -0.001 -12"><span class='ocrx_word' id='word_1_24' title='bbox 327 286 384 308; x_wconf 88' lang='lat' dir='ltr'>aut</span> <span class='ocrx_word' id='word_1_25' title='bbox 397 274 498 320; x_wconf 76' lang='lat' dir='ltr'>magis</span> <span class='ocrx_word' id='word_1_26' title='bbox 513 269 648 305; x_wconf 85' lang='lat' dir='ltr'>obviam</span> <span class='ocrx_word' id='word_1_27' title='bbox 666 268 755 315; x_wconf 67' lang='lat' dir='ltr'>sequi</span> <span class='ocrx_word' id='word_1_28' title='bbox 771 296 779 307; x_wconf 90' lang='lat'><em>‚</em></span> <span class='ocrx_word' id='word_1_29' title='bbox 802 267 904 315; x_wconf 77' lang='lat' dir='ltr'>quani</span> <span class='ocrx_word' id='word_1_30' title='bbox 922 280 993 303; x_wconf 79' lang='lat' dir='ltr'>cam</span> <span class='ocrx_word' id='word_1_31' title='bbox 1005 281 1073 316; x_wconf 81' lang='lat' dir='ltr'>quae</span> <span class='ocrx_word' id='word_1_32' title='bbox 1088 268 1228 319; x_wconf 63' lang='lat' dir='ltr'>superius</span> <span class='ocrx_word' id='word_1_33' title='bbox 1243 271 1306 306; x_wconf 85' lang='lat' dir='ltr'>fuit</span> <span class='ocrx_word' id='word_1_34' title='bbox 1327 272 1496 320; x_wconf 80' lang='lat' dir='ltr'>explicata.</span> <span class='ocrx_word' id='word_1_35' title='bbox 1519 272 1555 305; x_wconf 90' lang='lat' dir='ltr'>Id</span> <span class='ocrx_word' id='word_1_36' title='bbox 1567 271 1722 307; x_wconf 77' lang='lat' dir='ltr'>videlicet</span> 
     </span>
     <span class='ocr_line' id='line_1_5' title="bbox 326 316 1722 370; baseline 0.001 -14"><span class='ocrx_word' id='word_1_37' title='bbox 326 323 517 357; x_wconf 68' lang='lat' dir='ltr'>intusnclum</span> <span class='ocrx_word' id='word_1_38' title='bbox 528 349 536 363; x_wconf 93' lang='lat'><strong>‚</strong></span> <span class='ocrx_word' id='word_1_39' title='bbox 565 333 605 353; x_wconf 87' lang='lat' dir='ltr'>an</span> <span class='ocrx_word' id='word_1_40' title='bbox 623 316 800 367; x_wconf 71' lang='lat' dir='ltr'>propositio</span> <span class='ocrx_word' id='word_1_41' title='bbox 812 316 983 365; x_wconf 78' lang='lat' dir='ltr'>probanda</span> <span class='ocrx_word' id='word_1_42' title='bbox 997 347 1005 361; x_wconf 46' lang='lat'>2</span> <span class='ocrx_word' id='word_1_43' title='bbox 1021 317 1072 352; x_wconf 83' lang='lat' dir='ltr'>scu</span> <span class='ocrx_word' id='word_1_44' title='bbox 1083 320 1304 356; x_wconf 64' lang='lat' dir='ltr'>concludenda</span> <span class='ocrx_word' id='word_1_45' title='bbox 1315 351 1325 365; x_wconf 82' lang='grc'>,</span> <span class='ocrx_word' id='word_1_46' title='bbox 1336 334 1398 356; x_wconf 77' lang='lat' dir='ltr'>una</span> <span class='ocrx_word' id='word_1_47' title='bbox 1417 334 1455 356; x_wconf 80' lang='lat' dir='ltr'>ex</span> <span class='ocrx_word' id='word_1_48' title='bbox 1466 320 1637 370; x_wconf 71' lang='lat' dir='ltr'>praemisES,</span> <span class='ocrx_word' id='word_1_49' title='bbox 1651 334 1722 357; x_wconf 86' lang='lat' dir='ltr'>tan-</span> 
     </span>
     <span class='ocr_line' id='line_1_6' title="bbox 324 366 1721 418; baseline -0.002 -13"><span class='ocrx_word' id='word_1_50' title='bbox 324 383 424 418; x_wconf 86' lang='lat' dir='ltr'>quam</span> <span class='ocrx_word' id='word_1_51' title='bbox 442 368 667 405; x_wconf 74' lang='lat' dir='ltr'>universaliori</span> <span class='ocrx_word' id='word_1_52' title='bbox 691 396 700 410; x_wconf 84' lang='grc'>,</span> <span class='ocrx_word' id='word_1_53' title='bbox 718 379 773 401; x_wconf 88' lang='lat' dir='ltr'>aut</span> <span class='ocrx_word' id='word_1_54' title='bbox 785 366 897 401; x_wconf 82' lang='lat' dir='ltr'>saltem</span> <span class='ocrx_word' id='word_1_55' title='bbox 909 372 1093 415; x_wconf 71' lang='lat' dir='ltr'>reciproca,</span> <span class='ocrx_word' id='word_1_56' title='bbox 1124 382 1262 417; x_wconf 65' lang='lat' dir='ltr'>quaeque</span> <span class='ocrx_word' id='word_1_57' title='bbox 1281 370 1519 407; x_wconf 84' lang='lat' dir='ltr'>conclusionem</span> <span class='ocrx_word' id='word_1_58' title='bbox 1537 369 1651 406; x_wconf 72' lang='lat' dir='ltr'>clarius</span> <span class='ocrx_word' id='word_1_59' title='bbox 1664 383 1721 406; x_wconf 84' lang='lat' dir='ltr'>ex-</span> 
     </span>
     <span class='ocr_line' id='line_1_7' title="bbox 323 416 1721 469; baseline 0 -16"><span class='ocrx_word' id='word_1_60' title='bbox 323 419 427 468; x_wconf 80' lang='lat' dir='ltr'>plicet</span> <span class='ocrx_word' id='word_1_61' title='bbox 444 448 453 462; x_wconf 84' lang='lat'>,</span> <span class='ocrx_word' id='word_1_62' title='bbox 473 420 609 453; x_wconf 75' lang='lat' dir='ltr'>omnino</span> <span class='ocrx_word' id='word_1_63' title='bbox 625 419 855 458; x_wconf 77' lang='lat' dir='ltr'>contineatur,</span> <span class='ocrx_word' id='word_1_64' title='bbox 874 416 972 464; x_wconf 85' lang='lat' dir='ltr'>idque</span> <span class='ocrx_word' id='word_1_65' title='bbox 987 417 1190 454; x_wconf 79' lang='lat' dir='ltr'>manifestum</span> <span class='ocrx_word' id='word_1_66' title='bbox 1208 419 1306 455; x_wconf 87' lang='lat' dir='ltr'>faciat</span> <span class='ocrx_word' id='word_1_67' title='bbox 1324 421 1426 455; x_wconf 85' lang='lat' dir='ltr'>altera</span> <span class='ocrx_word' id='word_1_68' title='bbox 1436 418 1631 469; x_wconf 75' lang='lat' dir='ltr'>propositio,</span> <span class='ocrx_word' id='word_1_69' title='bbox 1652 433 1721 468; x_wconf 76' lang='lat' dir='ltr'>qtiae</span> 
     </span>
     <span class='ocr_line' id='line_1_8' title="bbox 324 465 1720 518; baseline 0.001 -15"><span class='ocrx_word' id='word_1_70' title='bbox 324 468 447 503; x_wconf 84' lang='lat' dir='ltr'>scilicet</span> <span class='ocrx_word' id='word_1_71' title='bbox 461 467 625 516; x_wconf 84' lang='lat' dir='ltr'>utriusque</span> <span class='ocrx_word' id='word_1_72' title='bbox 651 465 878 515; x_wconf 64' lang='lat' dir='ltr'>propositionis</span> <span class='ocrx_word' id='word_1_73' title='bbox 896 495 906 510; x_wconf 85' lang='lat'>,</span> <span class='ocrx_word' id='word_1_74' title='bbox 921 479 1056 513; x_wconf 72' lang='lat' dir='ltr'>quarum</span> <span class='ocrx_word' id='word_1_75' title='bbox 1074 480 1136 502; x_wconf 85' lang='lat' dir='ltr'>una</span> <span class='ocrx_word' id='word_1_76' title='bbox 1149 467 1286 506; x_wconf 85' lang='lat' dir='ltr'>alteram</span> <span class='ocrx_word' id='word_1_77' title='bbox 1300 471 1562 518; x_wconf 81' lang='lat' dir='ltr'>comprehendit,</span> <span class='ocrx_word' id='word_1_78' title='bbox 1575 481 1720 505; x_wconf 84' lang='lat' dir='ltr'>mutuam</span> 
     </span>
     <span class='ocr_line' id='line_1_9' title="bbox 324 515 1074 564; baseline -0.001 -11"><span class='ocrx_word' id='word_1_79' title='bbox 324 517 554 554; x_wconf 70' lang='lat' dir='ltr'>habitudinem</span> <span class='ocrx_word' id='word_1_80' title='bbox 568 517 657 551; x_wconf 88' lang='lat' dir='ltr'>velut</span> <span class='ocrx_word' id='word_1_81' title='bbox 670 516 772 550; x_wconf 83' lang='lat' dir='ltr'>oculis</span> <span class='ocrx_word' id='word_1_82' title='bbox 795 517 913 551; x_wconf 85' lang='lat' dir='ltr'>mentis</span> <span class='ocrx_word' id='word_1_83' title='bbox 934 515 1074 564; x_wconf 75' lang='lat' dir='ltr'>subjicit.</span> 
     </span>
    </p>

    <p class='ocr_par' dir='ltr' id='par_1_3' title="bbox 321 565 1721 715">
     <span class='ocr_line' id='line_1_10' title="bbox 359 565 1720 617; baseline -0.001 -16"><span class='ocrx_word' id='word_1_84' title='bbox 359 568 448 611; x_wconf 84' lang='lat' dir='ltr'>Cum</span> <span class='ocrx_word' id='word_1_85' title='bbox 458 580 494 601; x_wconf 87' lang='lat' dir='ltr'>ea</span> <span class='ocrx_word' id='word_1_86' title='bbox 506 565 667 602; x_wconf 87' lang='lat' dir='ltr'>habitudo</span> <span class='ocrx_word' id='word_1_87' title='bbox 679 566 721 600; x_wconf 87' lang='lat' dir='ltr'>est</span> <span class='ocrx_word' id='word_1_88' title='bbox 731 566 866 600; x_wconf 80' lang='lat' dir='ltr'>evidens</span> <span class='ocrx_word' id='word_1_89' title='bbox 881 595 891 610; x_wconf 90' lang='lat'>,</span> <span class='ocrx_word' id='word_1_90' title='bbox 914 577 984 600; x_wconf 91' lang='lat' dir='ltr'>tum</span> <span class='ocrx_word' id='word_1_91' title='bbox 994 565 1206 614; x_wconf 68' lang='lat' dir='ltr'>enthymema</span> <span class='ocrx_word' id='word_1_92' title='bbox 1218 566 1422 603; x_wconf 77' lang='lat' dir='ltr'>adhibemus:</span> <span class='ocrx_word' id='word_1_93' title='bbox 1433 577 1470 600; x_wconf 84' lang='lat' dir='ltr'>ut</span> <span class='ocrx_word' id='word_1_94' title='bbox 1483 570 1592 602; x_wconf 86' lang='lat' dir='ltr'>anima</span> <span class='ocrx_word' id='word_1_95' title='bbox 1604 569 1647 603; x_wconf 89' lang='lat' dir='ltr'>est</span> <span class='ocrx_word' id='word_1_96' title='bbox 1656 568 1720 617; x_wconf 40' lang='lat' dir='ltr'>spir</span> 
     </span>
     <span class='ocr_line' id='line_1_11' title="bbox 321 613 1721 665; baseline 0 -14"><span class='ocrx_word' id='word_1_97' title='bbox 321 616 424 651; x_wconf 83' lang='lat' dir='ltr'>ritalis</span> <span class='ocrx_word' id='word_1_98' title='bbox 445 631 453 652; x_wconf 78' lang='lat' dir='ltr'><strong><em>z</em></strong></span> <span class='ocrx_word' id='word_1_99' title='bbox 474 629 551 665; x_wconf 79' lang='lat' dir='ltr'>ergo</span> <span class='ocrx_word' id='word_1_100' title='bbox 565 615 770 651; x_wconf 81' lang='lat' dir='ltr'>immortalis,</span> <span class='ocrx_word' id='word_1_101' title='bbox 783 617 997 663; x_wconf 82' lang='lat' dir='ltr'>Supponimus</span> <span class='ocrx_word' id='word_1_102' title='bbox 1013 617 1099 650; x_wconf 90' lang='lat' dir='ltr'>enim</span> <span class='ocrx_word' id='word_1_103' title='bbox 1110 615 1291 653; x_wconf 78' lang='lat' dir='ltr'>concessum</span> <span class='ocrx_word' id='word_1_104' title='bbox 1301 616 1342 651; x_wconf 89' lang='lat' dir='ltr'>ab</span> <span class='ocrx_word' id='word_1_105' title='bbox 1356 613 1549 660; x_wconf 68' lang='lat' dir='ltr'>adversario,</span> <span class='ocrx_word' id='word_1_106' title='bbox 1559 617 1721 664; x_wconf 85' lang='lat' dir='ltr'>quidquid</span> 
     </span>
     <span class='ocr_line' id='line_1_12' title="bbox 323 664 976 715; baseline 0 -14"><span class='ocrx_word' id='word_1_107' title='bbox 323 667 367 701; x_wconf 88' lang='lat' dir='ltr'>est</span> <span class='ocrx_word' id='word_1_108' title='bbox 383 665 526 715; x_wconf 80' lang='lat' dir='ltr'>spiritale</span> <span class='ocrx_word' id='word_1_109' title='bbox 538 695 547 709; x_wconf 82' lang='grc'>,</span> <span class='ocrx_word' id='word_1_110' title='bbox 571 666 657 700; x_wconf 84' lang='lat' dir='ltr'>idem</span> <span class='ocrx_word' id='word_1_111' title='bbox 690 664 750 700; x_wconf 88' lang='lat' dir='ltr'>esse</span> <span class='ocrx_word' id='word_1_112' title='bbox 779 664 976 701; x_wconf 77' lang='lat' dir='ltr'>immortale.</span> 
     </span>
    </p>

    <p class='ocr_par' dir='ltr' id='par_1_4' title="bbox 275 713 1730 1304">
     <span class='ocr_line' id='line_1_13' title="bbox 347 713 1720 764; baseline 0.001 -15"><span class='ocrx_word' id='word_1_113' title='bbox 347 718 427 764; x_wconf 71' lang='lat' dir='ltr'>jam</span> <span class='ocrx_word' id='word_1_114' title='bbox 442 715 604 749; x_wconf 82' lang='lat' dir='ltr'>certitudo</span> <span class='ocrx_word' id='word_1_115' title='bbox 614 745 623 759; x_wconf 86' lang='lat'>,</span> <span class='ocrx_word' id='word_1_116' title='bbox 640 726 695 750; x_wconf 85' lang='lat' dir='ltr'>aut</span> <span class='ocrx_word' id='word_1_117' title='bbox 711 713 876 750; x_wconf 68' lang='lat' dir='ltr'>necessitas</span> <span class='ocrx_word' id='word_1_118' title='bbox 890 744 900 758; x_wconf 86' lang='lat'>,</span> <span class='ocrx_word' id='word_1_119' title='bbox 914 726 969 749; x_wconf 90' lang='lat' dir='ltr'>aut</span> <span class='ocrx_word' id='word_1_120' title='bbox 983 714 1199 762; x_wconf 74' lang='lat' dir='ltr'>probabilitas</span> <span class='ocrx_word' id='word_1_121' title='bbox 1209 745 1219 760; x_wconf 84' lang='lat'>‚</span> <span class='ocrx_word' id='word_1_122' title='bbox 1243 721 1282 753; x_wconf 56' lang='grc' dir='ltr'>δέ</span> <span class='ocrx_word' id='word_1_123' title='bbox 1293 716 1364 750; x_wconf 78' lang='lat' dir='ltr'>aliae</span> <span class='ocrx_word' id='word_1_124' title='bbox 1376 744 1385 759; x_wconf 92' lang='lat'>‚</span> <span class='ocrx_word' id='word_1_125' title='bbox 1402 714 1422 749; x_wconf 89' lang='lat' dir='ltr'>fi</span> <span class='ocrx_word' id='word_1_126' title='bbox 1443 727 1513 763; x_wconf 84' lang='lat' dir='ltr'>quae</span> <span class='ocrx_word' id='word_1_127' title='bbox 1527 714 1586 750; x_wconf 86' lang='lat' dir='ltr'>fint</span> <span class='ocrx_word' id='word_1_128' title='bbox 1596 727 1720 763; x_wconf 86' lang='lat' dir='ltr'>propo-</span> 
     </span>
     <span class='ocr_line' id='line_1_14' title="bbox 320 763 1720 813; baseline 0.001 -14"><span class='ocrx_word' id='word_1_129' title='bbox 320 763 443 800; x_wconf 86' lang='lat' dir='ltr'>sitionis</span> <span class='ocrx_word' id='word_1_130' title='bbox 460 763 652 800; x_wconf 61' lang='lat' dir='ltr'>afficeriones</span> <span class='ocrx_word' id='word_1_131' title='bbox 666 793 674 808; x_wconf 83' lang='lat'>‚</span> <span class='ocrx_word' id='word_1_132' title='bbox 697 776 737 798; x_wconf 92' lang='lat' dir='ltr'>eo</span> <span class='ocrx_word' id='word_1_133' title='bbox 752 764 852 798; x_wconf 85' lang='lat' dir='ltr'>modo</span> <span class='ocrx_word' id='word_1_134' title='bbox 870 763 1066 800; x_wconf 76' lang='lat' dir='ltr'>conclusioni</span> <span class='ocrx_word' id='word_1_135' title='bbox 1078 764 1183 799; x_wconf 87' lang='lat' dir='ltr'>insunt</span> <span class='ocrx_word' id='word_1_136' title='bbox 1195 795 1204 808; x_wconf 87' lang='lat'>‚</span> <span class='ocrx_word' id='word_1_137' title='bbox 1218 777 1283 812; x_wconf 90' lang='lat' dir='ltr'>quo</span> <span class='ocrx_word' id='word_1_138' title='bbox 1298 777 1342 799; x_wconf 83' lang='lat' dir='ltr'>eae</span> <span class='ocrx_word' id='word_1_139' title='bbox 1357 763 1428 813; x_wconf 83' lang='lat' dir='ltr'>ipsae</span> <span class='ocrx_word' id='word_1_140' title='bbox 1444 767 1476 800; x_wconf 89' lang='lat' dir='ltr'>in</span> <span class='ocrx_word' id='word_1_141' title='bbox 1492 763 1720 813; x_wconf 79' lang='lat' dir='ltr'>praemiffarurn</span> 
     </span>
     <span class='ocr_line' id='line_1_15' title="bbox 319 811 1719 862; baseline 0 -13"><span class='ocrx_word' id='word_1_142' title='bbox 319 814 421 849; x_wconf 82' lang='lat' dir='ltr'>altera</span> <span class='ocrx_word' id='word_1_143' title='bbox 433 816 663 849; x_wconf 87' lang='lat' dir='ltr'>continentur:</span> <span class='ocrx_word' id='word_1_144' title='bbox 681 811 843 848; x_wconf 83' lang='lat' dir='ltr'>conclusio</span> <span class='ocrx_word' id='word_1_145' title='bbox 861 815 950 848; x_wconf 83' lang='lat' dir='ltr'>enini</span> <span class='ocrx_word' id='word_1_146' title='bbox 968 825 1036 848; x_wconf 90' lang='lat' dir='ltr'>tum</span> <span class='ocrx_word' id='word_1_147' title='bbox 1054 825 1140 848; x_wconf 81' lang='lat' dir='ltr'>certa</span> <span class='ocrx_word' id='word_1_148' title='bbox 1156 814 1199 848; x_wconf 84' lang='lat' dir='ltr'>est</span> <span class='ocrx_word' id='word_1_149' title='bbox 1213 843 1222 857; x_wconf 83' lang='lat'>‚</span> <span class='ocrx_word' id='word_1_150' title='bbox 1248 813 1267 848; x_wconf 90' lang='lat' dir='ltr'>si</span> <span class='ocrx_word' id='word_1_151' title='bbox 1282 813 1406 862; x_wconf 80' lang='lat' dir='ltr'>semper</span> <span class='ocrx_word' id='word_1_152' title='bbox 1424 826 1487 848; x_wconf 82' lang='lat' dir='ltr'>una</span> <span class='ocrx_word' id='word_1_153' title='bbox 1511 826 1550 848; x_wconf 85' lang='lat' dir='ltr'>ex</span> <span class='ocrx_word' id='word_1_154' title='bbox 1577 813 1719 862; x_wconf 81' lang='lat' dir='ltr'>praemis-</span> 
     </span>
     <span class='ocr_line' id='line_1_16' title="bbox 319 861 1730 911; baseline 0.001 -14"><span class='ocrx_word' id='word_1_155' title='bbox 319 862 354 897; x_wconf 76' lang='lat' dir='ltr'>fis</span> <span class='ocrx_word' id='word_1_156' title='bbox 367 863 665 911; x_wconf 77' lang='lat' dir='ltr'>comprehenditur.</span> <span class='ocrx_word' id='word_1_157' title='bbox 684 863 786 908; x_wconf 80' lang='lat' dir='ltr'>Qod</span> <span class='ocrx_word' id='word_1_158' title='bbox 801 861 822 897; x_wconf 86' lang='lat' dir='ltr'>fi</span> <span class='ocrx_word' id='word_1_159' title='bbox 834 873 868 897; x_wconf 85' lang='lat' dir='ltr'>ut</span> <span class='ocrx_word' id='word_1_160' title='bbox 882 862 1054 910; x_wconf 88' lang='lat' dir='ltr'>plurimum</span> <span class='ocrx_word' id='word_1_161' title='bbox 1066 891 1076 906; x_wconf 85' lang='lat'>‚</span> <span class='ocrx_word' id='word_1_162' title='bbox 1089 875 1155 897; x_wconf 88' lang='lat' dir='ltr'>non</span> <span class='ocrx_word' id='word_1_163' title='bbox 1164 862 1337 898; x_wconf 74' lang='lat' dir='ltr'>necessario</span> <span class='ocrx_word' id='word_1_164' title='bbox 1352 865 1575 906; x_wconf 83' lang='lat' dir='ltr'>contineatur,</span> <span class='ocrx_word' id='word_1_165' title='bbox 1595 875 1664 898; x_wconf 89' lang='lat' dir='ltr'>tum</span> <span class='ocrx_word' id='word_1_166' title='bbox 1674 864 1730 899; x_wconf 77' lang='lat' dir='ltr'>est‘</span> 
     </span>
     <span class='ocr_line' id='line_1_17' title="bbox 275 909 1718 960; baseline 0.001 -13"><span class='ocrx_word' id='word_1_167' title='bbox 275 922 277 924; x_wconf 79' lang='grc'><strong>’</strong></span> <span class='ocrx_word' id='word_1_168' title='bbox 321 911 544 947; x_wconf 80' lang='lat' dir='ltr'>verisimilior:</span> <span class='ocrx_word' id='word_1_169' title='bbox 560 914 726 960; x_wconf 87' lang='lat' dir='ltr'>Sipei·raro</span> <span class='ocrx_word' id='word_1_170' title='bbox 745 909 834 954; x_wconf 77' lang='lat' dir='ltr'>infit,</span> <span class='ocrx_word' id='word_1_171' title='bbox 856 922 924 945; x_wconf 87' lang='lat' dir='ltr'>tum</span> <span class='ocrx_word' id='word_1_172' title='bbox 935 924 972 945; x_wconf 85' lang='lat' dir='ltr'>ea</span> <span class='ocrx_word' id='word_1_173' title='bbox 983 911 1028 945; x_wconf 89' lang='lat' dir='ltr'>est</span> <span class='ocrx_word' id='word_1_174' title='bbox 1040 914 1145 946; x_wconf 80' lang='lat' dir='ltr'>minus</span> <span class='ocrx_word' id='word_1_175' title='bbox 1159 910 1339 959; x_wconf 82' lang='lat' dir='ltr'>probabilis</span> <span class='ocrx_word' id='word_1_176' title='bbox 1362 926 1369 946; x_wconf 82' lang='lat'><em>3</em></span> <span class='ocrx_word' id='word_1_177' title='bbox 1393 923 1453 946; x_wconf 88' lang='lat' dir='ltr'>nec</span> <span class='ocrx_word' id='word_1_178' title='bbox 1465 911 1604 946; x_wconf 87' lang='lat' dir='ltr'>multum</span> <span class='ocrx_word' id='word_1_179' title='bbox 1614 913 1718 948; x_wconf 80' lang='lat' dir='ltr'>refert</span> 
     </span>
     <span class='ocr_line' id='line_1_18' title="bbox 319 958 1719 1009; baseline 0 -13"><span class='ocrx_word' id='word_1_180' title='bbox 319 974 388 1009; x_wconf 90' lang='lat' dir='ltr'>quo</span> <span class='ocrx_word' id='word_1_181' title='bbox 403 962 518 996; x_wconf 84' lang='lat' dir='ltr'>ordine</span> <span class='ocrx_word' id='word_1_182' title='bbox 530 959 688 1009; x_wconf 80' lang='lat' dir='ltr'>praemiffae</span> <span class='ocrx_word' id='word_1_183' title='bbox 702 958 912 1008; x_wconf 80' lang='lat' dir='ltr'>disponantur</span> <span class='ocrx_word' id='word_1_184' title='bbox 926 987 934 998; x_wconf 89' lang='lat'><em>‚</em></span> <span class='ocrx_word' id='word_1_185' title='bbox 957 971 1012 994; x_wconf 82' lang='lat' dir='ltr'>aut</span> <span class='ocrx_word' id='word_1_186' title='bbox 1023 973 1093 1007; x_wconf 85' lang='lat' dir='ltr'>quae</span> <span class='ocrx_word' id='word_1_187' title='bbox 1106 958 1142 994; x_wconf 90' lang='lat' dir='ltr'>sit</span> <span class='ocrx_word' id='word_1_188' title='bbox 1151 961 1442 1008; x_wconf 77' lang='lat' dir='ltr'>argumentationis</span> <span class='ocrx_word' id='word_1_189' title='bbox 1453 959 1578 996; x_wconf 79' lang='lat' dir='ltr'>forma:</span> <span class='ocrx_word' id='word_1_190' title='bbox 1595 959 1658 996; x_wconf 92' lang='lat' dir='ltr'>sive</span> <span class='ocrx_word' id='word_1_191' title='bbox 1679 974 1719 996; x_wconf 83' lang='lat' dir='ltr'>ea</span> 
     </span>
     <span class='ocr_line' id='line_1_19' title="bbox 319 1007 1716 1054; baseline -0.001 -10"><span class='ocrx_word' id='word_1_192' title='bbox 319 1010 459 1045; x_wconf 84' lang='lat' dir='ltr'>multum</span> <span class='ocrx_word' id='word_1_193' title='bbox 474 1010 645 1054; x_wconf 84' lang='lat' dir='ltr'>dilatetur,</span> <span class='ocrx_word' id='word_1_194' title='bbox 669 1020 705 1042; x_wconf 90' lang='lat' dir='ltr'>ut</span> <span class='ocrx_word' id='word_1_195' title='bbox 719 1008 760 1042; x_wconf 89' lang='lat' dir='ltr'>ab</span> <span class='ocrx_word' id='word_1_196' title='bbox 773 1007 973 1044; x_wconf 80' lang='lat' dir='ltr'>Oratoribus</span> <span class='ocrx_word' id='word_1_197' title='bbox 986 1008 1057 1043; x_wconf 87' lang='lat' dir='ltr'>fieri</span> <span class='ocrx_word' id='word_1_198' title='bbox 1074 1009 1175 1052; x_wconf 77' lang='lat' dir='ltr'>solet3</span> <span class='ocrx_word' id='word_1_199' title='bbox 1196 1007 1260 1042; x_wconf 85' lang='lat' dir='ltr'>sive</span> <span class='ocrx_word' id='word_1_200' title='bbox 1279 1020 1317 1042; x_wconf 88' lang='lat' dir='ltr'>ea</span> <span class='ocrx_word' id='word_1_201' title='bbox 1330 1007 1365 1043; x_wconf 88' lang='lat' dir='ltr'>fit</span> <span class='ocrx_word' id='word_1_202' title='bbox 1380 1012 1578 1045; x_wconf 69' lang='lat' dir='ltr'>contraffior</span> <span class='ocrx_word' id='word_1_203' title='bbox 1589 1039 1599 1054; x_wconf 81' lang='lat'><em>‚</em></span> <span class='ocrx_word' id='word_1_204' title='bbox 1628 1016 1661 1047; x_wconf 87' lang='lat'>&amp;</span> <span class='ocrx_word' id='word_1_205' title='bbox 1674 1011 1716 1044; x_wconf 90' lang='lat' dir='ltr'>ad</span> 
     </span>
     <span class='ocr_line' id='line_1_20' title="bbox 318 1055 1720 1106; baseline -0.002 -12"><span class='ocrx_word' id='word_1_206' title='bbox 318 1059 461 1094; x_wconf 80' lang='lat' dir='ltr'>formam</span> <span class='ocrx_word' id='word_1_207' title='bbox 475 1060 631 1106; x_wconf 82' lang='lat' dir='ltr'>Logicam</span> <span class='ocrx_word' id='word_1_208' title='bbox 651 1057 811 1092; x_wconf 61' lang='lat' dir='ltr'>restricta:</span> <span class='ocrx_word' id='word_1_209' title='bbox 829 1068 1024 1103; x_wconf 87' lang='lat' dir='ltr'>quocunque</span> <span class='ocrx_word' id='word_1_210' title='bbox 1041 1068 1080 1090; x_wconf 88' lang='lat' dir='ltr'>ea</span> <span class='ocrx_word' id='word_1_211' title='bbox 1093 1055 1277 1099; x_wconf 67' lang='lat' dir='ltr'>fiarinodo,</span> <span class='ocrx_word' id='word_1_212' title='bbox 1297 1068 1352 1091; x_wconf 84' lang='lat' dir='ltr'>aut</span> <span class='ocrx_word' id='word_1_213' title='bbox 1369 1055 1504 1105; x_wconf 82' lang='lat' dir='ltr'>simplici</span> <span class='ocrx_word' id='word_1_214' title='bbox 1528 1063 1561 1095; x_wconf 66' lang='grc' dir='ltr'>ὅ(</span> <span class='ocrx_word' id='word_1_215' title='bbox 1584 1062 1617 1094; x_wconf 74' lang='lat' dir='ltr'>i&#39;n</span> <span class='ocrx_word' id='word_1_216' title='bbox 1644 1055 1720 1094; x_wconf 62' lang='lat' dir='ltr'>vul-&#39;</span> 
     </span>
     <span class='ocr_line' id='line_1_21' title="bbox 319 1104 1715 1157; baseline 0.002 -15"><span class='ocrx_word' id='word_1_217' title='bbox 319 1107 451 1157; x_wconf 68' lang='lat' dir='ltr'>guribus</span> <span class='ocrx_word' id='word_1_218' title='bbox 467 1106 639 1153; x_wconf 89' lang='lat' dir='ltr'>colloquiis</span> <span class='ocrx_word' id='word_1_219' title='bbox 652 1104 786 1149; x_wconf 80' lang='lat' dir='ltr'>usitato,</span> <span class='ocrx_word' id='word_1_220' title='bbox 801 1116 856 1139; x_wconf 83' lang='lat' dir='ltr'>aut</span> <span class='ocrx_word' id='word_1_221' title='bbox 866 1105 959 1139; x_wconf 79' lang='lat' dir='ltr'>latius</span> <span class='ocrx_word' id='word_1_222' title='bbox 976 1104 1048 1140; x_wconf 88' lang='lat' dir='ltr'>fuso</span> <span class='ocrx_word' id='word_1_223' title='bbox 1060 1133 1070 1148; x_wconf 87' lang='lat'>,</span> <span class='ocrx_word' id='word_1_224' title='bbox 1090 1110 1124 1142; x_wconf 74' lang='grc' dir='ltr'>δε</span> <span class='ocrx_word' id='word_1_225' title='bbox 1141 1107 1242 1154; x_wconf 79' lang='lat' dir='ltr'>magis</span> <span class='ocrx_word' id='word_1_226' title='bbox 1257 1105 1435 1150; x_wconf 81' lang='lat' dir='ltr'>adornato,</span> <span class='ocrx_word' id='word_1_227' title='bbox 1453 1117 1490 1141; x_wconf 90' lang='lat' dir='ltr'>ut</span> <span class='ocrx_word' id='word_1_228' title='bbox 1511 1109 1543 1142; x_wconf 93' lang='lat' dir='ltr'>in</span> <span class='ocrx_word' id='word_1_229' title='bbox 1562 1106 1636 1143; x_wconf 91' lang='lat' dir='ltr'>foro</span> <span class='ocrx_word' id='word_1_230' title='bbox 1649 1136 1659 1151; x_wconf 85' lang='lat'>‚</span> <span class='ocrx_word' id='word_1_231' title='bbox 1679 1114 1715 1145; x_wconf 89' lang='lat'>&amp;</span> 
     </span>
     <span class='ocr_line' id='line_1_22' title="bbox 318 1153 1716 1203; baseline 0.001 -12"><span class='ocrx_word' id='word_1_232' title='bbox 318 1160 360 1192; x_wconf 84' lang='lat' dir='ltr'>in-</span> <span class='ocrx_word' id='word_1_233' title='bbox 371 1155 586 1191; x_wconf 85' lang='lat' dir='ltr'>concionibus</span> <span class='ocrx_word' id='word_1_234' title='bbox 599 1172 607 1199; x_wconf 79' lang='lat'>3</span> <span class='ocrx_word' id='word_1_235' title='bbox 625 1154 677 1190; x_wconf 90' lang='lat' dir='ltr'>seu</span> <span class='ocrx_word' id='word_1_236' title='bbox 688 1153 864 1203; x_wconf 73' lang='lat' dir='ltr'>syllogismi</span> <span class='ocrx_word' id='word_1_237' title='bbox 882 1153 1032 1202; x_wconf 82' lang='lat' dir='ltr'>simplicis</span> <span class='ocrx_word' id='word_1_238' title='bbox 1045 1183 1055 1198; x_wconf 87' lang='lat'>,</span> <span class='ocrx_word' id='word_1_239' title='bbox 1070 1166 1127 1189; x_wconf 90' lang='lat' dir='ltr'>aut</span> <span class='ocrx_word' id='word_1_240' title='bbox 1141 1154 1303 1203; x_wconf 85' lang='lat' dir='ltr'>complexi</span> <span class='ocrx_word' id='word_1_241' title='bbox 1319 1154 1440 1190; x_wconf 86' lang='lat' dir='ltr'>habeat</span> <span class='ocrx_word' id='word_1_242' title='bbox 1455 1158 1615 1192; x_wconf 84' lang='lat' dir='ltr'>rationem</span> <span class='ocrx_word' id='word_1_243' title='bbox 1627 1185 1637 1200; x_wconf 85' lang='grc'>,</span> <span class='ocrx_word' id='word_1_244' title='bbox 1663 1157 1716 1193; x_wconf 86' lang='lat' dir='ltr'>seu</span> 
     </span>
     <span class='ocr_line' id='line_1_23' title="bbox 318 1201 1714 1256; baseline 0.001 -15"><span class='ocrx_word' id='word_1_245' title='bbox 318 1207 461 1254; x_wconf 89' lang='lat' dir='ltr'>denique</span> <span class='ocrx_word' id='word_1_246' title='bbox 475 1207 508 1240; x_wconf 90' lang='lat' dir='ltr'>in</span> <span class='ocrx_word' id='word_1_247' title='bbox 521 1207 659 1240; x_wconf 79' lang='lat' dir='ltr'>materia</span> <span class='ocrx_word' id='word_1_248' title='bbox 681 1201 850 1240; x_wconf 72' lang='lat' dir='ltr'>neceffina</span> <span class='ocrx_word' id='word_1_249' title='bbox 864 1232 873 1247; x_wconf 79' lang='lat'>,</span> <span class='ocrx_word' id='word_1_250' title='bbox 899 1203 950 1238; x_wconf 89' lang='lat' dir='ltr'>seu</span> <span class='ocrx_word' id='word_1_251' title='bbox 959 1206 993 1238; x_wconf 89' lang='lat' dir='ltr'>in</span> <span class='ocrx_word' id='word_1_252' title='bbox 1003 1202 1169 1252; x_wconf 84' lang='lat' dir='ltr'>probabili</span> <span class='ocrx_word' id='word_1_253' title='bbox 1184 1202 1323 1238; x_wconf 87' lang='lat' dir='ltr'>versetur</span> <span class='ocrx_word' id='word_1_254' title='bbox 1332 1233 1342 1248; x_wconf 87' lang='lat'>,</span> <span class='ocrx_word' id='word_1_255' title='bbox 1359 1204 1474 1239; x_wconf 84' lang='lat' dir='ltr'>eadem</span> <span class='ocrx_word' id='word_1_256' title='bbox 1486 1204 1609 1252; x_wconf 87' lang='lat' dir='ltr'>ubique</span> <span class='ocrx_word' id='word_1_257' title='bbox 1620 1219 1714 1256; x_wconf 68' lang='lat' dir='ltr'>regu-</span> 
     </span>
     <span class='ocr_line' id='line_1_24' title="bbox 318 1253 1714 1304; baseline 0.001 -15"><span class='ocrx_word' id='word_1_258' title='bbox 318 1255 349 1289; x_wconf 90' lang='lat' dir='ltr'>la</span> <span class='ocrx_word' id='word_1_259' title='bbox 359 1254 492 1290; x_wconf 90' lang='lat' dir='ltr'>obtinet</span> <span class='ocrx_word' id='word_1_260' title='bbox 506 1254 547 1289; x_wconf 89' lang='lat' dir='ltr'>ab</span> <span class='ocrx_word' id='word_1_261' title='bbox 560 1253 747 1302; x_wconf 78' lang='lat' dir='ltr'>ipsanatura</span> <span class='ocrx_word' id='word_1_262' title='bbox 764 1255 911 1288; x_wconf 86' lang='lat' dir='ltr'>omnium</span> <span class='ocrx_word' id='word_1_263' title='bbox 927 1255 985 1300; x_wconf 87' lang='lat' dir='ltr'>qui</span> <span class='ocrx_word' id='word_1_264' title='bbox 1001 1255 1088 1288; x_wconf 62' lang='lat' dir='ltr'>redte</span> <span class='ocrx_word' id='word_1_265' title='bbox 1099 1255 1350 1297; x_wconf 80' lang='lat' dir='ltr'>ratiocinantur,</span> <span class='ocrx_word' id='word_1_266' title='bbox 1363 1253 1530 1288; x_wconf 84' lang='lat' dir='ltr'>mentibus</span> <span class='ocrx_word' id='word_1_267' title='bbox 1546 1254 1714 1304; x_wconf 83' lang='lat' dir='ltr'>insculpta.</span> 
     </span>
    </p>

    <p class='ocr_par' dir='ltr' id='par_1_5' title="bbox 315 1302 1714 1451">
     <span class='ocr_line' id='line_1_25' title="bbox 353 1302 1714 1352; baseline -0.001 -13"><span class='ocrx_word' id='word_1_268' title='bbox 353 1304 404 1340; x_wconf 89' lang='lat' dir='ltr'>Ad</span> <span class='ocrx_word' id='word_1_269' title='bbox 425 1304 508 1339; x_wconf 79' lang='lat' dir='ltr'>hanc</span> <span class='ocrx_word' id='word_1_270' title='bbox 520 1315 669 1339; x_wconf 86' lang='lat' dir='ltr'>normam</span> <span class='ocrx_word' id='word_1_271' title='bbox 688 1315 787 1337; x_wconf 88' lang='lat' dir='ltr'>omne</span> <span class='ocrx_word' id='word_1_272' title='bbox 805 1304 1013 1338; x_wconf 83' lang='lat' dir='ltr'>ratiocinium</span> <span class='ocrx_word' id='word_1_273' title='bbox 1032 1304 1210 1352; x_wconf 80' lang='lat' dir='ltr'>exigimus,</span> <span class='ocrx_word' id='word_1_274' title='bbox 1231 1315 1291 1338; x_wconf 91' lang='lat' dir='ltr'>nec</span> <span class='ocrx_word' id='word_1_275' title='bbox 1304 1302 1438 1350; x_wconf 87' lang='lat' dir='ltr'>operosa</span> <span class='ocrx_word' id='word_1_276' title='bbox 1456 1308 1489 1340; x_wconf 72' lang='grc' dir='ltr'>δε</span> <span class='ocrx_word' id='word_1_277' title='bbox 1508 1315 1591 1352; x_wconf 84' lang='lat' dir='ltr'>pene</span> <span class='ocrx_word' id='word_1_278' title='bbox 1604 1305 1714 1340; x_wconf 80' lang='lat' dir='ltr'>inutili</span> 
     </span>
     <span class='ocr_line' id='line_1_26' title="bbox 315 1351 1712 1403; baseline 0.001 -14"><span class='ocrx_word' id='word_1_279' title='bbox 315 1353 575 1402; x_wconf 70' lang='lat' dir='ltr'>svllogismorum</span> <span class='ocrx_word' id='word_1_280' title='bbox 594 1353 784 1388; x_wconf 70' lang='lat' dir='ltr'>reduffione</span> <span class='ocrx_word' id='word_1_281' title='bbox 799 1354 836 1386; x_wconf 87' lang='lat' dir='ltr'>iis</span> <span class='ocrx_word' id='word_1_282' title='bbox 846 1364 925 1400; x_wconf 88' lang='lat' dir='ltr'>opus</span> <span class='ocrx_word' id='word_1_283' title='bbox 942 1352 985 1386; x_wconf 86' lang='lat' dir='ltr'>est</span> <span class='ocrx_word' id='word_1_284' title='bbox 997 1382 1006 1396; x_wconf 89' lang='lat'><em>‚</em></span> <span class='ocrx_word' id='word_1_285' title='bbox 1027 1355 1085 1400; x_wconf 90' lang='lat' dir='ltr'>qui</span> <span class='ocrx_word' id='word_1_286' title='bbox 1102 1364 1173 1387; x_wconf 84' lang='lat' dir='ltr'>eam</span> <span class='ocrx_word' id='word_1_287' title='bbox 1191 1351 1342 1388; x_wconf 87' lang='lat' dir='ltr'>omnibus</span> <span class='ocrx_word' id='word_1_288' title='bbox 1358 1362 1566 1388; x_wconf 85' lang='lat' dir='ltr'>communem</span> <span class='ocrx_word' id='word_1_289' title='bbox 1581 1359 1616 1390; x_wconf 68' lang='grc' dir='ltr'>δε</span> <span class='ocrx_word' id='word_1_290' title='bbox 1627 1367 1712 1403; x_wconf 90' lang='lat' dir='ltr'>pene</span> 
     </span>
     <span class='ocr_line' id='line_1_27' title="bbox 316 1396 1291 1451; baseline 0 -13"><span class='ocrx_word' id='word_1_291' title='bbox 316 1396 351 1438; x_wconf 70' lang='lat' dir='ltr'>iii</span> <span class='ocrx_word' id='word_1_292' title='bbox 372 1402 545 1451; x_wconf 68' lang='lat' dir='ltr'>conspecIku</span> <span class='ocrx_word' id='word_1_293' title='bbox 560 1400 696 1451; x_wconf 85' lang='lat' dir='ltr'>positam</span> <span class='ocrx_word' id='word_1_294' title='bbox 712 1401 961 1450; x_wconf 79' lang='lat' dir='ltr'>argumentandi</span> <span class='ocrx_word' id='word_1_295' title='bbox 982 1401 1010 1436; x_wconf 88' lang='lat' dir='ltr'>le</span> <span class='ocrx_word' id='word_1_296' title='bbox 1038 1415 1089 1436; x_wconf 90' lang='lat' dir='ltr'>em</span> <span class='ocrx_word' id='word_1_297' title='bbox 1108 1400 1291 1449; x_wconf 79' lang='lat' dir='ltr'>sequuntur.</span> 
     </span>
    </p>

    <p class='ocr_par' dir='ltr' id='par_1_6' title="bbox 312 1414 1714 1845">
     <span class='ocr_line' id='line_1_28' title="bbox 352 1414 1714 1503; baseline 0.002 -17"><span class='ocrx_word' id='word_1_298' title='bbox 352 1453 445 1503; x_wconf 81' lang='lat' dir='ltr'>Qu</span> <span class='ocrx_word' id='word_1_299' title='bbox 458 1455 558 1487; x_wconf 85' lang='lat' dir='ltr'>etiam</span> <span class='ocrx_word' id='word_1_300' title='bbox 570 1462 647 1487; x_wconf 90' lang='lat' dir='ltr'>vera</span> <span class='ocrx_word' id='word_1_301' title='bbox 659 1451 849 1486; x_wconf 87' lang='lat' dir='ltr'>inveniendi</span> <span class='ocrx_word' id='word_1_302' title='bbox 865 1450 966 1485; x_wconf 87' lang='lat' dir='ltr'>medii</span> <span class='ocrx_word' id='word_1_303' title='bbox 980 1479 989 1492; x_wconf 92' lang='lat'>,</span> <span class='ocrx_word' id='word_1_304' title='bbox 1012 1414 1066 1485; x_wconf 57' lang='lat' dir='ltr'>{u</span> <span class='ocrx_word' id='word_1_305' title='bbox 1077 1453 1259 1500; x_wconf 79' lang='lat' dir='ltr'>argumenti</span> <span class='ocrx_word' id='word_1_306' title='bbox 1281 1454 1366 1487; x_wconf 85' lang='lat' dir='ltr'>ratio</span> <span class='ocrx_word' id='word_1_307' title='bbox 1384 1464 1422 1486; x_wconf 87' lang='lat' dir='ltr'>ex</span> <span class='ocrx_word' id='word_1_308' title='bbox 1450 1463 1488 1486; x_wconf 89' lang='lat' dir='ltr'>ea</span> <span class='ocrx_word' id='word_1_309' title='bbox 1503 1452 1613 1501; x_wconf 78' lang='lat' dir='ltr'>regula</span> <span class='ocrx_word' id='word_1_310' title='bbox 1626 1453 1714 1489; x_wconf 86' lang='lat' dir='ltr'>desu-</span> 
     </span>
     <span class='ocr_line' id='line_1_29' title="bbox 315 1498 1712 1551; baseline -0.001 -16"><span class='ocrx_word' id='word_1_311' title='bbox 315 1503 423 1536; x_wconf 85' lang='lat' dir='ltr'>mitur.</span> <span class='ocrx_word' id='word_1_312' title='bbox 449 1503 540 1536; x_wconf 89' lang='lat' dir='ltr'>Nam</span> <span class='ocrx_word' id='word_1_313' title='bbox 553 1503 585 1534; x_wconf 88' lang='lat' dir='ltr'>in</span> <span class='ocrx_word' id='word_1_314' title='bbox 607 1501 745 1534; x_wconf 85' lang='lat' dir='ltr'>materia</span> <span class='ocrx_word' id='word_1_315' title='bbox 758 1498 949 1542; x_wconf 67' lang='lat' dir='ltr'>necessaria,</span> <span class='ocrx_word' id='word_1_316' title='bbox 972 1498 1025 1533; x_wconf 87' lang='lat' dir='ltr'>seu</span> <span class='ocrx_word' id='word_1_317' title='bbox 1045 1502 1080 1534; x_wconf 83' lang='lat' dir='ltr'>in</span> <span class='ocrx_word' id='word_1_318' title='bbox 1098 1500 1372 1535; x_wconf 85' lang='lat' dir='ltr'>demonstratione</span> <span class='ocrx_word' id='word_1_319' title='bbox 1386 1529 1396 1544; x_wconf 84' lang='lat'>‚</span> <span class='ocrx_word' id='word_1_320' title='bbox 1423 1513 1544 1548; x_wconf 77' lang='lat' dir='ltr'>genuS,</span> <span class='ocrx_word' id='word_1_321' title='bbox 1567 1513 1622 1536; x_wconf 86' lang='lat' dir='ltr'>aut</span> <span class='ocrx_word' id='word_1_322' title='bbox 1641 1502 1712 1551; x_wconf 89' lang='lat' dir='ltr'>spe-</span> 
     </span>
     <span class='ocr_line' id='line_1_30' title="bbox 312 1546 1712 1596; baseline 0 -12"><span class='ocrx_word' id='word_1_323' title='bbox 312 1553 399 1584; x_wconf 86' lang='lat' dir='ltr'>ciem</span> <span class='ocrx_word' id='word_1_324' title='bbox 413 1561 487 1593; x_wconf 80' lang='lat' dir='ltr'>,aut</span> <span class='ocrx_word' id='word_1_325' title='bbox 500 1548 728 1584; x_wconf 84' lang='lat' dir='ltr'>definitionem</span> <span class='ocrx_word' id='word_1_326' title='bbox 744 1546 882 1596; x_wconf 60' lang='lat' dir='ltr'>subJee‘ki</span> <span class='ocrx_word' id='word_1_327' title='bbox 890 1549 1039 1582; x_wconf 84' lang='lat' dir='ltr'>invenire</span> <span class='ocrx_word' id='word_1_328' title='bbox 1057 1547 1128 1581; x_wconf 82' lang='lat' dir='ltr'>satis</span> <span class='ocrx_word' id='word_1_329' title='bbox 1144 1547 1262 1591; x_wconf 82' lang='lat' dir='ltr'>fuerit,</span> <span class='ocrx_word' id='word_1_330' title='bbox 1278 1551 1331 1583; x_wconf 90' lang='lat' dir='ltr'>cui</span> <span class='ocrx_word' id='word_1_331' title='bbox 1344 1548 1552 1584; x_wconf 82' lang='lat' dir='ltr'>conclusionis</span> <span class='ocrx_word' id='word_1_332' title='bbox 1573 1552 1712 1586; x_wconf 85' lang='lat' dir='ltr'>attribu..</span> 
     </span>
     <span class='ocr_line' id='line_1_31' title="bbox 312 1595 1711 1649; baseline 0 -16"><span class='ocrx_word' id='word_1_333' title='bbox 312 1610 381 1634; x_wconf 86' lang='lat' dir='ltr'>tum</span> <span class='ocrx_word' id='word_1_334' title='bbox 400 1601 575 1634; x_wconf 85' lang='lat' dir='ltr'>conveniat</span> <span class='ocrx_word' id='word_1_335' title='bbox 586 1628 596 1642; x_wconf 82' lang='lat'>,</span> <span class='ocrx_word' id='word_1_336' title='bbox 610 1597 667 1633; x_wconf 86' lang='lat' dir='ltr'>vel</span> <span class='ocrx_word' id='word_1_337' title='bbox 682 1609 718 1632; x_wconf 91' lang='lat' dir='ltr'>ut</span> <span class='ocrx_word' id='word_1_338' title='bbox 731 1595 888 1640; x_wconf 63' lang='lat' dir='ltr'>effedffls,</span> <span class='ocrx_word' id='word_1_339' title='bbox 904 1596 958 1631; x_wconf 87' lang='lat' dir='ltr'>vel</span> <span class='ocrx_word' id='word_1_340' title='bbox 970 1595 1153 1644; x_wconf 74' lang='lat' dir='ltr'>utqualitas</span> <span class='ocrx_word' id='word_1_341' title='bbox 1164 1598 1308 1644; x_wconf 82' lang='lat' dir='ltr'>quaedam</span> <span class='ocrx_word' id='word_1_342' title='bbox 1327 1596 1511 1634; x_wconf 78' lang='lat' dir='ltr'>essentialis.</span> <span class='ocrx_word' id='word_1_343' title='bbox 1530 1602 1581 1635; x_wconf 90' lang='lat' dir='ltr'>Ut</span> <span class='ocrx_word' id='word_1_344' title='bbox 1599 1599 1621 1635; x_wconf 86' lang='lat' dir='ltr'>fi</span> <span class='ocrx_word' id='word_1_345' title='bbox 1634 1613 1711 1649; x_wconf 81' lang='lat' dir='ltr'>pro-</span> 
     </span>
     <span class='ocr_line' id='line_1_32' title="bbox 313 1643 1711 1696; baseline 0.002 -15"><span class='ocrx_word' id='word_1_346' title='bbox 313 1647 458 1682; x_wconf 86' lang='lat' dir='ltr'>bandum</span> <span class='ocrx_word' id='word_1_347' title='bbox 471 1647 507 1682; x_wconf 87' lang='lat' dir='ltr'>sit</span> <span class='ocrx_word' id='word_1_348' title='bbox 521 1676 531 1689; x_wconf 83' lang='lat'>‚</span> <span class='ocrx_word' id='word_1_349' title='bbox 551 1648 640 1694; x_wconf 83' lang='lat' dir='ltr'>quod</span> <span class='ocrx_word' id='word_1_350' title='bbox 651 1647 732 1681; x_wconf 88' lang='lat' dir='ltr'>utile</span> <span class='ocrx_word' id='word_1_351' title='bbox 748 1647 794 1681; x_wconf 92' lang='lat' dir='ltr'>est</span> <span class='ocrx_word' id='word_1_352' title='bbox 805 1676 815 1690; x_wconf 91' lang='lat'><em>,</em></span> <span class='ocrx_word' id='word_1_353' title='bbox 840 1647 928 1682; x_wconf 86' lang='lat' dir='ltr'>idem</span> <span class='ocrx_word' id='word_1_354' title='bbox 942 1643 1003 1680; x_wconf 83' lang='lat' dir='ltr'>effe</span> <span class='ocrx_word' id='word_1_355' title='bbox 1020 1646 1242 1687; x_wconf 87' lang='lat' dir='ltr'>honestum,ex</span> <span class='ocrx_word' id='word_1_356' title='bbox 1259 1659 1298 1680; x_wconf 88' lang='lat' dir='ltr'>eo</span> <span class='ocrx_word' id='word_1_357' title='bbox 1314 1646 1608 1690; x_wconf 78' lang='lat' dir='ltr'>demonstrabo,vel</span> <span class='ocrx_word' id='word_1_358' title='bbox 1619 1651 1711 1696; x_wconf 86' lang='lat' dir='ltr'>quod</span> 
     </span>
     <span class='ocr_line' id='line_1_33' title="bbox 314 1694 1710 1744; baseline -0.001 -13"><span class='ocrx_word' id='word_1_359' title='bbox 314 1708 490 1744; x_wconf 85' lang='lat' dir='ltr'>utrumque</span> <span class='ocrx_word' id='word_1_360' title='bbox 504 1696 541 1732; x_wconf 88' lang='lat' dir='ltr'>sit</span> <span class='ocrx_word' id='word_1_361' title='bbox 555 1696 725 1731; x_wconf 88' lang='lat' dir='ltr'>secundum</span> <span class='ocrx_word' id='word_1_362' title='bbox 738 1707 906 1740; x_wconf 80' lang='lat' dir='ltr'>naturam,</span> <span class='ocrx_word' id='word_1_363' title='bbox 928 1695 1081 1742; x_wconf 88' lang='lat' dir='ltr'>autquod</span> <span class='ocrx_word' id='word_1_364' title='bbox 1099 1694 1222 1728; x_wconf 81' lang='lat' dir='ltr'>utilitas</span> <span class='ocrx_word' id='word_1_365' title='bbox 1239 1707 1311 1741; x_wconf 84' lang='lat' dir='ltr'>quae</span> <span class='ocrx_word' id='word_1_366' title='bbox 1335 1707 1402 1729; x_wconf 88' lang='lat' dir='ltr'>non</span> <span class='ocrx_word' id='word_1_367' title='bbox 1419 1696 1462 1729; x_wconf 88' lang='lat' dir='ltr'>est</span> <span class='ocrx_word' id='word_1_368' title='bbox 1472 1707 1543 1729; x_wconf 91' lang='lat' dir='ltr'>cum</span> <span class='ocrx_word' id='word_1_369' title='bbox 1561 1696 1710 1732; x_wconf 84' lang='lat' dir='ltr'>honesta-</span> 
     </span>
     <span class='ocr_line' id='line_1_34' title="bbox 315 1742 1709 1794; baseline 0.002 -15"><span class='ocrx_word' id='word_1_370' title='bbox 315 1757 348 1780; x_wconf 86' lang='lat' dir='ltr'>te</span> <span class='ocrx_word' id='word_1_371' title='bbox 359 1749 610 1794; x_wconf 50' lang='lat' dir='ltr'>conjunct-{aion</span> <span class='ocrx_word' id='word_1_372' title='bbox 620 1744 657 1781; x_wconf 88' lang='lat' dir='ltr'>fit</span> <span class='ocrx_word' id='word_1_373' title='bbox 670 1757 766 1790; x_wconf 81' lang='lat' dir='ltr'>vera,</span> <span class='ocrx_word' id='word_1_374' title='bbox 785 1745 838 1781; x_wconf 89' lang='lat' dir='ltr'>sed</span> <span class='ocrx_word' id='word_1_375' title='bbox 857 1746 966 1781; x_wconf 76' lang='lat' dir='ltr'>fucata</span> <span class='ocrx_word' id='word_1_376' title='bbox 978 1749 1012 1780; x_wconf 89' lang='lat'>&amp;</span> <span class='ocrx_word' id='word_1_377' title='bbox 1023 1742 1099 1778; x_wconf 67' lang='lat' dir='ltr'>falffi</span> <span class='ocrx_word' id='word_1_378' title='bbox 1117 1742 1260 1786; x_wconf 81' lang='lat' dir='ltr'>utilitas;</span> <span class='ocrx_word' id='word_1_379' title='bbox 1282 1743 1336 1779; x_wconf 85' lang='lat' dir='ltr'>vel</span> <span class='ocrx_word' id='word_1_380' title='bbox 1355 1744 1443 1790; x_wconf 88' lang='lat' dir='ltr'>quod</span> <span class='ocrx_word' id='word_1_381' title='bbox 1459 1744 1537 1778; x_wconf 86' lang='lat' dir='ltr'>utile</span> <span class='ocrx_word' id='word_1_382' title='bbox 1563 1745 1626 1780; x_wconf 87' lang='lat' dir='ltr'>dici</span> <span class='ocrx_word' id='word_1_383' title='bbox 1641 1760 1709 1782; x_wconf 84' lang='lat' dir='ltr'>non</span> 
     </span>
     <span class='ocr_line' id='line_1_35' title="bbox 314 1792 1707 1845; baseline 0.001 -16"><span class='ocrx_word' id='word_1_384' title='bbox 314 1794 409 1842; x_wconf 65' lang='lat' dir='ltr'>possit</span> <span class='ocrx_word' id='word_1_385' title='bbox 421 1796 509 1842; x_wconf 86' lang='lat' dir='ltr'>quod</span> <span class='ocrx_word' id='word_1_386' title='bbox 521 1798 553 1830; x_wconf 87' lang='lat' dir='ltr'>in</span> <span class='ocrx_word' id='word_1_387' title='bbox 566 1795 596 1830; x_wconf 88' lang='lat' dir='ltr'>se</span> <span class='ocrx_word' id='word_1_388' title='bbox 605 1794 675 1844; x_wconf 88' lang='lat' dir='ltr'>plus</span> <span class='ocrx_word' id='word_1_389' title='bbox 685 1793 786 1830; x_wconf 87' lang='lat' dir='ltr'>habet</span> <span class='ocrx_word' id='word_1_390' title='bbox 801 1795 878 1832; x_wconf 87' lang='lat' dir='ltr'>mali</span> <span class='ocrx_word' id='word_1_391' title='bbox 891 1793 993 1843; x_wconf 71' lang='lat' dir='ltr'>quam</span> <span class='ocrx_word' id='word_1_392' title='bbox 1007 1793 1174 1828; x_wconf 86' lang='lat' dir='ltr'>commodi</span> <span class='ocrx_word' id='word_1_393' title='bbox 1193 1807 1200 1830; x_wconf 73' lang='grc' dir='ltr'>ε</span> <span class='ocrx_word' id='word_1_394' title='bbox 1219 1797 1305 1840; x_wconf 83' lang='lat' dir='ltr'>cujus</span> <span class='ocrx_word' id='word_1_395' title='bbox 1330 1794 1456 1842; x_wconf 82' lang='lat' dir='ltr'>generis</span> <span class='ocrx_word' id='word_1_396' title='bbox 1489 1792 1559 1830; x_wconf 84' lang='lat' dir='ltr'>sunt</span> <span class='ocrx_word' id='word_1_397' title='bbox 1577 1806 1616 1830; x_wconf 83' lang='lat' dir='ltr'>ea</span> <span class='ocrx_word' id='word_1_398' title='bbox 1638 1809 1707 1845; x_wconf 83' lang='lat' dir='ltr'>quae</span> 
     </span>
    </p>
   </div>
   <div class='ocr_carea' id='block_1_2' title="bbox 313 1845 769 1896">
    <p class='ocr_par' dir='ltr' id='par_1_7' title="bbox 313 1845 769 1896">
     <span class='ocr_line' id='line_1_36' title="bbox 313 1845 769 1896; baseline 0.009 -18"><span class='ocrx_word' id='word_1_399' title='bbox 313 1856 383 1879; x_wconf 84' lang='lat' dir='ltr'>cum</span> <span class='ocrx_word' id='word_1_400' title='bbox 415 1845 582 1882; x_wconf 77' lang='lat' dir='ltr'>honestate</span> <span class='ocrx_word' id='word_1_401' title='bbox 614 1855 769 1896; x_wconf 79' lang='lat' dir='ltr'>puguant.</span> 
     </span>
    </p>
   </div>
   <div class='ocr_carea' id='block_1_3' title="bbox 1470 2439 1700 2477">
    <p class='ocr_par' dir='ltr' id='par_1_8' title="bbox 1470 2439 1700 2477">
     <span class='ocr_line' id='line_1_37' title="bbox 1470 2439 1700 2477; baseline 0.013 -3"><span class='ocrx_word' id='word_1_402' title='bbox 1470 2439 1700 2477; x_wconf 83' lang='lat' dir='ltr'>COMMEN-</span> 
     </span>
    </p>
   </div>
  </div>
 </body>
</html>
