1857 2745
12 0 44 58 Μ’

23 324 28 384 i

403 102 681 148 LOGICAE
716 102 891 141 PARS
941 102 1197 140 TERT1A;
1439 108 1491 146 189

421 194 876 239 DISPUTATIO
933 192 1172 237 PRIOR,

603 274 660 307 De
673 271 962 318 Demonstratione.

99 353 260 441 CUm
277 353 508 390 demonstratio
522 351 558 388 sit
575 352 773 404 syllogismus
796 355 887 389 omni
906 365 946 391 ex
972 363 1063 402 parte
1080 349 1244 401 perfe6ffls
1265 379 1275 395 ‚
1305 350 1489 399 priusquam

191 404 232 439 de
247 404 332 440 illius
344 416 458 440 natura
470 432 479 448 ‚
506 404 709 440 distinctione
721 409 756 441 δ(
765 401 994 439 affectionibus
1004 403 1237 451 pertraciemus
1248 428 1258 442 ,
1280 413 1439 449 perpauca
1449 402 1489 436 de

89 453 267 503 syllogismi
283 466 395 491 natura
413 453 484 489 sunt
499 465 574 488 ante
585 453 721 490 dicenda
736 481 747 497 ,
767 465 841 501 quae
857 455 891 490 in
910 452 1122 502 Compendio
1138 463 1207 487 non
1226 448 1296 485 sunt
1306 448 1464 499 explicam
1481 478 1492 495 ,

86 503 186 552 *quod
201 504 235 542 in
250 502 504 543 controversiam
525 505 636 539 venire
649 502 783 540 soleant.

464 586 825 635 ‘QUAESTIO
884 585 1118 622 PRIMA.

581 669 638 702 De
645 666 825 716 syllogtsmi
840 676 970 704 natura.

89 772 91 776 ·
144 748 346 799 Yllogismus
366 749 413 784 est
426 750 664 798 argumentatio
681 747 827 795 quaedam
842 762 850 784 ε
863 747 928 783 haec
938 747 1018 783 vero
1037 747 1080 782 est
1091 747 1198 782 oratio
1214 745 1320 795 logica
1335 775 1345 790 ,
1364 747 1417 782 seu
1436 750 1487 783 in<

94 753 365 836 Ssttumentum
381 799 549 848 quoddam
564 795 708 841 sciendi,
727 797 817 845 quod
832 797 954 832 scilicet
980 809 1053 832 eam
1078 799 1147 831 vim
1171 795 1290 839 habet,
1314 809 1351 832 ut
1369 800 1489 832 verita-

96 859 165 885 tem
182 848 388 893 manifestet,
406 855 440 886 δι
453 846 539 896 quasi
556 848 590 882 in
606 846 712 883 lucem
722 845 870 894 proferat
888 876 899 890 ,
915 848 991 883 dum
1007 858 1077 881 rem
1092 847 1237 894 ignotam
1257 857 1313 894 per
1324 848 1489 881 notiorem

95 897 246 946 explicat.
272 897 406 945 Triplex
429 909 562 939 autem,
579 895 634 930 vel
649 908 685 931 ut
701 897 773 930 aliis
790 895 919 944 placet,
949 895 1150 942 quadruplex
1183 894 1227 928 est
1245 895 1489 930 instrumentum

90 944 233 990 sciendi,
244 945 395 982 definitio
408 957 528 994 nempe
543 956 615 992 quae
627 946 672 978 rei
686 955 834 979 naturam
851 960 860 987 ς
889 943 999 979 divisio
1015 955 1087 991 quae
1102 954 1228 991 partes3
1247 945 1490 992 argumentatio

94 1006 168 1043 quae
182 997 397 1043 proprietates
417 995 570 1031 declarat.
590 992 722 1041 Qibus
735 992 756 1027 si
775 992 926 1036 libuerit,
945 993 1029 1026 adde
1042 991 1262 1035 methodum,
1285 1004 1354 1039 quae
1380 994 1489 1028 omnia

92 1055 168 1092 quae
179 1046 212 1079 in
220 1043 386 1092 disciplina
400 1043 510 1091 aliqua
529 1043 722 1084 merantur,
740 1043 773 1076 in
790 1052 913 1076 certum
928 1041 1081 1075 ordinem
1095 1040 1224 1088 digerit.

131 1094 379 1141 Argumentatio
396 1121 405 1136 ,
426 1104 462 1127 ut
478 1090 594 1127 definit
607 1089 735 1126 Tullius
747 1119 757 1134 ,
781 1090 825 1124 est
836 1091 1019 1138 argumenti
1030 1087 1122 1137 ipsius
1137 1088 1331 1136 explicatio:
1347 1087 1388 1124 sic
1402 1091 1489 1126 enim

93 1152 318 1191 argumentum
331 1171 342 1186 ‚
359 1140 410 1177 seu
418 1141 561 1177 medium
570 1139 634 1176 una
645 1152 719 1174 cum
736 1139 910 1187 quaestione
922 1136 1082 1187 proposita
1092 1137 1322 1187 complectitur
1332 1167 1342 1183 ,
1360 1150 1396 1173 ut
1406 1151 1490 1186 quae-

94 1190 154 1226 stio
173 1190 237 1240 ipsa
255 1202 294 1227 ex
311 1202 506 1240 argumento
527 1189 695 1225 inferatur.
707 1191 752 1224 'Et
767 1188 902 1236 quidem
916 1217 926 1231 ‚
948 1199 983 1222 ut
1006 1187 1072 1222 alio
1087 1187 1162 1222 loco
1178 1189 1364 1223 monuimus
1379 1217 1388 1231 ‚
1408 1188 1492 1223 nihil

93 1240 141 1275 est
156 1239 280 1276 facilius
293 1230 392 1289 quiim
410 1239 623 1288 quaestionem
640 1239 788 1274 invenire
802 1252 810 1274 :
830 1236 882 1272 sed
894 1248 1122 1282 argumentum
1140 1236 1242 1286 ipsum
1254 1265 1264 1280 ,
1288 1236 1342 1272 seu
1357 1248 1406 1271 res
1424 1250 1490 1273 non

93 1288 194 1324 dubia
204 1318 214 1335 ,
227 1301 284 1326 aut
297 1302 383 1326 certe
393 1288 572 1339 probabilis
582 1318 591 1333 ‚
613 1300 652 1324 ex
665 1300 730 1336 qua
741 1287 773 1322 id
784 1287 879 1336 >quod
896 1276 1032 1322 dubium
1045 1286 1089 1321 est
1102 1314 1117 1330 ‚
1145 1297 1202 1322 aut
1217 1289 1321 1322 minus
1331 1284 1495 1336 probabi·

91 1336 125 1374 le
142 1350 286 1384 eruatur,
306 1353 373 1376 non
386 1340 502 1376 eadem
523 1338 678 1376 facilitate
690 1339 840 1376 occurrit.

128 1387 219 1423 Cum
235 1391 332 1438 igitur
348 1402 413 1426 non
425 1389 521 1438 plana
534 1390 580 1425 est
591 1395 624 1427 &
637 1389 771 1425 evidens
785 1390 816 1424 in
830 1389 1050 1440 propositione
1060 1388 1169 1437 aliqua
1177 1386 1324 1423 attributi
1334 1400 1409 1424 cum
1420 1387 1492 1424 sub-

93 1439 183 1485 je&o
200 1436 330 1473 societas
345 1466 355 1481 ,
378 1450 447 1473 tum
458 1451 497 1473 ea
511 1438 685 1487 propositio
703 1438 764 1472 dici
781 1436 862 1473 solet
871 1440 1003 1486 quaestio
1017 1456 1025 1483 3
1043 1450 1177 1484 tumque
1191 1437 1298 1471 ideam
1313 1438 1488 1483 quandam,

93 1497 152 1520 aut
175 1488 351 1521 terminum
368 1489 560 1534 inquirimus
572 1515 582 1529 ‚
600 1490 634 1521 in
645 1498 713 1533 quo
730 1484 913 1532 subjectum
925 1493 959 1523 ὅ(
974 1485 1168 1521 attributum
1190 1487 1410 1528 conveniant,
1431 1489 1489 1532 qui

96 1534 220 1568 medius
232 1536 386 1569 terminus
399 1563 409 1578 ,
432 1547 487 1569 aut
501 1546 728 1583 argumentum
747 1536 921 1570 vocitatur.
951 1535 1052 1570 Unde
1070 1539 1103 1569 &
1121 1535 1408 1581 argumentationis
1427 1546 1490 1569 no.-

95 1594 172 1617 men
187 1582 426 1631 defluxit.‚.quae
439 1582 495 1618 vel
511 1581 692 1632 syllogismo
701 1584 888 1618 continetur
907 1611 917 1627 ‚
936 1583 991 1617 vel
1008 1582 1048 1616 ad
1075 1593 1150 1616 eum
1177 1580 1290 1616 referri
1308 1582 1426 1630 potest.

134 1631 292 1680 list—igitur
306 1630 504 1681 syllogismus
517 1634 624 1667 oratio
639 1631 745 1680 logica
763 1642 803 1665 ex
828 1630 930 1666 tribus
952 1628 1221 1680 propositionibus
1243 1629 1439 1680 composita,
1453 1634 1488 1667 in

96 1691 159 1727 qua
176 1679 334 1728 praemiffis
347 1680 498 1717 concessis
513 1679 748 1717 conclusionem
776 1678 865 1727 sequi
882 1680 1006 1716 neceffe
1020 1680 1073 1715 est.
1100 1680 1187 1727 Qae
1203 1680 1338 1725 quidem
1356 1679 1489 1717 necess-

92 1737 142 1763 tas
156 1729 273 1764 dicitur
288 1729 526 1778 consequentiae
540 1759 549 1773 ‚
576 1730 665 1777 quod
681 1728 702 1765 ἐι
720 1728 826 1763 forma
855 1728 921 1776 ipsa
934 1727 1128 1777 syllogistica
1142 1755 1151 1771 ,
1183 1732 1217 1764 ὃ(
1235 1739 1274 1762 ex
1286 1732 1490 1764 connexione

95 1777 304 1813 conclusionis
316 1791 389 1813 cum
401 1778 562 1828 praemiffis
577 1781 698 1814 oriatur
713 1792 720 1814 :
740 1776 905 1813 necessitas
934 1791 1014 1813 vero
1032 1775 1255 1823 consequentis
1274 1788 1312 1810 ex
1327 1776 1394 1824 ipsa
1419 1789 1490 1811 ma-

93 1828 174 1860 teria
192 1826 363 1875 syllogismi
374 1828 518 1872 ducitur,
538 1839 635 1874 atque
647 1828 688 1862 ad
707 1827 1019 1863 demonstrationem
1034 1827 1163 1875 proprie
1185 1829 1335 1873 pertinet.
1363 1825 1489 1862 Vei-iim

93 1873 171 1911 hinc
194 1875 363 1925 multiplex
382 1879 482 1912 oritur
498 1876 645 1924 quaestio.

130 1926 273 1961 Primum
284 1927 375 1962 enim
388 1927 540 1974 quaeritur
557 1938 599 1962 an
616 1924 775 1962 conclusio
787 1923 825 1960 sit
842 1935 911 1961 tota
923 1924 1016 1975 ipsius
1031 1923 1205 1975 syllogismi
1220 1921 1405 1968 effentia,an
1417 1935 1489 1973 pars

95 1971 203 2011 illius?

135 2022 222 2070 Resp.
232 2022 481 2060 conclusionem
492 2024 553 2060 esse
574 2035 679 2060 totam
697 2023 871 2074 syllogismi
883 2023 1049 2060 essentiam
1063 2052 1072 2067 ,
1096 2022 1117 2058 fi
1131 2021 1323 2066 formaliter,
1338 2034 1375 2058 ut
1386 2023 1489 2067 aiunt,

77 2088 81 2093 ·
97 2074 133 2107 δε
143 2083 203 2119 pro
217 2075 312 2107 tertia
327 2076 447 2109 mentis
458 2076 648 2123 operatione
662 2076 843 2122 accipiatur.
869 2076 959 2111 Nam
974 2086 1010 2108 ut
1034 2073 1231 2108 ostendimus
1246 2073 1402 2120 judicium
1423 2085 1491 2108 non

97 2118 160 2154 else
184 2120 395 2169 compositum
413 2135 452 2157 ex
471 2122 644 2171 multiplici
665 2124 758 2167 idea,
796 2123 850 2158 sed
877 2122 1066 2171 qualitatem
1087 2118 1147 2155 effe
1162 2120 1347 2168 .fimplicem
1365 2133 1434 2169 quae
1458 2121 1493 2157 il-

99 2166 145 2202 las
161 2169 249 2205 ideas
262 2170 488 2220 ›praesuppom't
502 2178 536 2208 &
553 2173 743 2206 connectit:
758 2174 803 2206 ita
818 2178 852 2209 &
867 2172 908 2206 de
925 2171 993 2220 ipso
1011 2169 1144 2205 discursu
1160 2169 1361 2205 sentiendum
1372 2170 1490 2218 est,qui

101 2226 167 2251 non
178 2218 218 2252 'ex
228 2220 322 2254 variis
332 2221 456 2269 judiciis
473 2220 629 2256 conflatur
640 2248 650 2263 ,
673 2218 772 2255 sedin
787 2222 907 2268 judicio
919 2221 1045 2255 illativo
1057 2217 1210 2262 consistit,
1229 2218 1281 2252 seu
1292 2220 1325 2253 in
1337 2218 1401 2267 ipsa
1415 2231 1494 2254 con-

101 2261 239 2300 clufione
250 2294 260 2309 ,
281 2279 317 2302 ut
331 2271 466 2317 exprimi
483 2268 563 2304 solet
583 2282 639 2316 per
651 2268 839 2316 particulam
855 2270 1034 2312 illativam,
1051 2281 1123 2315 ergo
1141 2295 1151 2309 ‚
1171 2279 1225 2302 aut
1242 2266 1337 2302 aliam
1363 2268 1437 2303 huic
1455 2267 1495 2302 si.

102 2310 228 2349 milem.
256 2318 407 2364 Qaeque
427 2329 496 2353 tum
508 2328 699 2366 argumenta
720 2317 882 2353 attulimus
894 2346 904 2361 ,
931 2317 1015 2352 hunc
1031 2320 1064 2351 in
1083 2316 1190 2350 locum
1208 2318 1337 2365 congeri
1355 2316 1491 2366 possunt-

98 2360 222 2397 Eadem
236 2365 356 2417 quippe
368 2366 415 2402 est
428 2365 584 2404 discursus
599 2366 639 2402 ad
651 2366 807 2416 judicium
819 2395 830 2412 ,
849 2379 922 2415 quae
934 2367 1049 2413 judicii
1063 2365 1102 2400 acl
1124 2362 1300 2413 simplicem
1310 2368 1495 2414 perceptio-

100 2419 178 2445 nem
196 2418 292 2449 ratio.
1276 2416 1333 2450 Aa
1361 2417 1393 2462 iij
