1857 2745
300 137 349 182 ‘44
666 174 669 175 ⁷
763 129 797 164 D
825 129 850 163 E
901 128 936 164 N
961 128 990 163 A
1008 128 1040 164 T
1062 126 1100 164 U
1120 126 1154 162 R
1177 125 1209 162 A

300 197 339 218 ac
350 182 471 229 ftnfitm
495 180 644 214 adimunt
662 203 670 215 .
695 183 794 223 atque
818 189 938 211 omnem
963 178 1068 211 vitam
1094 183 1242 211 evertunt
1254 169 1418 221 fhnditus.

329 234 418 266 Hinc
436 229 515 264 illud
533 225 767 275 conficipotest
782 223 1246 275 argumentum3Philosophia
1268 224 1311 260 est
1331 235 1419 259 certa
1437 232 1543 261 rerum
1565 227 1684 276 cogni.'

302 284 348 316 tio
361 291 418 328 per
426 276 548 313 causas:
567 275 619 311 scd
630 274 732 311 multa
742 286 832 309 certo
850 273 1068 323 cognoscimus
1084 286 1142 324 per
1152 272 1336 312 suascaufias
1352 302 1363 317 ,
1383 285 1419 309 ut
1440 287 1517 311 mox
1539 275 1680 315 ostendi·

301 339 368 365 mus
384 344 393 372 3
411 340 489 377 ergo
502 326 605 363 existit
620 323 835 374 Philosophia.
1069 333 1072 337 ’

771 406 959 446 Solvuntur
979 403 1178 447 obiefflones.

326 476 745 525 Opponuntkecentiores
757 474 942 520 Academici
959 486 1091 509 omnem
1115 475 1338 521 cognitionem
1355 473 1527 517 nostramz't
1541 472 1681 510 sensibus

302 524 374 559 duci
389 539 397 561 ε
410 525 492 561 nihil
503 525 546 560 est
556 526 642 567 enim
656 528 687 561 in
698 524 866 561 intelleem
877 523 967 572 quod
977 535 1034 573 per
1046 521 1166 558 sensum
1184 534 1372 571 perceptum
1396 536 1463 558 non
1486 522 1606 561 fuerit:
1625 523 1680 561 sed

301 572 404 608 sensus
419 573 490 610 sunt
501 574 632 609 fallaces
645 602 659 619 ,.
673 573 790 622 quibus
803 587 880 610 non
890 573 947 626 ⁴?st
959 569 1310 622 tevmeteccr'edendum:
1328 583 1407 620 ergo
1417 575 1523 608 omnis
1534 574 1682 623 cognitio

301 621 410 659 nostra
429 625 553 659 incerta
569 623 635 666 ests,
647 629 700 670 4&
717 622 860 660 obscura.
907 621 912 624 ⁴
943 624 946 627 ⁴
1346 627 1361 633 “’
1457 620 1472 623 ”
1521 618 1538 624 ”

333 672 447 708 Minor
462 671 638 722 propositio
655 672 751 708 facile
768 672 889 709 ostendi
901 673 1014 723 potest.
1030 673 1120 709 Nam
1131 673 1213 719 circa
1227 682 1353 718 motum
1365 676 1400 710 &
1415 674 1563 721 quietem
1576 699 1586 714 ,
1599 670 1685 704 circe.

305 733 413 758 terum
424 723 699 771 magnitudinem,
717 719 886 770 &figuras
902 723 983 757 visus
998 722 1102 756 noster
1118 722 1201 756 adeo
1215 719 1375 769 decipitur
1387 751 1397 764 ,
1413 733 1450 757 ut
1464 720 1589 770 Optica
1603 746 1613 762 ,
1630 718 1684 753 seu

304 769 599 821 perspectivacirca
612 783 734 806 errores
751 772 832 806 visus
849 784 932 821 pene
952 782 1019 805 tota
1038 781 1212 817 occupetur
1226 784 1236 806 τ
1250 770 1325 805 hinc
1337 781 1387 806 tot
1409 770 1549 809 sensuum
1571 771 1685 817 praeju-

303 820 388 855 dicia
399 848 408 864 ,
422 832 490 868 quae
508 823 562 868 vix
586 832 706 856 exuere
723 818 893 869 possumus,
905 822 990 867 Qus
1003 833 1068 854 non
1081 818 1139 853 sibi
1151 818 1338 867 persuadeat
1355 819 1466 854 Solem
1478 832 1552 854 cum
1569 819 1683 860 oritur,

303 877 360 903 aut
368 870 508 912 occidit,
522 868 627 904 multo
640 874 796 916 majorem
813 867 874 904 effe
888 871 988 916 quam
1009 870 1041 902 in
1061 869 1218 911 meridie,
1241 879 1296 902 aut
1309 880 1487 904 extremam
1506 879 1594 903 terrae
1611 877 1683 914 par-

304 928 372 951 tem
383 917 504 952 cossum
514 920 702 967 contingere
713 935 723 962 3
735 918 788 953 vel
797 918 968 967 antipodas
984 929 1088 966 prono
1105 919 1214 964 capite
1228 912 1377 965 incedere
1394 930 1403 953 τ
1421 916 1532 961 utalia
1553 917 1684 964 mittam

304 965 441 1003 infinita.
607 980 611 983 ·
776 965 779 968 ’
850 978 854 986 ¹
969 969 976 975 ”
1050 968 1053 970 ’
1126 970 1133 977 ”
1222 962 1433 973 ’

339 1023 377 1051 1⁰·
402 1015 489 1063 Refp.
513 1018 677 1063 Majorem
695 1015 716 1051 :³1
735 1015 843 1050 multis
866 1016 987 1063 negari.
1014 1016 1102 1049 Nam
1117 1025 1208 1048 mens
1225 1012 1311 1047 suam
1338 1015 1575 1063 cogitationem
1588 1042 1597 1056 ‚
1614 1013 1682 1053 suas

304 1063 493 1100 affe-{tiones
508 1093 518 1107 ,
532 1076 567 1098 ut
578 1065 750 1112 gaudium,
763 1064 940 1105 tristitiam,
958 1061 1204 1108 beatitudinem,
1218 1062 1368 1109 justitiam
1378 1091 1387 1106 ,
1404 1066 1513 1098 Deum
1527 1061 1637 1110 ipsum,
1649 1069 1686 1107 ξς

305 1112 368 1147 alia
382 1115 561 1157 '‘innumera
584 1115 723 1161 percipit
738 1141 748 1157 ‚
770 1155 772 1160 ι
791 1124 861 1160 quae
892 1123 949 1160 pet
976 1109 1075 1144 sensus
1095 1109 1199 1144 sub-ite
1217 1123 1284 1145 non
1306 1114 1513 1159 potuerunt:
1532 1123 1604 1146 cum
1624 1124 1685 1148 nec

306 1160 538 1205 sintcolorata,
550 1174 609 1197 nec
623 1160 736 1197 sonora
747 1190 757 1205 ,
770 1174 829 1196 nec
837 1160 960 1208 sapida:
978 1158 1028 1193 sed
1043 1159 1140 1194 dehis
1151 1158 1216 1193 alio
1229 1159 1302 1206 loco·
1322 1159 1473 1208 pluribus,

342 1211 428 1260 Resp.
448 1224 478 1246 τ’
494 1211 563 1247 dist.
573 1213 653 1246 min.
668 1204 854 1245 senstffsunt
870 1209 1001 1244 fallaces
1016 1225 1025 1249 ·,
1039 1221 1096 1257 per
1110 1209 1255 1243 accidens
1271 1213 1280 1250 ',
1303 1214 1392 1244 conc.
1411 1221 1468 1258 per
1488 1208 1519 1243 se
1542 1238 1551 1252 ,
1571 1222 1655 1258 nego
1672 1223 1682 1246 ε

305 1272 382 1296 nam
400 1261 526 1295 ratione
537 1260 581 1295 sui
596 1258 696 1295 sensus
707 1272 773 1294 non
789 1259 927 1302 fallunt,
943 1271 1015 1292 cum
1032 1260 1211 1307 percipiant
1222 1269 1347 1292 tantum
1361 1272 1368 1293 :
1384 1271 1442 1307 per
1455 1259 1686 1294 accidens've.

307 1322 343 1344 ro
356 1307 472 1344 fallunt
485 1338 494 1353 ,
508 1321 582 1345 cum
597 1311 711 1344 erroris
725 1307 924 1347 occasionem
943 1306 1107 1356 praebents
1121 1318 1155 1343 ut
1166 1318 1238 1360 curn
1254 1319 1383 1354 remum
1399 1310 1433 1343 in
1447 1319 1527 1354 aqua
1539 1306 1682 1343 frac'tum

306 1370 475 1396 cernlmus.

342 1407 456 1443 Sensus
481 1419 560 1445 vero
578 1420 636 1442 nos
654 1407 774 1442 inducit
786 1409 818 1442 in
848 1419 990 1442 errorem
1006 1434 1015 1449 ,
1030 1417 1084 1441 aut
1094 1405 1293 1441 occasionem
1309 1404 1434 1441 errandi
1456 1404 1598 1453 praebete,
1608 1418 1683 1442 cum

308 1455 393 1491 male
404 1455 538 1492 affectus
551 1458 656 1501 est‚ut
670 1456 777 1505 lingua
791 1456 910 1491 bilioso
928 1450 1064 1491 humore
1072 1455 1197 1503 perfusa
1212 1452 1294 1491 nihil
1310 1454 1367 1490 nist
1377 1467 1519 1489 amarum
1533 1449 1681 1504 percipit.

308 1506 394 1540 Cum
414 1518 491 1540 vero
507 1504 607 1540 sensus
617 1504 680 1539 sani
694 1504 774 1548 sunt,
789 1511 821 1542 ὃ(
835 1504 998 1546 valentes,
1023 1509 1056 1540 &
1074 1505 1184 1545 omnia
1195 1515 1405 1551 removentur
1418 1532 1426 1546 ‚
1452 1516 1519 1549 quae
1543 1503 1685 1548 obstant,

308 1553 422 1590 falsum
446 1557 636 1601 utiquenon
649 1555 810 1589 nuntiant..
823 1555 914 1590 Nam
922 1552 1022 1587 sensus
1040 1565 1105 1586 non
1125 1553 1318 1600 impeditus,
1336 1554 1389 1586 cui
1406 1552 1485 1586 alius
1499 1551 1601 1587 sensus
1624 1565 1684 1587 ve-

308 1605 391 1647 rior,
407 1615 461 1638 aut
482 1603 548 1652 ipsa
559 1605 642 1638 ratio
657 1615 722 1638 non
736 1613 891 1651 repugnat
905 1629 915 1641 ‚
941 1604 1025 1636 circa
1046 1603 1210 1649 proprium
1232 1601 1403 1650 objedlmm
1431 1614 1498 1637 non
1517 1601 1684 1650 decipitur.

309 1654 399 1687 Hinc
410 1664 469 1687 nec
482 1652 569 1687 visus
579 1651 701 1687 fallitur
712 1649 803 1694 ,curn
820 1664 942 1687 remum
954 1650 1110 1686 inflexum
1126 1652 1159 1684 in
1177 1661 1260 1697 aqua
1272 1650 1454 1684 contuetur.
1486 1652 1575 1684 Nam
1600 1651 1683 1684 radii

310 1700 439 1736 luminis
459 1701 577 1750 duplex
590 1700 755 1744 medium,
766 1703 875 1736 ae‘rem
887 1699 1012 1735 ‘scilicet
1028 1703 1062 1735 δε
1076 1710 1193 1745 aquam
1211 1696 1465 1745 pertranseuntes
1484 1696 1684 1746 franguntur,

312 1750 376 1786 hoc
394 1751 454 1794 est,
470 1749 491 1785 ἐι
508 1752 598 1786 recto
620 1752 735 1785 itinere
745 1749 928 1786 deflectunt
944 1777 954 1788 ‚
973 1754 1007 1786 δέ
1029 1760 1161 1794 remum-
1174 1746 1369 1783 utsfraekum
1391 1744 1684 1783 exhibent.'Ratio

310 1799 374 1848 ipsa
385 1799 406 1834 si
423 1799 508 1834 male
519 1800 652 1847 judicet,
669 1799 829 1847 decipitur
839 1812 930 1843 ,non
943 1797 1036 1835 visus.
1337 1805 1341 1809 ’

344 1849 444 1896 Qod
457 1847 477 1882 si
490 1847 656 1897 objectum
668 1848 793 1897 longius
805 1848 826 1885 ὲ
838 1847 934 1884 nobis
944 1848 1065 1890 distet,
1075 1857 1143 1881 tum
1164 1844 1244 1893 saepe
1266 1843 1366 1890 sensus
1381 1842 1425 1878 est
1440 1844 1567 1879 errandi
1588 1857 1685 1880 occa.

311 1896 365 1935 fi0.
383 1897 487 1932 Simili
508 1900 634 1932 ratione
646 1897 844 1932 cum-sensus.
850 1898 947 1944 judex
961 1896 1162 1929 constituitur
1172 1896 1204 1928 in
1216 1896 1252 1927 iis
1265 1906 1334 1940 quae
1345 1893 1388 1941 [ad
1404 1891 1505 1941 ipsum
1519 1906 1584 1928 non
1609 1906 1685 1942 per-

314 1950 435 1983 tinent:
449 1945 519 1982 tmsi
530 1958 569 1981 ex
583 1944 663 1979 visus
673 1946 890 1992 perceptione
899 1944 940 1978 de
950 1955 1113 1985 motu,aut
1128 1944 1237 1991 quiete
1247 1971 1256 1986 ,
1271 1944 1436 1977 aut-etiam
1452 1942 1493 1977 de
1510 1955 1621 1977 natura
1638 1944 1688 1978 rei

313 2009 382 2045 quae
394 1997 543 2039 videtur,
554 2006 678 2030 temere
685 1992 881 2042 judicemus;
898 2003 964 2027 tum
975 1994 1107 2028 enimin
1124 2004 1266 2026 errorem
1285 1992 1472 2027 inducimur.
1504 1994 1625 2039 Ne'que
1637 1995 1686 2035 ita.

314 2045 479 2082 fidendum
497 2045 539 2080 est
548 2041 684 2080 sensibus
697 2044 776 2089 ,qui
789 2041 988 2078 infirmisunt
1004 2047 1037 2079 &
1049 2040 1202 2084 hebetes,
1220 2043 1300 2088 quin
1318 2043 1488 2089 praecipuus
1510 2040 1616 2075 honor
1635 2054 1686 2076 ra-

314 2098 397 2131 tioni
414 2093 574 2137 servetur,
593 2105 670 2129 nam
695 2093 786 2126 unius
799 2091 843 2126 est
860 2093 993 2126 rationis
1014 2091 1186 2126 decernere
1197 2119 1206 2133 ,
1223 2102 1378 2138 quatenus
1399 2089 1478 2125 fides
1495 2089 1531 2125 sit
1545 2088 1682 2125 sensibus

313 2143 508 2180 adhibenda.
520 2143 619 2180 Unde
632 2138 800 2177 necessaria
815 2141 858 2175 est
872 2141 1027 2189 imprimis
1038 2150 1164 2176 attenta
1181 2141 1299 2175 mentis
1313 2138 1541 2184 consideratio,
1558 2151 1623 2187 qua
1634 2138 1685 2174 su-

314 2192 404 2227 blata
422 2195 477 2228 vix
493 2195 668 2241 quicquam
688 2201 812 2225 certum
822 2188 882 2224 esse
896 2189 1012 2237 potest.

351 2241 483 2285 Instabfs
497 2271 506 2285 ,
522 2241 545 2276 si
562 2240 662 2276 sensus
672 2251 730 2275 nos
750 2239 913 2274 interdum
926 2238 1042 2275 fallunt
1054 2267 1061 2277 .
1077 2236 1175 2274 fidem
1190 2240 1228 2274 iis
1246 2237 1403 2273 adhibere
1420 2249 1485 2273 non
1504 2234 1680 2273 debemus:

317 2302 424 2334 neque
435 2290 477 2323 est
496 2290 561 2324 ulla
582 2289 653 2325 satis
662 2287 827 2336 explorata
837 2290 983 2323 veritatis
996 2301 1084 2331 nota,
1096 2300 1160 2334 qua
1172 2287 1289 2323 illam&
1304 2286 1383 2322 falso
1397 2287 1619 2322 discernamus.

358 2339 446 2386 Resp.
458 2340 542 2386 Ncg‚
559 2351 626 2374 ant,
643 2340 732 2375 Nam
747 2339 891 2373 veritatis
908 2337 1048 2386 regulam
1061 2350 1127 2371 non
1144 2339 1177 2372 in
1195 2336 1266 2372 solis
1284 2335 1438 2380 sensibus,
1458 2336 1510 2371 sed
1526 2337 1626 2384 magis
1649 2338 1682 2370 in

316 2385 619 2438 ipsa-pei·ceptionis
643 2387 807 2425 evidentia
820 2387 1035 2426 constituimus
1049 2401 1064 2427 :⁷
1079 2384 1143 2422 sive
1164 2386 1223 2430 illa,
1237 2384 1274 2423 stt
1289 2386 1496 2430 immediata,
1518 2386 1621 2434 qualis
1636 2383 1682 2418 est
