1857 2745
368 160 417 189 152
909 147 938 183 L
957 149 992 184 O
1011 151 1040 182 G
1063 151 1077 182 Ι
1095 149 1125 185 C
1149 152 1196 183 AE.

399 199 576 249 Responlio
587 195 749 245 perfacilis
761 195 804 231 e'st
816 226 826 241 ,
839 209 937 232 voces
948 210 986 231 ex
997 197 1168 234 hominum
1180 197 1349 234 voluntate
1365 195 1462 232 rebus
1479 195 1691 246 significandis
1707 199 1756 236 ef..

367 251 398 285 ie
412 261 548 297 aptatas,
567 247 668 295 Qiod
685 247 775 280 enirn
792 260 854 281 una
866 259 931 281 vox
941 249 1047 295 potius
1061 248 1159 295 quam
1168 249 1269 283 altera
1283 260 1352 292 rem
1363 245 1649 296 certam‘fignificct
1662 279 1673 293 ‚
1690 249 1754 286 hoc

363 302 474 345 utique
498 310 536 331 ex
557 297 726 332 hominum
744 296 836 331 velut
854 298 1117 335 conventione&
1134 297 1190 333 usu
1208 297 1331 333 fastum
1351 299 1403 334 est.
1429 298 1639 333 Unde-tanta
1653 299 1697 333 est
1718 301 1753 335 in

363 346 498 382 vocibus
514 349 652 381 varietas
668 351 700 382 &
728 347 947 382 inconstantia.
982 347 1045 381 Sed
1066 349 1152 394 quod
1168 347 1314 383 homines
1333 349 1365 382 in
1384 348 1447 383 hoc
1460 350 1694 392 convenerint,
1717 348 1753 383 id

361 396 436 431 iane
454 409 492 430 ex
511 395 573 444 ipsi
588 408 707 430 naturae
728 395 932 444 impreffione
945 396 1068 431 factum
1085 398 1143 441 est,
1154 410 1217 445 qua
1232 397 1383 432 homines
1394 397 1462 431 aliis
1477 395 1665 433 hominibus
1681 399 1752 433 nati

361 448 446 480 inter
458 445 488 480 se
506 447 620 480 animis
635 443 808 479 consociari
819 457 937 480 amant.
964 450 1036 481 Vox
1048 458 1156 481 autem
1168 446 1364 496 potiffimum
1374 446 1419 481 est
1430 445 1751 482 societatishumanae

361 496 626 530 instrumentum5
646 507 721 528 nam
737 499 769 531 &
786 494 883 529 facile
904 495 1081 537 formatur,
1094 503 1127 534 δε
1141 509 1200 545 pro
1220 509 1324 531 rerum
1341 499 1499 531 varietate
1527 495 1751 544 distinguitur-3

360 544 380 580 ὲ
397 544 508 579 multis
522 543 610 578 iimul
623 546 779 592 excipitur
791 573 800 587 ‚
817 543 993 581 &cerebro
1007 545 1153 593 imprell‘a
1173 558 1283 582 manet
1294 546 1425 582 diutius,
1447 547 1575 579 Verum
1597 543 1674 581 hinc
1688 545 1752 581 alia

360 596 461 629 oritur
473 594 604 641 quaestio
625 605 733 641 magni
752 596 867 641 utique
888 597 1061 631 momenti.

396 646 554 692 Qaerunt
573 645 681 690 itaque
691 652 725 678 20
743 645 910 690 quomodo
928 643 1023 693 poffit
1045 646 1117 679 voci
1131 673 1140 687 ‚
1154 655 1208 678 aut
1224 643 1303 678 sono
1315 642 1356 677 ab
1372 642 1505 678 homine
1522 641 1652 691 prolato
1664 655 1753 680 certa

360 692 518 736 idea‚aut
532 694 700 741 perceptio
718 691 757 727 fic
772 692 887 742 illigari
908 723 917 736 ‚
936 706 972 729 ut
989 697 1118 742 quoties
1142 694 1230 728 idem
1247 692 1339 728 sonus
1359 705 1449 726 aures
1468 691 1638 741 percellit,
1660 693 1769 742 spiri-·

359 753 411 777 tus
430 753 632 785 commovet,
645 744 721 778 &in
734 741 871 777 cerebro
883 745 1078 792 imprimitur
1089 773 1097 786 ‚
1108 743 1194 777 illius.
1214 744 1262 777 rei
1285 742 1358 776 idea
1371 770 1380 785 ‚
1397 753 1452 776 aut
1460 744 1630 790 perceptio
1645 743 1752 778 statim

359 802 499 827 recurrat
511 820 520 835 ‚
533 796 566 828 &
578 804 652 826 cum
666 804 707 826 eo
718 790 795 826 sono
805 799 1031 842 conjungatur.
1048 791 1283 828 Difficultatem
1300 802 1415 839 auget,
1434 791 1523 838 quod
1538 790 1628 826 nulla
1643 791 1679 827 fit
1693 804 1752 828 na-

359 840 468 876 turalis
478 843 568 876 vocis
587 840 668 874 illius
684 853 758 875 cum
776 845 990 890 perceptione
1001 842 1120 881 nostra,
1135 841 1190 877 vel
1203 841 1275 875 idea
1294 838 1468 875 similitudo
1478 869 1488 884 ,
1506 852 1616 888 neque
1630 840 1673 876 ab
1684 843 1753 877 Au·

359 900 430 925 tore
446 902 568 926 naturae
584 890 657 924 idea
675 890 750 924 huic
767 889 848 924 sono
865 892 964 926 fuerit
982 892 1104 941 illigata
1119 905 1126 927 :
1142 902 1178 927 ut
1195 893 1232 924 iis
1248 889 1385 925 vocibus
1403 890 1539 934 accidit,
1553 902 1626 938 quae
1643 892 1752 940 expri-

358 951 452 974 munt
465 942 565 975 animi
577 938 711 974 affectus
726 951 782 973 aur
790 950 908 976 motus.

386 990 475 1035 Resp.
486 991 566 1024 Eum
584 987 645 1023 effe
660 989 808 1025 animi&
832 990 974 1038 corporis
991 1001 1111 1025 nexum
1131 986 1173 1022 ab
1186 988 1309 1023 Autore
1335 999 1457 1024 naturae
1477 988 1702 1032 constitutum,
1715 997 1752 1023 ut

359 1049 463 1072 certos
489 1040 633 1085 corporis
662 1049 771 1072 motus
791 1043 825 1073 ὃς
854 1037 988 1072 cerebro
1015 1036 1163 1085 imprelsa
1182 1038 1319 1085 vestigia
1330 1066 1340 1081 ‚
1366 1038 1471 1072 statim
1495 1038 1642 1084 quaedam
1678 1040 1748 1072 ani-

357 1088 403 1120 mi
413 1088 579 1127 notiones,
596 1084 648 1118 seu
659 1097 834 1133 conceptus
849 1087 982 1132 quidam
999 1087 1052 1121 vel
1063 1087 1142 1120 ideae
1159 1085 1396 1132 consequantur
1407 1116 1416 1130 ‚
1435 1091 1469 1123 &
1485 1085 1634 1122 viciffim.
1659 1087 1751 1121 Hinc

357 1147 430 1182 quae
448 1133 581 1169 confuse
603 1145 731 1168 tantum
750 1140 783 1170 &
806 1135 997 1182 imperfeete
1026 1135 1150 1170 sensum
1173 1132 1342 1178 afficiunt,
1361 1137 1476 1170 eadem
1499 1148 1592 1170 mens
1616 1134 1750 1171 confusa

358 1184 500 1230 quadam
522 1184 713 1231 cognitione
739 1181 945 1230 consequitur
961 1201 970 1227 3
987 1197 1057 1231 quae
1074 1184 1219 1219 distinete
1239 1189 1273 1220 δέ
1295 1185 1436 1219 validius
1459 1184 1581 1220 sensum
1599 1197 1749 1220 commo-

358 1244 438 1267 vent
454 1261 463 1275 ,
482 1232 620 1269 &altius
631 1231 767 1266 cerebro
785 1234 915 1268 inurunt
930 1235 1097 1282 vestigium
1113 1262 1122 1277 ‚
1133 1233 1248 1268 eadem
1258 1246 1389 1280 quoque
1401 1247 1492 1269 mens
1514 1234 1660 1269 distincte
1677 1248 1748 1270 ma·-
1764 1256 1765 1259 =

357 1284 404 1330 gis
419 1282 570 1330 percipit.
588 1282 738 1328 Cumque
759 1282 831 1316 idea
843 1284 963 1317 mentis
986 1282 1083 1317 semel
1101 1284 1274 1330 conjuncta
1288 1283 1350 1317 fuit
1363 1295 1438 1318 cum
1453 1283 1561 1331 aliqua
1581 1283 1681 1319 sensus
1695 1283 1750 1318 af-

357 1331 504 1366 fectione
515 1360 524 1375 ,
540 1343 609 1378 qua:
621 1330 712 1365 suum
721 1330 857 1365 cerebro
869 1331 1023 1380 impressit
1039 1332 1212 1380 vestigium
1225 1361 1233 1375 ‚
1246 1334 1373 1379 quoties
1388 1333 1503 1367 eadem
1513 1335 1647 1368 recurrit
1662 1334 1747 1377 idea,

357 1380 444 1414 idem
463 1379 648 1428 phantasma
662 1408 672 1422 ,
692 1378 743 1414 seu
760 1381 847 1414 idem
878 1382 1047 1431 vestigium
1065 1410 1074 1424 ,
1090 1381 1180 1428 quod
1203 1394 1266 1415 vox
1288 1393 1342 1415 aut
1357 1379 1449 1415 sonus
1475 1393 1550 1416 ante
1568 1380 1749 1428 impreffit,

357 1430 476 1463 iterum
496 1431 653 1463 excitatur
672 1442 679 1463 ε
695 1440 731 1462 ut
744 1428 880 1465 viciffim
894 1459 904 1474 ,
922 1433 1051 1477 quoties
1068 1432 1157 1464 idem
1176 1429 1269 1465 sonus
1291 1431 1375 1464 redit
1406 1459 1416 1474 ,
1448 1430 1587 1465 eandem
1615 1443 1748 1478 quoque

356 1478 463 1512 ideam
474 1479 592 1512 excitat
607 1491 614 1511 ι
627 1477 715 1524 quod
731 1490 797 1512 uno
814 1483 848 1515 δε
859 1479 978 1513 eodem
987 1491 1137 1525 tempore
1149 1478 1274 1514 fuerint
1288 1490 1365 1514 ante
1386 1481 1567 1527 conjuncta.
1594 1479 1680 1513 Cum
1692 1491 1749 1514 au-

356 1538 422 1561 tem
438 1538 535 1561 voces
554 1537 593 1559 ex
608 1525 778 1560 hominum
797 1526 966 1562 voluntate
981 1525 1098 1562 estid&
1108 1539 1180 1560 cum
1190 1527 1270 1561 ideis
1282 1528 1396 1563 nostris
1410 1541 1475 1562 non
1491 1527 1586 1562 facile
1611 1532 1749 1576 conjun-

355 1587 470 1624 gantur
481 1574 575 1618 ,hinc
591 1587 709 1624 magna
722 1573 890 1610 difficultas
904 1579 1003 1611 oritur
1015 1579 1048 1612 in
1064 1576 1179 1624 linguis
1190 1575 1289 1611 edisci
1297 1576 1378 1613 ndis.
1404 1579 1451 1612 Ac
1474 1575 1607 1611 subinde
1621 1575 1748 1614 neceffe

357 1625 404 1659 est
424 1637 460 1659 ut
479 1623 646 1672 propensio
658 1625 801 1671 quedam
812 1629 846 1661 δε
866 1625 1016 1661 voluntas
1035 1625 1129 1661 firma
1146 1625 1296 1669 accedat,
1312 1638 1386 1673 quae
1397 1639 1454 1674 per
1472 1626 1600 1674 spiritus
1617 1628 1747 1662 anima-

357 1673 401 1708 les
421 1686 457 1707 ea
470 1673 605 1721 vestigia
618 1673 732 1708 fortius
746 1675 912 1722 imprimat
923 1704 932 1718 ,
947 1688 1014 1722 quo
1030 1675 1159 1710 easdem
1175 1676 1265 1708 ideas
1275 1681 1309 1710 δε
1326 1676 1448 1709 diutius
1462 1675 1679 1723 permansuras
1694 1676 1747 1711 fa-

357 1722 448 1757 cilius
466 1724 610 1757 excitent
627 1737 633 1758 :
647 1722 732 1758 secus
746 1721 885 1758 debilior
900 1723 1107 1772 utriusque&
1119 1726 1208 1758 vocis
1227 1728 1260 1759 ὃ(
1283 1726 1363 1758 ideae
1386 1723 1520 1759 societas
1548 1723 1656 1760 futura
1675 1725 1719 1760 est
1733 1753 1746 1769 ,

358 1785 456 1819 quam
474 1784 510 1806 ut
529 1771 639 1815 simul,
664 1775 792 1819 quoties
816 1785 897 1822 opus
913 1776 975 1808 erit
993 1803 1002 1816 ‚
1018 1772 1139 1821 poffint
1159 1785 1332 1809 recurrere.
1355 1775 1490 1808 Certam
1516 1776 1613 1822 igitur
1635 1774 1747 1811 ideam

357 1833 448 1855 certae
460 1824 534 1855 voci
548 1821 658 1869 alligat
678 1834 792 1870 magna
809 1828 843 1860 δε
862 1821 954 1857 firma
971 1823 1144 1858 hominum
1155 1822 1378 1865 voluntas‚vel
1389 1823 1525 1858 studium
1542 1836 1609 1870 quo
1627 1823 1744 1860 ardent

357 1883 390 1905 ut
412 1869 476 1904 suas
489 1869 543 1904 sibi
557 1873 696 1906 invicem
707 1873 922 1920 cogitationes
938 1875 1191 1907 communicent.

394 1923 438 1954 Ex
459 1922 492 1953 iis
520 1920 624 1966 liquet
644 1921 814 1965 quomodo
841 1921 980 1955 infantes
998 1919 1135 1967 syllabas
1150 1921 1289 1965 primum
1304 1947 1313 1960 ,
1331 1918 1448 1952 deinde
1479 1918 1579 1953 verba
1599 1919 1742 1954 formare

355 1971 511 2017 incipiant
530 1982 537 2003 :
556 1968 644 2015 quod
657 1969 770 2014 utique
784 1979 821 2001 ut
833 1967 911 2001 scitu
927 1969 1061 2016 dignum
1072 1996 1081 2010 ‚
1093 1972 1127 2002 &
1140 1966 1181 2000 ab
1199 1967 1347 2000 instituto
1366 1980 1431 2001 non
1443 1970 1569 2015 penitus
1584 1968 1742 2013 alienum,
1779 1974 1783 1978 '

355 2017 394 2053 sic
419 2019 601 2067 longiorem
619 2016 870 2065 explicationem
893 2015 1074 2065 postularet.
1097 2018 1210 2051 Paucis
1229 2017 1339 2063 itaque
1363 2028 1433 2051 rem
1448 2016 1547 2065 ipsam
1565 2021 1736 2066 attingam.

355 2067 441 2102 Illud
452 2095 462 2111 ,
476 2079 512 2102 ut
528 2067 667 2102 diximus
679 2096 689 2110 ,
707 2065 863 2101 hominia
877 2078 990 2101 natura
1001 2065 1158 2101 tributum
1171 2066 1217 2099 est
1233 2087 1244 2109 ,ι
1265 2077 1300 2100 ut
1311 2078 1379 2100 non
1392 2064 1527 2102 affictus
1545 2068 1646 2102 modo
1656 2067 1740 2111 suOS,

355 2128 408 2152 aut
419 2128 526 2152 motus
543 2118 641 2152 animi
656 2128 714 2164 per
727 2114 811 2164 signa
832 2115 979 2163 quaedam
996 2117 1157 2150 exteriora
1172 2121 1205 2152 &
1223 2114 1382 2150 naturalia
1393 2144 1401 2158 ‚
1423 2114 1475 2150 sed
1499 2118 1598 2151 etiam
1614 2119 1741 2166 cogita-

357 2168 460 2201 tiones
476 2165 542 2200 suas
554 2165 623 2200 aliis
636 2167 876 2201 communicet:
898 2179 963 2200 vox
983 2165 1029 2200 illi
1048 2165 1123 2200 data
1140 2165 1184 2199 est
1198 2194 1208 2208 ,
1229 2176 1266 2199 ut
1289 2165 1468 2199 identidem
1488 2166 1625 2199 diximus
1639 2195 1648 2209 ‚
1666 2178 1739 2201 tan-

356 2227 452 2260 quam
470 2217 666 2264 praecipuum
678 2214 835 2250 societatis
849 2215 996 2251 humanae
1010 2227 1175 2265 organum.
1207 2215 1305 2250 Hanc
1319 2213 1410 2249 mille
1425 2216 1528 2249 modis
1548 2215 1680 2251 flectere
1703 2221 1738 2253 &

357 2267 480 2298 variare
497 2265 613 2312 potest.

394 2315 555 2360 roirca
569 2328 641 2349 cum
650 2313 771 2349 infanti
781 2326 829 2349 res
839 2314 948 2363 aliqua
960 2345 969 2359 ‚
987 2327 1021 2350 ut
1049 2314 1171 2351 fructus
1188 2313 1366 2349 ostenditur
1387 2319 1420 2350 ἅτ
1446 2316 1578 2362 proprio
1603 2316 1738 2349 nomine

357 2365 544 2409 exprimitur
560 2393 567 2406 ,
579 2364 687 2399 statim
707 2369 740 2400 &
754 2364 876 2400 fructus
887 2395 896 2408 ‚
919 2370 952 2401 ὃς
969 2367 1057 2400 vocis
1069 2367 1178 2414 imago
1193 2363 1282 2399 simul
1307 2366 1450 2398 animum
1476 2362 1625 2405 subcunt,
1635 2375 1672 2397 ac
1684 2362 1738 2397 sua

357 2413 390 2444 in
411 2411 545 2448 cerebro
564 2413 699 2462 vestigia
713 2414 918 2463 relinquunt:
930 2415 1013 2451 adeo
1028 2427 1062 2451 ut
1075 2428 1175 2451 unum
1188 2412 1311 2462 semper
1324 2426 1397 2448 cum
1417 2412 1521 2449 altero
1534 2414 1739 2461 conjunctum
