1857 2745
310 128 379 171 580
758 118 1250 157 METAPHYSICAE

311 186 352 209 an
364 173 404 208 ad
416 172 508 207 illum
525 171 636 205 actum
661 167 762 203 fuerit
778 178 976 215 piaemotus?
997 182 1058 204 nec
1071 169 1228 204 credibile
1248 171 1294 205 est
1315 171 1425 205 Deum
1445 166 1568 204 summe
1584 169 1716 210 bonum>

312 224 391 256 citra
402 220 500 255 ullam
516 218 641 252 cauihm
655 214 788 251 voluiffe
801 227 838 250 ut
847 218 989 253 Adamus
1005 221 1037 254 in
1054 231 1221 267 peccatum
1236 230 1342 253 rueret
1357 247 1366 259 ,
1389 230 1530 264 eumque
1552 220 1715 254 inelueta-

313 269 422 304 biliter
436 268 527 304 velut
548 269 580 302 in
595 265 990 315 praecipitiumimpuliffe.
1018 270 1070 303 An
1093 268 1178 304 forte
1200 268 1269 303 haec
1292 268 1714 316 praedeterminatioignotae

312 330 380 353 erat
394 319 520 354 Adamo
542 325 553 352 ἓ
569 327 625 351 aut
646 314 666 350 si
687 327 761 349 eam
779 326 935 359 noverat,
962 329 1087 365 quanto
1105 318 1138 352 id
1148 318 1197 352 illi
1216 317 1344 352 facilius
1365 327 1433 350 etat
1445 315 1505 350 hac
1521 319 1567 351 uti
1584 315 1717 351 excusa-

313 370 405 403 tione
422 396 432 411 ‚
447 367 549 414 quim]
563 364 691 412 culpam
701 368 736 399 in
745 364 916 400 mulierem
929 369 1102 416 conjicere.
1117 365 1272 402 Potuiffet
1287 370 1374 402 enim
1384 377 1445 400 nec
1456 376 1578 401 temere
1594 366 1716 410 dicere,

313 416 397 452 liber
407 429 495 452 eram
511 421 544 453 &
560 413 767 456 indifferens,
783 413 834 448 sed
855 427 943 450 eram
957 427 1067 452 tamen
1090 415 1179 451 causa
1197 414 1334 451 secunda
1351 445 1361 459 ‚
1379 426 1452 461 quae
1469 427 1563 464 agere
1577 428 1642 450 non
1653 428 1715 463 po-

315 467 394 510 test,
417 465 472 501 nisi
486 466 506 501 ἐι
525 466 628 514 prima
641 465 876 498 determinetur
897 481 906 508 ;
931 477 965 500 tu
988 478 1042 500 me
1055 465 1259 514 coimpulisti
1272 495 1282 508 ‚
1302 471 1335 503 &
1367 461 1472 512 hyfice
1490 465 1716 511 praedetermi-

315 516 399 552 nasti
417 545 427 559 ‚
453 515 532 563 quid
560 526 623 563 ego
641 515 819 548 commerui
836 543 845 556 ‚
876 525 930 548 aut
947 517 1021 562 quis
1047 528 1110 563 ego
1125 514 1191 550 sum
1208 517 1265 563 qui
1283 529 1326 563 po
1353 525 1400 547 im
1425 510 1567 547 reslstere
1584 523 1593 550 ξ
1623 515 1713 548 Hinc

319 565 422 601 Conc-
438 564 532 601 Trid.
550 575 578 598 c,
597 568 630 600 6.
645 561 708 598 seff.
723 570 751 599 6.
763 564 884 610 Siquis
896 562 1017 609 dixerit
1028 577 1088 599 non
1110 566 1164 612 effe
1186 567 1217 600 in
1235 563 1388 613 potestate
1407 562 1540 596 hominis
1558 563 1721 608 viasfisas

318 615 540 660 malasfhcere
555 640 564 651 ,
582 614 641 659 fid
662 613 750 646 mala
768 622 863 659 opera
882 615 932 646 uti
949 612 987 648 ὠ·
1009 612 1089 648 bona
1111 615 1217 648 Deum
1240 615 1366 661 operari
1389 624 1447 645 non
1473 610 1718 660 permiffiveso-

317 663 474 709 Iitm·‚sed
485 664 581 696 etiam
591 662 722 719 proprie
738 688 746 699 ,
771 661 923 709 &perfi‘
939 677 948 698 ς
965 662 1042 696 adeo
1067 673 1119 697 ιιι,
1137 674 1162 696 1t
1176 665 1340 711 proprium
1364 664 1431 705 ejus
1448 672 1522 708 opus
1537 673 1597 695 non
1613 658 1722 694 mim'u·

318 709 574 762 proditiofudae,
595 723 694 758 quam
707 710 864 756 converfio
882 712 980 745 Pauli
994 712 1166 746 anathema
1176 712 1227 760 fit.
1254 710 1357 758 Qod
1373 709 1412 745 fic
1428 712 1514 745 Deus
1526 711 1622 758 primi
1634 711 1717 743 entis

318 765 456 797 nomine
469 773 537 795 non
552 758 736 809 permiffive
753 770 898 803 tantum,
915 758 967 794 sed
988 762 1089 796 etiam
1109 758 1328 795 efficaciterin
1346 758 1431 794 mala
1442 770 1541 806 opera
1559 757 1723 794 influeret.

320 814 412 848 Nam
429 809 451 845 fi
475 810 515 845 de
529 811 719 858 privatione
738 819 873 858 agatur,
901 821 963 845 nec
986 819 1140 859 peccator
1170 811 1300 858 proprie
1318 813 1352 846 δε
1373 820 1430 857 per
1456 808 1486 842 se
1509 809 1542 842 in
1566 819 1638 842 eam
1669 809 1721 843 in-

318 859 398 898 fluit.
591 856 596 861 ’
641 866 643 868 ’

359 912 584 960 Qantumvis
594 907 772 943 Thomistae
791 907 986 946 subtilitates
1004 909 1070 945 suas
1082 918 1239 944 exacuant
1251 936 1261 950 ‚
1283 908 1352 941 vim
1375 917 1484 942 tamen
1503 904 1595 953 hujtis
1623 916 1721 953 argu-

321 962 429 996 menti
441 962 495 995 vix
509 959 702 1007 infringerit.
723 959 925 993 Scimus-eos
943 961 1033 994 varia
1052 969 1195 1006 quaerere
1210 956 1376 1005 perfugia,
1402 968 1472 1004 quce
1487 965 1603 1003 praeter
1624 964 1723 988 caete-

322 1022 373 1044 ros
388 1012 436 1045 vir
455 1012 541 1045 inter
553 1009 751 1043 recentiores
761 1007 877 1042 doetus
898 1007 965 1044 fuse
979 1007 1192 1057 persequitur.

358 1058 558 1106 Respondent
576 1056 723 1093 nonnulli
739 1055 999 1093 inobedientiam
1013 1058 1131 1093 Adami
1147 1058 1288 1104 priorem
1305 1054 1395 1090 fuiffe
1409 1053 1724 1104 praedeterminatim

324 1120 365 1142 ne
384 1107 512 1155 phyiica
531 1135 541 1149 ,
561 1109 595 1142 in
612 1118 731 1154 genere
747 1105 844 1140 causae
863 1107 1051 1151 materialis,
1075 1119 1142 1141 non
1156 1107 1235 1140 irem
1252 1107 1284 1141 in
1295 1117 1416 1154 genere
1429 1102 1526 1139 causae
1538 1102 1723 1139 effistricis.

327 1157 418 1203 Qd
434 1156 495 1191 hoc
506 1154 542 1189 fit
557 1184 566 1199 ,
585 1168 651 1189 non
667 1153 738 1188 satis
755 1153 914 1203 intelligo,
930 1158 1055 1204 Neque
1070 1157 1158 1190 enim
1182 1155 1247 1190 ulla
1262 1165 1331 1189 erat
1348 1153 1438 1188 causa
1452 1152 1628 1187 materialis
1647 1163 1724 1200 prae·

326 1205 609 1240 determinationis
622 1232 631 1246 ‚
653 1201 709 1237 nifi
723 1202 874 1237 voluntas
888 1205 1004 1239 Adami
1018 1203 1123 1238 adhuc
1138 1206 1294 1239 innocens
1309 1220 1318 1246 3
1340 1215 1378 1236 ac
1398 1214 1497 1239 nemo
1520 1203 1641 1236 dixerit.
1657 1200 1724 1236 for-

327 1267 415 1289 mam
429 1256 511 1302 ignis
529 1250 591 1288 effe
616 1251 660 1287 sui
688 1250 926 1299 dispositionem
955 1264 991 1287 ut
1024 1253 1221 1301 producatur
1246 1255 1280 1287 in
1310 1251 1400 1300 ligno
1424 1268 1433 1294 3
1464 1251 1639 1298 quomodo·
1660 1252 1723 1299 igi-

328 1314 379 1337 tur
399 1303 626 1338 inobedientia
649 1300 757 1335 futura
789 1304 897 1348 potuit
922 1301 982 1337 effe
1005 1301 1096 1336 causa
1115 1300 1157 1335 sui
1186 1299 1278 1348 ipsius
1302 1311 1312 1337 Ξ
1346 1300 1531 1349 exemplum
1562 1298 1722 1334 adhibent

325 1354 417 1386 venti
441 1355 498 1399 qui
521 1351 566 1385 est
593 1349 682 1384 causa
726 1348 875 1385 effectrix
909 1352 1084 1398 apertionis
1112 1349 1258 1384 fenestrae
1273 1376 1283 1391 ‚
1303 1361 1340 1384 ut
1367 1349 1431 1384 haec
1460 1349 1504 1383 cst
1538 1348 1626 1383 causa
1656 1360 1726 1383 ma-

327 1401 447 1435 cerialis
476 1412 532 1434 cur
557 1408 672 1434 ventus
707 1399 907 1446 ingrediatur
932 1413 943 1434 r
971 1398 1024 1433 sed
1050 1410 1114 1433 una
1136 1404 1169 1435 &
1190 1398 1305 1432 eadem
1333 1398 1379 1431 est
1402 1397 1491 1432 actio
1518 1410 1587 1444 qua:
1614 1396 1725 1444 irnpel-

329 1450 368 1485 lit
394 1449 588 1492 fenestram,
609 1452 642 1484 ὃ(
660 1459 732 1482 earn
752 1447 953 1495 impellendo
978 1450 1108 1496 aperite
1128 1447 1213 1481 adeo
1246 1458 1282 1481 ut
1300 1449 1426 1495 apertio
1448 1446 1593 1481 fenestrae
1611 1458 1678 1481 non
1689 1444 1726 1481 fit

328 1499 418 1534 aliud·
430 1499 531 1546 quitm
546 1499 636 1532 venti
658 1495 821 1532 subeuntis
839 1496 988 1546 ingressus
1000 1527 1010 1541 ,
1028 1511 1094 1533 non
1106 1496 1197 1531 causa
1211 1496 1295 1531 illius
1308 1495 1497 1531 materialis.

377 1547 568 1596 Respondent
580 1546 634 1580 alii
648 1548 757 1582 actum
775 1545 896 1582 malurn
913 1546 973 1582 effe
985 1546 1005 1582 ἐι
1031 1550 1127 1589 Deo,
1151 1558 1185 1580 ut
1207 1548 1231 1580 is
1258 1545 1304 1580 est
1319 1557 1374 1580 ens
1390 1545 1555 1593 quoddam
1569 1573 1580 1588 ‚
1603 1558 1672 1581 non
1690 1555 1725 1581 ut

330 1596 372 1631 est
391 1597 467 1644 quid
479 1595 576 1632 rnal‘i:
593 1593 631 1629 fic
647 1597 735 1630 enim
746 1596 789 1630 est
800 1595 819 1631 ἐι
831 1595 898 1631 sola
912 1596 1082 1631 voluntate
1096 1608 1166 1643 quae
1183 1595 1289 1643 potest
1302 1593 1459 1631 deficere.

366 1646 431 1680 Sed
442 1657 563 1681 contra.
575 1644 704 1680 Malitia
717 1646 805 1680 actui
822 1645 900 1680 inest
909 1674 918 1689 ,
943 1652 976 1683 ὅ(
988 1645 1140 1681 voluntas
1151 1658 1216 1679 non
1229 1643 1340 1679 deficit
1349 1672 1361 1688 ,
1383 1643 1439 1679 nisi
1455 1656 1528 1680 cum
1541 1642 1663 1691 aliquid
1674 1643 1726 1678 ef-

331 1695 408 1731 ficit.
431 1695 544 1742 Qare
559 1698 650 1730 Deus
662 1696 716 1741 qui
735 1693 876 1729 deficere
892 1708 958 1731 non
977 1695 1101 1743 potest,
1123 1696 1147 1728 is
1160 1696 1269 1728 actum
1288 1706 1423 1741 pravum
1439 1706 1504 1728 non
1530 1693 1634 1741 potest
1654 1691 1725 1727 effi·

331 1757 403 1779 cere
416 1759 423 1778 :
437 1744 475 1779 fic
493 1745 549 1790 qui
563 1744 662 1778 alium
682 1744 806 1778 inducit
817 1744 855 1778 ad
870 1743 991 1780 furtum
1007 1773 1016 1787 ‚
1035 1755 1166 1792 peccat,
1188 1745 1336 1790 quamvis
1356 1755 1424 1778 non
1445 1743 1477 1776 id
1493 1753 1586 1791 agat,
1608 1753 1728 1789 quate,

331 1806 387 1829 nus
400 1793 518 1828 furam]
532 1792 551 1828 ὰ
564 1792 675 1840 regula
685 1792 735 1826 sua
753 1792 893 1827 desciscit
905 1807 913 1828 :
925 1792 976 1827 sed
995 1796 1068 1840 quia
1082 1805 1119 1826 ex
1130 1804 1240 1827 natura
1259 1791 1306 1826 sua
1322 1792 1445 1827 malum
1459 1792 1503 1826 est
1519 1808 1528 1835 3
1546 1793 1669 1838 quique
1684 1791 1725 1825 ad

332 1841 498 1878 materiale
511 1841 588 1876 furti
606 1841 748 1889 impellit
759 1870 768 1884 ‚
788 1841 875 1876 idem
887 1847 921 1878 &
932 1843 1099 1891 pravitatis
1111 1854 1181 1889 quae
1198 1841 1244 1875 est
1259 1843 1294 1876 in
1307 1841 1397 1876 furto
1410 1839 1498 1876 causa
1508 1839 1650 1875 censetur
1665 1854 1673 1875 :
1689 1852 1726 1874 ac

332 1892 353 1928 si
364 1890 454 1926 causa
468 1891 599 1926 moralis
615 1892 737 1939 peccati
753 1903 818 1926 non
835 1903 930 1926 vacat
952 1893 1085 1927 crimine
1101 1919 1111 1934 ,
1136 1891 1242 1925 multo
1259 1891 1291 1924 id
1311 1893 1412 1933 magis
1431 1890 1472 1924 de
1491 1887 1579 1924 causa
1597 1887 1727 1937 physica

334 1948 369 1979 ὃ(
380 1942 618 1977 determinante
629 1941 719 1974 statui
733 1939 848 1976 debet.
868 1943 907 1976 Et
918 1953 1005 1975 certe
1027 1952 1223 1988 quocunque
1242 1940 1342 1974 modo
1356 1932 1532 1988 explicetur
1555 1937 1726 1972 materiale

333 1993 462 2040 peccati
473 2020 482 2034 ‚
504 1991 535 2024 id
551 1992 689 2026 minime
704 2002 793 2024 aures
803 1992 862 2035 piae
876 1989 961 2026 ferre
974 1989 1116 2038 poffiint,
1131 1993 1238 2025 Deum
1254 2002 1320 2024 non
1333 1987 1433 2024 solum
1451 1998 1643 2022 concurrere
1655 1998 1727 2021 caus

333 2040 370 2076 sae
388 2038 576 2074 universalis
591 2041 745 2082 nornine,
765 2038 815 2073 sed
832 2041 929 2073 etiam
945 2042 1086 2087 incipere
1103 2068 1112 2082 ,
1142 2040 1358 2073 determinare
1369 2067 1379 2081 ,
1397 2036 1557 2086 applicare
1574 2034 1728 2071 volunta-

334 2102 402 2125 tem
416 2088 607 2136 &linguam
621 2088 660 2121 ad
673 2086 875 2136 blasphemas
888 2100 986 2122 voces
1000 2088 1221 2136 proferendas.
1245 2090 1334 2123 Nam
1344 2086 1363 2121 fi
1374 2083 1524 2121 concursu
1536 2086 1658 2132 praevio
1670 2095 1728 2118 aut

335 2138 524 2175 fimultaneo
544 2150 623 2185 opus
639 2135 683 2170 (st
700 2136 739 2169 ad
765 2139 873 2172 acrum
896 2136 1018 2172 malurn
1032 2167 1039 2179 ἲ
1067 2149 1102 2171 nt
1120 2138 1159 2170 ad
1180 2135 1326 2171 bonum:
1343 2148 1422 2183 ergo
1440 2145 1504 2168 tam
1523 2133 1661 2181 juvanda
1679 2132 1727 2166 est

336 2188 486 2223 voluntas
499 2187 538 2220 ad
551 2186 670 2220 malum
682 2186 782 2231 quum
794 2188 832 2221 ad
849 2186 975 2221 bonum
994 2202 1000 2222 :
1018 2199 1124 2234 neque
1136 2198 1226 2220 amor
1242 2187 1306 2220 Dei
1323 2187 1406 2218 vires
1425 2184 1541 2217 nostras
1560 2184 1661 2230 magis
1676 2180 1726 2216 su-

335 2248 448 2285 perat,
474 2236 575 2283 quom
591 2247 684 2269 amor
698 2237 821 2272 mundi.
836 2237 987 2283 Cumque
997 2239 1107 2272 Patres
1121 2233 1257 2270 afferunt
1279 2236 1387 2268 omnia
1402 2233 1421 2268 ἒ),
1439 2235 1515 2269 Deo
1528 2231 1608 2276 csse,
1622 2231 1727 2267 statim

337 2287 367 2322 se
381 2298 479 2338 agere
491 2286 530 2321 de
547 2284 602 2321 sub
609 2285 732 2321 stantiis
746 2290 780 2323 &
793 2288 911 2323 naturis
925 2298 1031 2323 reruni
1048 2297 1158 2334 aperte
1175 2283 1378 2333 profitentun

1545 2381 1571 2416 S
1574 2381 1728 2417 oluvmm·
