1857 2745
463 123 531 159 Dr„
565 118 1075 159 PRAEchMENTis.
1417 139 1460 176 ,55

74 186 139 216 nec
154 171 246 210 firnili
259 172 383 221 prorsus
397 173 543 210 ratione:
559 186 627 210 non
648 173 736 207 enim
757 170 874 206 eodem
891 170 992 206 modo
1007 170 1185 208 liberalitas
1198 170 1434 223 ‘prodigalitati
1444 206 1457 221 ,

77 236 171 273 atque
182 225 323 259 avaritiae
333 232 499 271 repugnat.

123 271 298 322 Oppofitio
316 284 396 308 vero
411 272 454 306 est
471 270 683 320 quadruplex,
694 270 846 315 relativa,
857 273 1027 315 contraria,
1044 273 1221 320 privativa,
1242 278 1276 310 ὃς
1290 276 1456 310 contradi-r

78 324 177 360 &oria
190 327 295 370 :cujus
305 319 468 357 divifionis
485 333 523 355 ea
541 320 670 357 affertur
685 322 777 355 ratio.
793 319 967 370 Oppofitio
980 324 1085 357 omnis
1098 323 1140 356 est
1155 325 1238 357 inter
1251 324 1333 358 duos
1348 328 1461 360 termi-

75 384 154 416 nos,
169 373 227 419 qui
246 371 297 406 vel
313 369 517 419 suntposrtivi
532 399 541 413 ‚
558 370 611 405 vel
627 370 710 405 alter
725 377 837 405 eorum
855 371 900 405 est
912 374 1083 420 negativus
1101 385 1194 407 :nam
1211 374 1293 406 inter
1307 374 1383 408 duas
1399 388 1459 410 ne-

73 424 223 471 gationes
238 420 325 455 nulla
343 421 389 455 est
400 433 475 454 vera
493 418 665 469 oppositio.
685 419 880 456 Cumambo
898 423 1027 455 termini
1041 420 1109 456 sunt
1123 420 1248 469 positivi
1264 422 1336 465 3vel
1354 426 1373 456 ii
1390 423 1460 459 sunt

74 470 213 513 relativi,
227 481 263 504 ut
274 483 365 519 pater
382 475 415 508 &
434 469 515 505 filius
529 499 537 514 ‚
554 482 653 518 atque
666 472 750 504 inter
763 482 817 504 eos
836 470 878 504 est
898 470 1035 504 relativa
1052 470 1234 524 oppositio:
1255 471 1309 505 vel
1329 476 1459 508 termini

73 519 144 555 sunt
154 517 290 554 absoluti
302 549 311 564 ‚
328 531 363 554 ut
375 522 458 554 inter
472 519 614 555 calorem
627 525 660 556 ὃ(
673 520 774 568 frigus
791 537 800 564 3
822 532 925 567 eaque
941 520 984 554 est
1002 522 1163 567 oppobrio
1182 522 1342 554 contraria
1357 535 1364 557 ι
1383 534 1457 558 cum

77 571 288 604 terminorum
315 569 396 604 alter
406 572 576 605 non-entis
591 569 691 604 habet
710 572 870 605 rationem
884 598 893 613 ,
913 569 967 604 vel
991 580 1088 617 negat
1106 569 1249 603 formam
1266 571 1298 604 in
1317 568 1460 619 {ubjecto

73 617 187 665 aliquo
200 619 302 662 ‚adeo
314 630 348 653 ut
363 617 399 653 fit
409 631 476 654 non
497 631 552 655 ens
567 618 741 654 secundum
757 619 857 666 quid3
875 630 1008 666 tumque
1024 619 1067 652 est
1078 617 1239 667 oppofirio
1272 621 1432 668 privativa
1447 649 1460 664 ,

73 679 112 702 ut
128 669 213 702 inter
232 666 332 702 visum
351 674 385 705 δε
407 670 583 703 caecitatem
597 697 606 712 ,
621 669 725 704 lucem
752 674 785 705 ὅ(
804 665 954 702 tenebras
976 683 985 705 ι
1009 667 1062 702 vel
1085 668 1129 701 est
1145 680 1233 702 mera
1251 672 1404 717 negatio,
1425 674 1461 707 ὃς

71 728 139 752 non
153 729 208 751 ens
218 715 458 763 fimpliciter‚ut
467 717 567 752 homo
579 723 614 754 &
624 731 689 752 non
707 718 809 752 homo
822 732 831 759 3
844 728 914 763 quae
927 718 970 751 est
987 715 1148 766 oppositio
1157 720 1418 756 contradictoria.

122 764 298 814 Oppositio
319 768 468 801 omnium
490 768 626 800 minima
637 767 684 800 est
701 765 859 808 relativa,
873 778 977 813 eaque
998 769 1098 815 magis
1123 768 1250 803 videtur
1274 768 1458 814 distin‹5t1'o³

71 813 173 862 quam
190 813 370 863 oppositio:
384 828 449 851 non
468 818 556 851 enim
568 827 665 850 unum
682 813 902 864 oppositorum
921 815 1053 851 destruit
1064 816 1199 852 alterum
1210 848 1219 862 ‚
1237 818 1289 854 sed
1305 823 1405 866 magis
1424 819 1460 854 id

72 866 184 913 exigit.
200 865 365 912 roirca
378 865 431 899 vel
444 867 474 899 in
487 867 562 900 Deo
572 863 639 913 ipso
658 865 765 899 locum
775 863 922 901 obtinet:
937 865 1059 900 nullam
1071 868 1158 901 enim
1174 867 1275 902 secum
1293 862 1387 905 affeft
1400 882 1459 904 en-

72 915 115 948 tis
125 916 344 961 privationem
355 941 364 955 ,
376 913 681 948 sedrdistinffionem
694 914 849 948 duntaxat
860 914 994 949 inducit.
1013 915 1062 949 Est
1077 927 1186 949 autem
1205 917 1341 953 relativa
1352 931 1461 967 oppo-

72 959 144 996 fitio
155 992 165 1006 ,
179 963 390 1010 repugnantia
405 965 489 997 inter
505 963 569 997 duo
582 990 592 1004 ,
608 975 747 1009 quorum
771 975 871 997 unum
889 961 1016 1010 respicit
1036 962 1199 999 alterum.⁴

112 1012 177 1045 Sed
187 1041 195 1054 ‚
210 1013 348 1058 inquieS‚
363 1013 469 1045 omnis
482 1010 645 1059 oppositio
659 1013 705 1046 est
713 1011 850 1046 relativa
861 1025 868 1046 :
881 1023 959 1058 ergo
972 1025 1040 1046 non
1052 1012 1095 1046 est
1106 1011 1225 1059 species
1240 1014 1386 1060 quaedam
1397 1026 1459 1062 op-

71 1057 239 1108 positionis
256 1058 298 1093 ab
316 1059 386 1093 aliis
408 1059 564 1095 distincita.

106 1109 194 1158 Kasp.
213 1105 465 1157 Oppofitionem
484 1121 617 1144 omnem
635 1106 817 1142 formaliter
827 1107 985 1155 sumptam
995 1105 1056 1142 esse
1070 1105 1264 1143 relationem
1279 1109 1460 1156 quandam:

72 1155 125 1192 sed
138 1170 186 1192 res
205 1170 276 1206 quae
289 1156 346 1192 fibi
367 1170 577 1206 opponuntur
599 1186 608 1201 ,
622 1169 657 1191 ut
677 1156 763 1192 calor
782 1163 815 1194 &
844 1156 944 1204 frigus
959 1184 966 1195 ‚
986 1169 1051 1192 non
1069 1156 1139 1192 sunt
1159 1157 1324 1201 relative,
1353 1171 1458 1206 neque

72 1208 173 1242 etiam
193 1206 354 1256 oppositio
369 1210 528 1242 contraria
539 1237 548 1251 ‚
563 1220 599 1242 ur
617 1210 787 1250 contraria,
797 1207 840 1241 est
853 1207 988 1240 relativa
1001 1219 1008 1240 τ
1022 1219 1085 1253 vnec
1096 1207 1226 1241 demum
1239 1209 1275 1241 {dr
1286 1206 1453 1243 absurdum

73 1255 204 1291 videtur
222 1267 257 1291 ut
280 1269 330 1290 res
352 1257 468 1291 eadem
487 1256 658 1293 secundum
684 1255 820 1292 diversas
848 1258 990 1290 rationes
1013 1268 1065 1290 aut
1080 1255 1240 1304 respectus
1257 1258 1296 1291 ad
1320 1256 1458 1292 diversas

72 1303 192 1353 species
215 1308 399 1355 pertineat..

104 1355 328 1390 Contrarietas
343 1358 450 1391 minor
472 1355 518 1391 est
536 1356 701 1405 privativi
713 1360 747 1393 &
760 1354 1016 1392 contradictoria
1027 1352 1231 1403 oppositione
1246 1369 1253 1390 :
1269 1367 1341 1390 cum
1357 1355 1410 1389 illa
1425 1354 1460 1391 sit

74 1402 160 1439 inter
176 1405 250 1439 duas
264 1417 312 1439 res
323 1404 471 1453 positivas
486 1411 520 1443 &
537 1406 677 1454 ejusdem
689 1408 810 1455 generis
829 1420 837 1442 ε
854 1407 1016 1454 privativa
1028 1416 1138 1439 autem
1159 1406 1243 1439 inter
1267 1417 1323 1439 ens
1343 1410 1376 1441 &
1393 1418 1459 1440 non

76 1464 133 1488 ens
151 1451 324 1488 secundum
336 1455 432 1501 quid3
448 1457 700 1490 contradictoria
714 1457 798 1489 inter
812 1467 868 1489 ens
888 1460 921 1490 δε
947 1466 1013 1489 non
1032 1466 1088 1488 ens
1101 1453 1284 1501 {impliciter
1296 1467 1303 1489 :
1316 1455 1400 1488 unde
1425 1460 1460 1491 ὅ(

75 1502 225 1535 omnium
238 1502 282 1535 est
295 1505 449 1538 maxima.
476 1505 566 1538 Nam
574 1505 736 1550 privative
748 1501 890 1550 opposita
903 1505 936 1536 in
952 1501 1080 1536 essentia
1093 1515 1158 1535 non
1176 1503 1389 1535 conveniunt.
1404 1501 1458 1536 sed

77 1549 166 1583 idem
180 1547 301 1584 habent
315 1550 515 1593 subiectunu
531 1551 780 1595 contradi-storia
791 1553 824 1584 in
845 1549 933 1584 nullo
947 1552 1167 1592 conveniunt,
1186 1562 1290 1597 neque
1308 1551 1341 1584 in
1359 1548 1459 1586 effen-

76 1599 122 1632 tia
133 1627 142 1642 ‚
157 1601 305 1645 nequein
322 1597 469 1646 subjeeto
483 1628 493 1643 ,
513 1598 566 1634 sed
589 1601 724 1635 omnino
737 1597 799 1633 sese
816 1601 1004 1647 perimunt.-

111 1649 189 1682 Hoc
205 1645 279 1681 loco
296 1649 512 1694 quaestionem
523 1648 596 1683 satis
616 1648 765 1683 inutilem
788 1659 927 1683 movent
938 1677 948 1692 ,
966 1658 1073 1683 utrum
1087 1661 1153 1683 non
1171 1659 1226 1682 ens
1241 1676 1249 1690 ,
1263 1646 1327 1683 five
1343 1648 1378 1684 fit
1393 1653 1457 1698 pri-

78 1697 169 1731 vatio
183 1724 192 1739 ‚
206 1708 242 1730 ut
253 1699 375 1731 caecitas
386 1727 396 1740 ‚
413 1696 477 1732 sive
493 1710 581 1732 mera
599 1700 731 1746 negatio
741 1727 749 1741 ‚
764 1709 883 1732 utnon
899 1697 1014 1732 videns
1024 1725 1033 1736 ,
1046 1697 1174 1733 realiter
1185 1699 1253 1732 enti
1264 1711 1461 1746 opponatur3

74 1739 113 1782 ’διε
130 1757 170 1780 an
189 1747 331 1792 privatio
351 1747 414 1780 dici
432 1745 526 1795 poffit
544 1746 644 1781 realis.
670 1747 768 1782 Multi
784 1749 940 1781 acerrime
957 1759 1076 1796 negant
1090 1749 1288 1795 privationes
1310 1749 1372 1782 dici
1387 1747 1459 1795 pos-

75 1793 110 1828 se
129 1794 249 1838 reales,
266 1793 401 1830 asserunt
417 1796 484 1831 alii.
508 1797 616 1843 Atque
636 1799 741 1830 omnis
755 1795 970 1831 controversia
985 1809 1023 1830 ex
1039 1799 1130 1831 unius
1145 1797 1232 1829 vocis
1247 1795 1460 1845 ambiguitate

76 1845 178 1878 oritur
190 1858 197 1878 :
208 1856 284 1878 nani
295 1842 315 1878 fi
327 1845 356 1878 id
368 1844 674 1892 realeintelligimus
685 1874 694 1888 ,
713 1846 800 1891 quod
817 1858 884 1881 non
905 1845 951 1880 est
965 1844 985 1880 ὲ.
1003 1848 1127 1880 ratione
1143 1843 1254 1879 fidium
1266 1874 1275 1887 ‚
1290 1857 1346 1879 aut
1365 1845 1463 1892 obje-

78 1893 165 1928 &ive
188 1903 313 1927 tantum
332 1895 364 1928 in
386 1905 497 1928 mente
509 1923 519 1937 ,
537 1894 692 1941 quodque
712 1895 756 1928 est
773 1897 904 1929 nemine
927 1895 1091 1942 cogitante
1119 1922 1128 1937 ,
1142 1892 1223 1929 nulli
1241 1892 1373 1928 dubium
1397 1893 1457 1930 effe

76 1941 186 1990 potest
204 1944 281 1989 quin
301 1944 442 1991 privatio
456 1942 491 1977 fit
511 1942 603 1977 realis
619 1944 714 1990 3quin
727 1955 839 1977 revera
862 1943 963 1978 homo
976 1941 1012 1977 fit
1038 1955 1147 1978 caecus.
1185 1945 1293 1990 Qarc
1306 1942 1370 1977 haec
1384 1954 1460 1990 pru*-

78 1989 194 2038 positio
208 1991 255 2024 est
271 2004 347 2026 vera
362 2021 371 2034 ‚
389 1994 503 2028 Homo
515 1992 645 2027 realiter
660 1992 705 2026 est
721 2004 829 2028 caecus.
841 1994 893 2028 .At
907 1991 929 2027 si
942 1993 973 2027 id
991 1992 1077 2028 reale
1091 1993 1225 2027 dicimus
1238 2020 1246 2032 ,
1272 1991 1360 2039 quod
1375 1991 1463 2040 pofi..

80 2041 148 2073 tive
160 2040 288 2084 existit,
305 2054 372 2076 non
389 2044 494 2077 minus
505 2042 703 2091 perspicuum
717 2042 778 2086 est,
797 2043 1016 2090 privationem
1032 2042 1095 2077 hoc
1109 2041 1193 2077 sensu
1210 2052 1374 2089 acceptam
1395 2054 1462 2077 non

81 2086 143 2122 effe
154 2089 231 2134 quid
249 2089 344 2126 reale.
362 2094 479 2139 Itaque
487 2092 519 2126 id
533 2093 672 2126 minime
687 2092 892 2126 concedimus
902 2088 917 2135 ‘‚
934 2094 1143 2140 negationem
1157 2103 1290 2126 omnem
1302 2088 1363 2124 effe
1375 2104 1458 2139 opus

83 2137 266 2172 intellectus
277 2168 286 2181 ,
302 2138 355 2174 nisi
369 2141 454 2175 forte
469 2142 651 2187 negationis
659 2142 794 2176 nomine
808 2140 1028 2189 intelligamus
1047 2143 1152 2175 aetum
1167 2142 1283 2173 menti5
1303 2168 1312 2178 ,
1326 2141 1383 2186 qui
1397 2153 1459 2188 op.

83 2187 213 2231 ponitur
228 2185 449 2226 affirmationi:
461 2190 514 2225 sed
525 2193 656 2239 negatio
665 2192 748 2224 entis
767 2202 833 2225 non
844 2191 965 2238 pendet
974 2189 1016 2224 ab
1026 2189 1204 2238 intelleehi.
1224 2193 1284 2222 Vei
1293 2186 1348 2221 sim
1359 2189 1390 2222 id
1404 2188 1462 2225 sae..

83 2234 186 2279 Peufii
195 2239 349 2284 venient
361 2238 453 2277 verbi
470 2237 688 2277 controversia
704 2250 855 2289 torqueat
870 2239 1016 2278 homines
1033 2235 1250 2275 contentionis
1265 2248 1419 2273 amantes.
1442 2259 1445 2264 ·

1208 2437 1287 2485 vij
