1857 2745
571 136 619 171 M·
652 136 687 172 O
712 135 746 170 R
769 135 798 171 A
825 135 852 171 L
872 136 886 171 1
911 136 952 172 Sl.
1411 148 1449 178 26

65 184 210 224 virtualis
223 184 517 223 omninosufficiat.
524 184 660 233 Alioqui
670 184 874 221 intellectum
885 184 987 234 ipsum
996 213 1006 228 ,
1022 183 1272 222 &voluntatem
1285 187 1319 222 in
1327 184 1403 222 alias
1416 154 1464 223 sei

63 236 208 272 cabfomus
224 238 310 271 vires
326 250 334 272 ι
354 238 398 272 im
414 247 450 271 ut
474 234 537 270 alia
548 234 585 269 fit
595 237 644 270 vis
660 237 747 283 perci
773 235 882 278 iendi,
913 234 975 270 alia
982 235 1145 283 judicandi
1162 263 1173 278 ,
1199 247 1255 269 aut
1264 238 1463 274 ratiocinan-

61 286 104 320 di.
123 283 224 332 Qod
240 284 261 319 fi
274 288 331 320 iux-
342 297 500 334 corporea
519 282 595 320 curn
613 285 727 319 eadem
743 247 779 318 (ist
794 288 826 321 &
840 282 973 332 finiplex
988 313 997 328 ‚
1020 294 1142 319 tantam
1162 282 1338 323 efficimini
1353 288 1462 322 varie-

2 327 4 366 Ῐ
57 343 165 368 tatem
175 345 347 382 procreatr,
364 335 471 370 multo
482 334 587 382 magis
598 335 706 369 anima
718 346 791 382 quae
812 331 959 382 spiritalis
970 333 1014 368 est
1026 339 1060 370 &
1077 331 1226 369 inseetilis
1238 363 1248 378 ,
1260 336 1293 369 in
1305 334 1397 383 plura
1407 335 1462 371 of.

0 391 5 401 ³
59 380 135 418 ficia
155 385 223 417 vim
240 382 327 418 suam
352 383 532 432 impendet.-

0 418 5 436 ι
76 431 271 480 Opp.²..rem
282 433 420 467 eandem
433 445 500 467 non
513 430 601 481 posse
613 430 699 468 simul
710 431 770 468 effe
784 435 816 468 in
829 434 902 468 netu
912 434 991 470 &in
1003 430 1305 481 potentiarespeffli
1314 432 1463 478 ejusdem.

59 480 124 515 Sed
134 481 222 528 quod
234 482 300 529 agit
315 510 325 525 ,
346 481 432 516 estin
448 482 524 516 actu
542 482 598 525 3id
620 483 653 516 in
666 483 756 529 quod
774 494 822 516 res
841 484 918 531 agit,
936 482 983 516 est
997 485 1031 517 in
1046 484 1197 529 potentia
1214 509 1224 524 ,
1244 493 1314 516 cum
1327 485 1462 532 recipiat

59 538 186 564 tantum
203 541 303 578 :ergo
316 530 404 566 nulla
423 529 597 566 substantia
611 531 718 579 potest
737 533 770 566 in
783 530 916 579 seipsam
933 542 1030 579 agere
1059 545 1068 572 3
1096 541 1202 575 neque
1222 533 1329 566 anima
1351 534 1461 580 potest

57 575 121 613 effe
139 576 230 613 causa
245 581 394 626 proxima
409 578 532 614 suarum
548 581 796 628 operationum,
813 579 866 615 sed
884 581 1020 616 omnino
1044 576 1169 614 necesse
1179 578 1225 612 est
1239 592 1272 615 ut
1285 592 1343 628 pei·
1360 581 1461 618 facul.

59 636 152 661 tates>
167 626 188 663 ὲ.
204 625 235 662 se
260 628 431 664 distinctas»
442 639 603 675 operetur.
1443 650 1447 654 ·

94 676 288 725 Responderi
301 676 383 711 solet
397 676 522 712 causam
532 680 752 724 aequivocatm
777 683 862 728 cujus
872 679 998 727 generis
1008 677 1056 717 est
1067 679 1175 713 anima
1184 706 1195 721 ,
1209 677 1265 713 vel
1275 678 1461 726 substantia,

56 735 133 759 cum
141 726 249 773 agitin
260 723 390 773 seipsam
402 755 412 769 ,
434 723 524 761 simul
535 725 595 762 else
607 729 639 762 in
652 728 864 762 a&uvirtuali
876 756 885 770 ,
897 730 971 775 quia
988 729 1107 762 virtute
1126 730 1275 762 continet
1296 729 1462 776 effectum,

55 774 137 809 &in
148 776 298 821 potentia
310 773 441 809 formali
456 788 464 810 ε
483 786 519 809 ut
529 776 643 810 vinum
654 803 662 816 ‚
674 778 825 823 inquiunt
836 804 846 819 ,
855 776 908 811 est
919 775 1101 811 virtualiter
1109 775 1250 812 calidum
1260 805 1271 821 ,
1294 783 1328 815 ὅ(
1342 779 1463 816 forma-

54 820 130 865 litet
143 822 387 870 frigidumfied
402 823 610 858 commodior
621 822 783 873 responsio
802 824 911 859 futura
924 825 979 868 est,
996 822 1017 858 sl
1033 825 1209 859 dixerimus
1227 829 1370 865 animani
1383 830 1461 866 dum

55 871 125 918 agit
137 899 147 915 ‚
167 870 228 906 effe
239 873 272 906 in
281 872 358 907 ablu
367 869 572 919 simpliciter,
587 884 663 908 curn
676 874 786 908 existat
803 902 812 917 ,
830 878 864 910 &
886 875 918 908 in
937 876 1083 921 potentia
1100 873 1273 911 secundum
1295 879 1374 925 quid
1398 878 1461 914 res-

55 921 155 968 pecta
170 921 320 956 ειέὶἱτίοιῑίς.Δ
333 922 456 966 Neque
470 918 502 954 id
521 919 693 956 absurdum
713 923 840 956 est-rem
857 921 1001 968 aliquam
1016 921 1104 956 simul
1112 920 1172 957 esse
1183 924 1215 957 in
1228 927 1302 960 actu
1316 955 1326 967 ‚
1345 939 1460 973 quate-

55 980 114 1003 nus
129 969 234 1002 existit
248 997 259 1011 ,
282 973 317 1006 &
328 966 427 1002 visua
445 970 592 1003 continet
612 971 778 1005 atilionem
791 996 801 1010 ‚
819 974 854 1005 &
872 973 904 1004 in
920 973 1068 1016 potentia
1085 970 1232 1018 respefihi
1246 974 1459 1021 perfeetionis

56 1016 279 1053 accidentaria:
292 1031 301 1054 :
315 1029 390 1052 cum
407 1017 552 1053 actiones
561 1017 677 1053 vitales
691 1019 722 1054 in
733 1018 786 1053 suo
797 1019 958 1065 princip-io
971 1021 1197 1066 recipiantur,
1213 1033 1250 1056 ut
1268 1022 1346 1058 visio
1359 1026 1392 1060 in
1414 1027 1462 1061 vi-

53 1064 165 1101 dente.

103 1114 241 1160 Instanfi
256 1114 359 1153 Nulla
372 1127 422 1150 tes
437 1114 484 1149 est
501 1113 554 1149 sua
574 1115 661 1150 actio
673 1142 683 1156 ,
701 1124 738 1148 ut
753 1117 862 1150 anima
875 1127 940 1149 non
956 1115 997 1148 est
1013 1114 1061 1148 sua
1071 1115 1253 1151 intellectio
1268 1131 1275 1152 :
1295 1130 1374 1167 ergo
1386 1122 1458 1156 nul-

53 1161 88 1199 la
101 1174 151 1198 res
164 1163 229 1200 vel*
240 1163 417 1200 substantia
435 1165 498 1198 erit
512 1161 565 1198 sua
575 1166 624 1200 vis
639 1162 747 1198 aetiva
760 1191 770 1208 ,
792 1162 847 1199 seu
862 1164 1011 1213 potentia
1021 1166 1202 1211 operatrix:
1218 1177 1255 1202 ut
1266 1170 1374 1204 anima
1393 1183 1459 1206 non

56 1215 120 1248 exit
136 1212 411 1262 po'tentiavifivm
813 1252 816 1255 ,

91 1262 183 1312 Κιῇι.
196 1263 368 1311 Qiidquid
381 1262 417 1299 fit
431 1264 473 1299 de
481 1262 713 1306 antecedente,
724 1263 766 1298 de
778 1276 844 1312 quo
856 1261 947 1306 alibi,
958 1264 1068 1312 negari
1081 1262 1208 1313 conseq.
1225 1267 1324 1301 Affio
1334 1270 1457 1318 quippe

55 1323 127 1348 non
136 1313 179 1347 est
187 1313 266 1360 quid
277 1324 470 1361 permanens
483 1342 493 1357 ,
509 1324 564 1348 aut
574 1313 620 1347 rei
634 1312 853 1349 intrinsecum.
873 1312 936 1347 Sed
948 1314 995 1347 vis
1008 1313 1115 1346 affiva
1125 1314 1206 1350 nihil
1222 1315 1267 1349 est
1278 1328 1389 1363 praeter
1397 1331 1457 1353 en-

57 1362 187 1396 ritatem
197 1361 289 1410 ipsius
299 1361 395 1397 causae
408 1392 418 1406 ,
436 1372 598 1410 quatenus
616 1360 883 1397 ordinem-habet
901 1357 1099 1396 essentialem
1117 1362 1157 1396 ad
1181 1365 1214 1398 id
1231 1366 1318 1412 quod
1337 1367 1458 1413 produn

55 1411 86 1445 c-'i
100 1411 226 1457 potest:
249 1422 284 1446 ut
299 1410 482 1447 intellectus
499 1410 545 1445 est
562 1411 670 1445 anima
687 1409 752 1458 ipsa
760 1434 778 1454 -‚
792 1422 828 1445 ut
846 1408 1049 1445 essentialiter
1063 1409 1189 1459 respicit
1203 1413 1417 1463 intelligibile.

91 1457 320 1506 Qamobrem
335 1471 371 1494 ut
379 1461 424 1495 ad
436 1459 604 1495 facultates
624 1461 737 1493 animae
756 1459 945 1501 redeamuS,
965 1472 1061 1494 mens
1084 1459 1137 1494 seu
1156 1462 1339 1497 intellectus
1361 1464 1457 1500 rebus

57 1507 288 1556 cognoscendis
303 1536 312 1551 ‚
329 1509 477 1543 voluntas
487 1508 622 1555 agendis
633 1506 821 1550 destinatur.
847 1506 1032 1542 lntellectus
1051 1508 1094 1541 est
1111 1509 1203 1543 velut
1218 1513 1318 1544 animi
1331 1512 1456 1556 oculus,

56 1559 114 1604 qui
125 1558 271 1593 veritatis
288 1555 360 1591 luce
375 1554 550 1592 illustratus
560 1554 704 1589 ostendit
713 1554 790 1602 quid
803 1554 926 1602 fugere,
937 1556 1016 1601 quid
1035 1553 1120 1602 sequi
1132 1556 1320 1601 debeamus;
1336 1560 1456 1595 volun„

56 1608 284 1642 testationem·
297 1604 352 1640 fibi
366 1605 597 1656 praelucentem
611 1602 824 1651 subsequi-tur,
836 1608 870 1640 &
881 1615 1011 1638 caeteras
1029 1605 1127 1639 animi
1145 1609 1227 1641 vites
1238 1608 1278 1640 ad
1292 1611 1454 1656 agendum

54 1655 208 1704 applicat.
232 1655 290 1690 llle
312 1662 421 1697 terum·
438 1654 557 1690 fotmas
569 1682 579 1697 ,
593 1665 648 1688 aut
665 1655 822 1702 imagines
837 1651 876 1696 ad
890 1651 920 1686 se
932 1655 1041 1701 rapit}
1073 1653 1136 1688 haec
1153 1655 1276 1703 objeffl
1303 1656 1454 1693 bonitate

54 1703 200 1739 succensa
220 1702 308 1752 quasi
325 1716 414 1739 extra
423 1703 455 1738 se
467 1701 589 1752 profilit
600 1730 613 1747 Ι,
631 1713 667 1737 ut
681 1700 746 1737 fine
756 1707 791 1739 &
804 1700 1009 1750 perfectione
1024 1700 1075 1736 sua
1094 1702 1230 1739 fruatur.
1242 1729 1245 1732 -
1256 1707 1343 1741 Hinc
1367 1711 1453 1742 veri-

55 1753 155 1789 tasad
165 1753 369 1788 intellectum
383 1782 393 1797 ,
409 1752 540 1788 bonitas
552 1751 589 1786 ad
602 1750 807 1787 voluntatem
818 1752 961 1798 pertinet
976 1768 984 1794 3
998 1749 1050 1784 ille
1070 1754 1179 1787 omnia
1192 1755 1402 1803 circumspicit
1418 1762 1453 1794 &

54 1801 204 1851 explorat
219 1831 230 1846 ,
249 1802 314 1838 haec
330 1803 500 1852 negotium
509 1803 576 1850 agit
590 1823 612 1844 ,Δ
623 1799 776 1849 subjectas
794 1798 850 1835 sibi
867 1801 1031 1849 potentias
1045 1812 1159 1837 movet
1174 1830 1185 1846 ,
1212 1814 1280 1850 quo
1302 1805 1378 1840 illud
1393 1805 1454 1840 bo.

54 1858 131 1887 num
152 1856 238 1900 cujus
253 1859 366 1896 amore
383 1851 516 1900 flagrat,
535 1849 685 1898 consequi
697 1848 800 1898 poffit-
1094 1891 1097 1894 .

90 1901 200 1947 Atque
218 1899 279 1935 ista
291 1913 361 1947 quae
373 1899 471 1949 vulgo
486 1901 669 1948 jactantur,
690 1899 786 1936 facilev
811 1899 1040 1949 intelligimuS,
1065 1899 1086 1937 fi
1103 1903 1228 1939 animus
1256 1901 1320 1950 ipse
1344 1914 1452 1938 rerum

55 1948 212 1998 imagines
225 1949 380 1998 depingat
391 1979 400 1994 ,
416 1947 611 1998 cognoscat,
629 1960 704 1998 agat
718 1951 815 1985 etiarn
829 1976 840 1992 ‚
853 1949 904 1984 vel
917 1962 1051 1999 appetat
1071 1965 1078 1986 :
1106 1964 1172 1986 non
1187 1953 1267 1985 item
1284 1950 1305 1986 si
1320 1951 1452 1987 intelle..

57 1998 146 2041 &um
155 2003 190 2035 &
199 1997 404 2034 voluntatem
414 2011 450 2034 ut
459 2010 508 2033 tes
520 1997 676 2045 quasdam
684 2027 694 2042 ,
705 2010 760 2033 aut
771 1999 952 2033 accidentia
964 1999 1093 2048 physica
1106 2002 1334 2048 concipiamus.
1391 2014 1451 2035 uo-

56 2046 156 2082 modo
166 2049 255 2084 enim
271 2060 322 2083 tes
334 2059 437 2083 tantas
448 2047 597 2082 accidens
609 2075 618 2090 ,
629 2047 848 2096 quodcunque
859 2047 934 2083 illud
951 2050 1003 2093 sit,
1016 2049 1126 2084 moliri
1135 2060 1244 2096 queat,
1257 2049 1346 2084 nulla
1356 2063 1450 2089 rnen÷

59 2096 99 2130 tis
113 2094 292 2144 agitatione
300 2097 475 2146 comple&
490 2094 661 2144 possumus,
695 2099 808 2145 Itaque
824 2099 872 2132 vis
886 2096 941 2132 illa
954 2100 1054 2133 animi
1065 2111 1135 2146 quae
1147 2111 1185 2133 ex
1196 2109 1230 2132 re
1243 2101 1370 2147 cognita
1380 2109 1451 2135 tan-

57 2155 155 2191 quam
172 2143 260 2181 bona
271 2147 323 2181 vel
338 2146 422 2181 mala
443 2144 580 2180 afficitur
593 2152 627 2182 &
645 2158 870 2182 commovetur
884 2175 894 2190 ,
923 2150 1087 2195 appetitus
1106 2147 1171 2181 dici
1196 2146 1276 2182 solet
1290 2177 1300 2191 ‚
1319 2161 1374 2183 aut
1390 2162 1451 2184 vo—

59 2190 171 2231 luntas.
181 2197 271 2231 Nam
286 2194 345 2230 ubi
357 2207 407 2230 res
421 2194 643 2244 cognoscitur,
663 2207 725 2230 nec
739 2195 842 2231 habet
859 2194 916 2231 fibi
932 2197 1116 2244 adjunctam
1132 2194 1281 2231 boni-aut
1300 2197 1376 2232 mali
1390 2212 1450 2233 no-

5 2249 8 2278 !
62 2250 129 2275 tam
143 2269 152 2283 ,
165 2255 271 2291 neque
285 2245 325 2278 ad
336 2258 393 2281 nos
415 2245 551 2279 refertur
566 2273 576 2287 ,
594 2255 662 2279 turn
678 2243 878 2289 intellectus,
895 2257 951 2280 aut
978 2246 1168 2294 imaginatio
1184 2243 1249 2278 sola
1271 2258 1421 2293 operatur
1440 2262 1449 2283 :

8 2305 9 2339 ᾗ
62 2287 114 2323 sed
126 2288 180 2324 ubi
189 2304 238 2326 res
252 2304 308 2327 aut
317 2295 576 2337 commoda‚aut
588 2295 685 2329 noxia
697 2322 707 2337 ,
728 2299 761 2330 &
774 2295 813 2328 ad
828 2306 886 2328 nos
907 2296 1068 2341 pertinere
1081 2294 1239 2342 judicatur
1260 2322 1268 2333 ,
1298 2306 1366 2330 tum
1388 2309 1447 2342 ap-

7 2356 9 2367 ι
63 2339 183 2385 petitus
195 2340 398 2388 consequitur
406 2372 420 2395 f,
434 2344 489 2391 qui
500 2342 692 2391 plerumque
707 2355 778 2377 curn
799 2342 908 2387 aliqua
921 2345 1145 2377 commotione
1164 2346 1376 2393 conjungitur.
1398 2348 1449 2382 Ut

7 2381 10 2419 ἱ
64 2385 86 2422 fi
102 2388 172 2434 quis
192 2388 299 2470 aggliat
311 2390 444 2471 dlomum
456 2391 633 2442 ahquando
648 2389 875 2443 incendiogeffe
888 2389 1132 2440 consumptam,
1145 2402 1197 2475 ault
1207 2391 1375 2476 hlominem
1386 2392 1448 2431 effe

8 2442 9 2457 ³
246 2449 304 2474 om.
338 2465 346 2475 .
