<?xml version="1.0" encoding="UTF-8"?>
<!DOCTYPE html PUBLIC "-//W3C//DTD XHTML 1.0 Transitional//EN"
    "http://www.w3.org/TR/xhtml1/DTD/xhtml1-transitional.dtd">
<html xmlns="http://www.w3.org/1999/xhtml" xml:lang="en" lang="en">
 <head>
  <title>
</title>
<meta http-equiv="Content-Type" content="text/html;charset=utf-8" />
  <meta name='ocr-system' content='tesseract 3.04.00' />
  <meta name='ocr-capabilities' content='ocr_page ocr_carea ocr_par ocr_line ocrx_word'/>
</head>
<body>
  <div class='ocr_page' id='page_1' title='image "./philosophiavetus01duhauoft_0344.png"; bbox 0 0 1857 2745; ppageno 0'>
   <div class='ocr_carea' id='block_1_1' title="bbox 395 128 1354 198">
    <p class='ocr_par' dir='ltr' id='par_1_1' title="bbox 395 128 1354 198">
     <span class='ocr_line' id='line_1_1' title="bbox 395 128 1354 198; baseline 0.002 -20"><span class='ocrx_word' id='word_1_1' title='bbox 395 165 444 198; x_wconf 54' lang='lat' dir='ltr'>m</span> <span class='ocrx_word' id='word_1_2' title='bbox 841 128 1354 180; x_wconf 71' lang='lat' dir='ltr'>PHILOSOPHIA</span> 
     </span>
    </p>
   </div>
   <div class='ocr_carea' id='block_1_2' title="bbox 392 191 1846 392">
    <p class='ocr_par' dir='ltr' id='par_1_2' title="bbox 392 191 1857 392">
     <span class='ocr_line' id='line_1_2' title="bbox 395 191 1795 243; baseline -0.001 -10"><span class='ocrx_word' id='word_1_3' title='bbox 395 198 569 234; x_wconf 84' lang='lat' dir='ltr'>constitnit.</span> <span class='ocrx_word' id='word_1_4' title='bbox 584 191 779 231; x_wconf 87' lang='lat' dir='ltr'>Nominales</span> <span class='ocrx_word' id='word_1_5' title='bbox 793 193 826 226; x_wconf 88' lang='lat' dir='ltr'>in</span> <span class='ocrx_word' id='word_1_6' title='bbox 838 191 1011 228; x_wconf 90' lang='lat' dir='ltr'>voluntate</span> <span class='ocrx_word' id='word_1_7' title='bbox 1023 197 1058 229; x_wconf 72' lang='grc' dir='ltr'>ὃς</span> <span class='ocrx_word' id='word_1_8' title='bbox 1071 191 1229 229; x_wconf 82' lang='lat' dir='ltr'>sentiente</span> <span class='ocrx_word' id='word_1_9' title='bbox 1241 195 1391 242; x_wconf 90' lang='lat' dir='ltr'>appetitu</span> <span class='ocrx_word' id='word_1_10' title='bbox 1402 192 1629 229; x_wconf 86' lang='lat' dir='ltr'>fortitudinem</span> <span class='ocrx_word' id='word_1_11' title='bbox 1642 205 1684 229; x_wconf 82' lang='lat' dir='ltr'>ex</span> <span class='ocrx_word' id='word_1_12' title='bbox 1698 206 1795 243; x_wconf 74' lang='lat' dir='ltr'>aequo</span> 
     </span>
     <span class='ocr_line' id='line_1_3' title="bbox 393 240 1841 295; baseline -0.001 -14"><span class='ocrx_word' id='word_1_13' title='bbox 393 246 701 295; x_wconf 83' lang='lat' dir='ltr'>reponunt:Scotus</span> <span class='ocrx_word' id='word_1_14' title='bbox 721 254 773 276; x_wconf 88' lang='lat' dir='ltr'>eas</span> <span class='ocrx_word' id='word_1_15' title='bbox 793 240 995 290; x_wconf 82' lang='lat' dir='ltr'>potiffimum</span> <span class='ocrx_word' id='word_1_16' title='bbox 1013 243 1047 277; x_wconf 91' lang='lat' dir='ltr'>in</span> <span class='ocrx_word' id='word_1_17' title='bbox 1071 241 1263 286; x_wconf 81' lang='lat' dir='ltr'>voluntate,</span> <span class='ocrx_word' id='word_1_18' title='bbox 1283 246 1390 279; x_wconf 87' lang='lat' dir='ltr'>minus</span> <span class='ocrx_word' id='word_1_19' title='bbox 1410 245 1568 292; x_wconf 80' lang='lat' dir='ltr'>praecipue</span> <span class='ocrx_word' id='word_1_20' title='bbox 1593 245 1626 278; x_wconf 90' lang='lat' dir='ltr'>in</span> <span class='ocrx_word' id='word_1_21' title='bbox 1644 247 1794 293; x_wconf 68' lang='lat' dir='ltr'>appetitu</span> <span class='ocrx_word' id='word_1_22' title='bbox 1834 254 1841 271; x_wconf 26' lang='grc' dir='ltr'>’κ</span> 
     </span>
     <span class='ocr_line' id='line_1_4' title="bbox 393 290 1836 341; baseline -0.001 -11"><span class='ocrx_word' id='word_1_23' title='bbox 393 293 526 331; x_wconf 83' lang='lat' dir='ltr'>animali</span> <span class='ocrx_word' id='word_1_24' title='bbox 536 292 688 329; x_wconf 88' lang='lat' dir='ltr'>collocat.</span> <span class='ocrx_word' id='word_1_25' title='bbox 708 290 819 335; x_wconf 84' lang='lat' dir='ltr'>Nobis</span> <span class='ocrx_word' id='word_1_26' title='bbox 830 294 889 340; x_wconf 86' lang='lat' dir='ltr'>qui</span> <span class='ocrx_word' id='word_1_27' title='bbox 907 291 1112 327; x_wconf 84' lang='lat' dir='ltr'>voluntatem</span> <span class='ocrx_word' id='word_1_28' title='bbox 1122 298 1154 330; x_wconf 68' lang='grc' dir='ltr'>ὃς</span> <span class='ocrx_word' id='word_1_29' title='bbox 1167 293 1370 329; x_wconf 70' lang='grc' dir='ltr'>ἰηπεῐΙεᾶιιιῃ</span> <span class='ocrx_word' id='word_1_30' title='bbox 1384 305 1494 341; x_wconf 89' lang='lat' dir='ltr'>neque</span> <span class='ocrx_word' id='word_1_31' title='bbox 1515 291 1557 326; x_wconf 92' lang='lat' dir='ltr'>ab</span> <span class='ocrx_word' id='word_1_32' title='bbox 1575 294 1684 328; x_wconf 83' lang='lat' dir='ltr'>anima</span> <span class='ocrx_word' id='word_1_33' title='bbox 1698 322 1708 337; x_wconf 91' lang='lat'>,</span> <span class='ocrx_word' id='word_1_34' title='bbox 1721 306 1783 329; x_wconf 86' lang='lat' dir='ltr'>ne·-</span> <span class='ocrx_word' id='word_1_35' title='bbox 1833 307 1836 332; x_wconf 65' lang='grc' dir='ltr'><em>ι</em></span> 
     </span>
     <span class='ocr_line' id='line_1_5' title="bbox 392 340 1846 392; baseline -0.001 -14"><span class='ocrx_word' id='word_1_36' title='bbox 392 356 458 392; x_wconf 89' lang='lat' dir='ltr'>que</span> <span class='ocrx_word' id='word_1_37' title='bbox 494 345 579 378; x_wconf 88' lang='lat' dir='ltr'>inter</span> <span class='ocrx_word' id='word_1_38' title='bbox 603 341 634 377; x_wconf 90' lang='lat' dir='ltr'>se</span> <span class='ocrx_word' id='word_1_39' title='bbox 653 340 849 391; x_wconf 83' lang='lat' dir='ltr'>sejungimus</span> <span class='ocrx_word' id='word_1_40' title='bbox 864 370 874 386; x_wconf 91' lang='lat'>‚</span> <span class='ocrx_word' id='word_1_41' title='bbox 890 340 1012 377; x_wconf 86' lang='lat' dir='ltr'>inutilis</span> <span class='ocrx_word' id='word_1_42' title='bbox 1037 354 1122 390; x_wconf 90' lang='lat' dir='ltr'>pene</span> <span class='ocrx_word' id='word_1_43' title='bbox 1137 343 1265 379; x_wconf 87' lang='lat' dir='ltr'>videtur</span> <span class='ocrx_word' id='word_1_44' title='bbox 1286 341 1525 379; x_wconf 84' lang='lat' dir='ltr'>controversia:</span> <span class='ocrx_word' id='word_1_45' title='bbox 1541 342 1632 389; x_wconf 89' lang='lat' dir='ltr'>quod</span> <span class='ocrx_word' id='word_1_46' title='bbox 1645 340 1666 377; x_wconf 80' lang='lat' dir='ltr'>si</span> <span class='ocrx_word' id='word_1_47' title='bbox 1682 354 1796 389; x_wconf 55' lang='lat' dir='ltr'>tamer.)¹</span> <span class='ocrx_word' id='word_1_48' title='bbox 1831 350 1846 384; x_wconf 50' lang='lat' dir='ltr'><em>f</em></span> 
     </span>
    </p>
   </div>
   <div class='ocr_carea' id='block_1_3' title="bbox 393 389 1588 441">
    <p class='ocr_par' dir='ltr' id='par_1_3' title="bbox 393 389 1588 441">
     <span class='ocr_line' id='line_1_6' title="bbox 393 389 1588 441; baseline -0.003 -12"><span class='ocrx_word' id='word_1_49' title='bbox 393 394 555 430; x_wconf 80' lang='lat' dir='ltr'>unaexiis</span> <span class='ocrx_word' id='word_1_50' title='bbox 577 392 719 429; x_wconf 89' lang='lat' dir='ltr'>tenenda</span> <span class='ocrx_word' id='word_1_51' title='bbox 729 392 795 436; x_wconf 82' lang='lat' dir='ltr'>est,</span> <span class='ocrx_word' id='word_1_52' title='bbox 816 393 852 428; x_wconf 86' lang='lat' dir='ltr'>in</span> <span class='ocrx_word' id='word_1_53' title='bbox 869 393 959 427; x_wconf 88' lang='lat' dir='ltr'>Sc0ti</span> <span class='ocrx_word' id='word_1_54' title='bbox 975 389 1136 428; x_wconf 87' lang='lat' dir='ltr'>sententia</span> <span class='ocrx_word' id='word_1_55' title='bbox 1157 390 1399 441; x_wconf 73' lang='lat' dir='ltr'>acquiescimus,</span> <span class='ocrx_word' id='word_1_56' title='bbox 1422 395 1472 428; x_wconf 86' lang='lat' dir='ltr'>Sit</span> <span class='ocrx_word' id='word_1_57' title='bbox 1491 393 1588 441; x_wconf 83' lang='lat' dir='ltr'>igitur</span> 
     </span>
    </p>
   </div>
   <div class='ocr_carea' id='block_1_4' title="bbox 916 491 1266 539">
    <p class='ocr_par' dir='ltr' id='par_1_4' title="bbox 916 491 1266 539">
     <span class='ocr_line' id='line_1_7' title="bbox 916 491 1266 539; baseline 0.014 -15"><span class='ocrx_word' id='word_1_58' title='bbox 916 491 1067 526; x_wconf 74' lang='lat' dir='ltr'>Secunda</span> <span class='ocrx_word' id='word_1_59' title='bbox 1092 491 1266 539; x_wconf 82' lang='lat' dir='ltr'>Conclufio.</span> 
     </span>
    </p>
   </div>
   <div class='ocr_carea' id='block_1_5' title="bbox 426 589 1799 641">
    <p class='ocr_par' dir='ltr' id='par_1_5' title="bbox 426 589 1840 641">
     <span class='ocr_line' id='line_1_8' title="bbox 426 589 1799 641; baseline -0.003 -14"><span class='ocrx_word' id='word_1_60' title='bbox 426 594 575 630; x_wconf 89' lang='lat' dir='ltr'>Virtutes</span> <span class='ocrx_word' id='word_1_61' title='bbox 592 593 625 627; x_wconf 87' lang='lat' dir='ltr'>in</span> <span class='ocrx_word' id='word_1_62' title='bbox 636 601 728 641; x_wconf 85' lang='lat' dir='ltr'>parte</span> <span class='ocrx_word' id='word_1_63' title='bbox 746 590 860 626; x_wconf 85' lang='lat' dir='ltr'>animae</span> <span class='ocrx_word' id='word_1_64' title='bbox 881 589 1032 625; x_wconf 81' lang='lat' dir='ltr'>rationali</span> <span class='ocrx_word' id='word_1_65' title='bbox 1051 591 1209 639; x_wconf 89' lang='lat' dir='ltr'>praecipue</span> <span class='ocrx_word' id='word_1_66' title='bbox 1229 590 1390 626; x_wconf 85' lang='lat' dir='ltr'>inhaerent</span> <span class='ocrx_word' id='word_1_67' title='bbox 1402 620 1412 636; x_wconf 95' lang='lat'>,</span> <span class='ocrx_word' id='word_1_68' title='bbox 1433 594 1468 628; x_wconf 90' lang='lat' dir='ltr'>in</span> <span class='ocrx_word' id='word_1_69' title='bbox 1483 601 1577 640; x_wconf 85' lang='lat' dir='ltr'>parte</span> <span class='ocrx_word' id='word_1_70' title='bbox 1592 591 1726 628; x_wconf 81' lang='lat' dir='ltr'>animali</span> <span class='ocrx_word' id='word_1_71' title='bbox 1742 597 1799 630; x_wconf 68' lang='lat' dir='ltr'>aue</span> 
     </span>
    </p>
   </div>
   <div class='ocr_carea' id='block_1_6' title="bbox 392 639 1797 739">
    <p class='ocr_par' dir='ltr' id='par_1_6' title="bbox 392 639 1797 739">
     <span class='ocr_line' id='line_1_9' title="bbox 392 639 1200 689; baseline -0.004 -11"><span class='ocrx_word' id='word_1_72' title='bbox 392 641 555 680; x_wconf 87' lang='lat' dir='ltr'>sentiente</span> <span class='ocrx_word' id='word_1_73' title='bbox 566 643 670 678; x_wconf 86' lang='lat' dir='ltr'>minus</span> <span class='ocrx_word' id='word_1_74' title='bbox 680 642 812 689; x_wconf 83' lang='lat' dir='ltr'>proprie</span> <span class='ocrx_word' id='word_1_75' title='bbox 821 641 915 675; x_wconf 63' lang='lat' dir='ltr'>dietae</span> <span class='ocrx_word' id='word_1_76' title='bbox 932 642 1071 675; x_wconf 84' lang='lat' dir='ltr'>virtutes</span> <span class='ocrx_word' id='word_1_77' title='bbox 1082 639 1200 676; x_wconf 85' lang='lat' dir='ltr'>insunt.</span> 
     </span>
     <span class='ocr_line' id='line_1_10' title="bbox 425 688 1797 739; baseline 0.001 -13"><span class='ocrx_word' id='word_1_78' title='bbox 425 691 522 728; x_wconf 86' lang='lat' dir='ltr'><em>Prob.</em></span> <span class='ocrx_word' id='word_1_79' title='bbox 542 691 649 727; x_wconf 76' lang='lat' dir='ltr'>Com-l.</span> <span class='ocrx_word' id='word_1_80' title='bbox 672 690 775 739; x_wconf 83' lang='lat' dir='ltr'>Qiod</span> <span class='ocrx_word' id='word_1_81' title='bbox 788 692 985 738; x_wconf 70' lang='lat' dir='ltr'>praecipuum</span> <span class='ocrx_word' id='word_1_82' title='bbox 997 689 1042 724; x_wconf 90' lang='lat' dir='ltr'>est</span> <span class='ocrx_word' id='word_1_83' title='bbox 1056 692 1089 725; x_wconf 91' lang='lat' dir='ltr'>in</span> <span class='ocrx_word' id='word_1_84' title='bbox 1104 691 1227 724; x_wconf 87' lang='lat' dir='ltr'>virtute</span> <span class='ocrx_word' id='word_1_85' title='bbox 1244 719 1254 733; x_wconf 95' lang='lat'>‚</span> <span class='ocrx_word' id='word_1_86' title='bbox 1268 690 1316 724; x_wconf 92' lang='lat' dir='ltr'>est</span> <span class='ocrx_word' id='word_1_87' title='bbox 1328 692 1417 726; x_wconf 65' lang='lat' dir='ltr'>reeta</span> <span class='ocrx_word' id='word_1_88' title='bbox 1429 691 1513 724; x_wconf 90' lang='lat' dir='ltr'>ratio</span> <span class='ocrx_word' id='word_1_89' title='bbox 1524 719 1534 733; x_wconf 95' lang='lat'>,</span> <span class='ocrx_word' id='word_1_90' title='bbox 1552 688 1605 724; x_wconf 91' lang='lat' dir='ltr'>seu</span> <span class='ocrx_word' id='word_1_91' title='bbox 1624 691 1797 737; x_wconf 86' lang='lat' dir='ltr'>prudentia</span> 
     </span>
    </p>
   </div>
   <div class='ocr_carea' id='block_1_7' title="bbox 390 737 1833 838">
    <p class='ocr_par' dir='ltr' id='par_1_7' title="bbox 390 735 1839 839">
     <span class='ocr_line' id='line_1_11' title="bbox 391 737 1796 788; baseline -0.001 -10"><span class='ocrx_word' id='word_1_92' title='bbox 391 745 427 778; x_wconf 91' lang='lat'>&amp;</span> <span class='ocrx_word' id='word_1_93' title='bbox 445 741 527 776; x_wconf 82' lang='lat' dir='ltr'>ordo</span> <span class='ocrx_word' id='word_1_94' title='bbox 549 740 592 775; x_wconf 86' lang='lat' dir='ltr'>ad</span> <span class='ocrx_word' id='word_1_95' title='bbox 614 738 742 776; x_wconf 87' lang='lat' dir='ltr'>bonum</span> <span class='ocrx_word' id='word_1_96' title='bbox 763 745 797 777; x_wconf 92' lang='lat'><strong>&amp;</strong></span> <span class='ocrx_word' id='word_1_97' title='bbox 810 739 984 775; x_wconf 87' lang='lat' dir='ltr'>honestum</span> <span class='ocrx_word' id='word_1_98' title='bbox 1010 737 1109 774; x_wconf 85' lang='lat' dir='ltr'>finem</span> <span class='ocrx_word' id='word_1_99' title='bbox 1128 751 1135 773; x_wconf 68' lang='grc' dir='ltr'><strong><em>ι</em></strong></span> <span class='ocrx_word' id='word_1_100' title='bbox 1152 738 1204 773; x_wconf 91' lang='lat' dir='ltr'>sed</span> <span class='ocrx_word' id='word_1_101' title='bbox 1218 751 1256 772; x_wconf 85' lang='lat' dir='ltr'>ea</span> <span class='ocrx_word' id='word_1_102' title='bbox 1270 739 1317 773; x_wconf 89' lang='lat' dir='ltr'>est</span> <span class='ocrx_word' id='word_1_103' title='bbox 1329 741 1360 775; x_wconf 93' lang='lat' dir='ltr'>in</span> <span class='ocrx_word' id='word_1_104' title='bbox 1372 751 1463 788; x_wconf 88' lang='lat' dir='ltr'>parte</span> <span class='ocrx_word' id='word_1_105' title='bbox 1473 738 1612 774; x_wconf 86' lang='lat' dir='ltr'>hominis</span> <span class='ocrx_word' id='word_1_106' title='bbox 1623 740 1796 776; x_wconf 79' lang='lat' dir='ltr'>rationali:</span> 
     </span>
     <span class='ocr_line' id='line_1_12' title="bbox 390 786 1833 838; baseline 0.001 -14"><span class='ocrx_word' id='word_1_107' title='bbox 390 792 541 838; x_wconf 85' lang='lat' dir='ltr'>quamvis</span> <span class='ocrx_word' id='word_1_108' title='bbox 554 788 694 824; x_wconf 85' lang='lat' dir='ltr'>facilitas</span> <span class='ocrx_word' id='word_1_109' title='bbox 707 789 762 824; x_wconf 88' lang='lat' dir='ltr'>usu</span> <span class='ocrx_word' id='word_1_110' title='bbox 781 799 971 837; x_wconf 84' lang='lat' dir='ltr'>comparata</span> <span class='ocrx_word' id='word_1_111' title='bbox 987 789 1029 823; x_wconf 83' lang='lat' dir='ltr'>ad</span> <span class='ocrx_word' id='word_1_112' title='bbox 1043 789 1111 824; x_wconf 87' lang='lat' dir='ltr'>vim</span> <span class='ocrx_word' id='word_1_113' title='bbox 1125 786 1339 832; x_wconf 84' lang='lat' dir='ltr'>sentientem,</span> <span class='ocrx_word' id='word_1_114' title='bbox 1360 791 1429 823; x_wconf 83' lang='lat' dir='ltr'>imo</span> <span class='ocrx_word' id='word_1_115' title='bbox 1445 788 1485 822; x_wconf 84' lang='lat' dir='ltr'>ad</span> <span class='ocrx_word' id='word_1_116' title='bbox 1499 801 1614 837; x_wconf 85' lang='lat' dir='ltr'>corpus</span> <span class='ocrx_word' id='word_1_117' title='bbox 1632 789 1797 836; x_wconf 51' lang='lat' dir='ltr'>quodam„</span> <span class='ocrx_word' id='word_1_118' title='bbox 1831 818 1833 827; x_wconf 75' lang='grc'>,</span> 
     </span>
    </p>
   </div>
   <div class='ocr_carea' id='block_1_8' title="bbox 390 840 678 888">
    <p class='ocr_par' dir='ltr' id='par_1_8' title="bbox 390 840 678 888">
     <span class='ocr_line' id='line_1_13' title="bbox 390 840 678 888; baseline 0.003 -14"><span class='ocrx_word' id='word_1_119' title='bbox 390 840 492 874; x_wconf 87' lang='lat' dir='ltr'>modo</span> <span class='ocrx_word' id='word_1_120' title='bbox 506 841 678 888; x_wconf 75' lang='lat' dir='ltr'>pertineat.</span> 
     </span>
    </p>
   </div>
   <div class='ocr_carea' id='block_1_9' title="bbox 390 886 1839 1036">
    <p class='ocr_par' dir='ltr' id='par_1_9' title="bbox 390 886 1839 1036">
     <span class='ocr_line' id='line_1_14' title="bbox 426 886 1839 937; baseline -0.002 -15"><span class='ocrx_word' id='word_1_121' title='bbox 426 889 550 930; x_wconf 62' lang='lat' dir='ltr'>Confi-st,</span> <span class='ocrx_word' id='word_1_122' title='bbox 568 890 743 937; x_wconf 84' lang='lat' dir='ltr'>Proprium</span> <span class='ocrx_word' id='word_1_123' title='bbox 761 894 796 926; x_wconf 88' lang='lat'>&amp;</span> <span class='ocrx_word' id='word_1_124' title='bbox 817 888 956 924; x_wconf 86' lang='lat' dir='ltr'>formale</span> <span class='ocrx_word' id='word_1_125' title='bbox 967 890 1097 924; x_wconf 84' lang='lat' dir='ltr'>virtutis</span> <span class='ocrx_word' id='word_1_126' title='bbox 1109 887 1277 936; x_wconf 68' lang='lat' dir='ltr'>obJectum</span> <span class='ocrx_word' id='word_1_127' title='bbox 1290 888 1336 921; x_wconf 90' lang='lat' dir='ltr'>est</span> <span class='ocrx_word' id='word_1_128' title='bbox 1347 886 1533 930; x_wconf 82' lang='lat' dir='ltr'>honestum,</span> <span class='ocrx_word' id='word_1_129' title='bbox 1551 897 1711 934; x_wconf 85' lang='lat' dir='ltr'>quatenus</span> <span class='ocrx_word' id='word_1_130' title='bbox 1732 886 1797 922; x_wconf 76' lang='lat' dir='ltr'>ho.&#39;</span> <span class='ocrx_word' id='word_1_131' title='bbox 1832 898 1839 910; x_wconf 56' lang='grc' dir='ltr'>τ’</span> 
     </span>
     <span class='ocr_line' id='line_1_15' title="bbox 390 934 1839 986; baseline -0.002 -13"><span class='ocrx_word' id='word_1_132' title='bbox 390 938 520 973; x_wconf 84' lang='lat' dir='ltr'>nestum</span> <span class='ocrx_word' id='word_1_133' title='bbox 533 938 579 972; x_wconf 91' lang='lat' dir='ltr'>est</span> <span class='ocrx_word' id='word_1_134' title='bbox 591 953 599 974; x_wconf 92' lang='lat'><strong>:</strong></span> <span class='ocrx_word' id='word_1_135' title='bbox 609 937 662 972; x_wconf 92' lang='lat' dir='ltr'>sed</span> <span class='ocrx_word' id='word_1_136' title='bbox 675 937 754 972; x_wconf 87' lang='lat' dir='ltr'>illud</span> <span class='ocrx_word' id='word_1_137' title='bbox 768 950 836 973; x_wconf 90' lang='lat' dir='ltr'>non</span> <span class='ocrx_word' id='word_1_138' title='bbox 847 940 990 986; x_wconf 83' lang='lat' dir='ltr'>pertinet</span> <span class='ocrx_word' id='word_1_139' title='bbox 999 938 1039 971; x_wconf 86' lang='lat' dir='ltr'>ad</span> <span class='ocrx_word' id='word_1_140' title='bbox 1051 939 1236 985; x_wconf 85' lang='lat' dir='ltr'>appetitum</span> <span class='ocrx_word' id='word_1_141' title='bbox 1248 936 1443 971; x_wconf 84' lang='lat' dir='ltr'>sentientem</span> <span class='ocrx_word' id='word_1_142' title='bbox 1456 965 1466 979; x_wconf 84' lang='lat'>‚</span> <span class='ocrx_word' id='word_1_143' title='bbox 1478 949 1553 972; x_wconf 88' lang='lat' dir='ltr'>cum</span> <span class='ocrx_word' id='word_1_144' title='bbox 1568 949 1634 971; x_wconf 90' lang='lat' dir='ltr'>non</span> <span class='ocrx_word' id='word_1_145' title='bbox 1653 934 1691 971; x_wconf 85' lang='lat' dir='ltr'>fit</span> <span class='ocrx_word' id='word_1_146' title='bbox 1703 935 1798 971; x_wconf 71' lang='lat' dir='ltr'>senfi-</span> <span class='ocrx_word' id='word_1_147' title='bbox 1831 945 1839 950; x_wconf 76' lang='grc'>’</span> 
     </span>
     <span class='ocr_line' id='line_1_16' title="bbox 391 983 1797 1036; baseline -0.001 -16"><span class='ocrx_word' id='word_1_148' title='bbox 391 985 462 1022; x_wconf 91' lang='lat' dir='ltr'>bile</span> <span class='ocrx_word' id='word_1_149' title='bbox 475 1002 482 1023; x_wconf 90' lang='lat'><strong>:</strong></span> <span class='ocrx_word' id='word_1_150' title='bbox 494 999 572 1036; x_wconf 85' lang='lat' dir='ltr'>ergo</span> <span class='ocrx_word' id='word_1_151' title='bbox 588 989 686 1022; x_wconf 87' lang='lat' dir='ltr'>virtus</span> <span class='ocrx_word' id='word_1_152' title='bbox 697 987 737 1021; x_wconf 91' lang='lat' dir='ltr'>ad</span> <span class='ocrx_word' id='word_1_153' title='bbox 748 989 910 1023; x_wconf 88' lang='lat' dir='ltr'>rationem</span> <span class='ocrx_word' id='word_1_154' title='bbox 927 992 961 1023; x_wconf 72' lang='grc' dir='ltr'>δε</span> <span class='ocrx_word' id='word_1_155' title='bbox 975 985 1182 1023; x_wconf 85' lang='lat' dir='ltr'>voluntatem</span> <span class='ocrx_word' id='word_1_156' title='bbox 1193 987 1334 1021; x_wconf 84' lang='lat' dir='ltr'>maxime</span> <span class='ocrx_word' id='word_1_157' title='bbox 1343 987 1490 1034; x_wconf 80' lang='lat' dir='ltr'>pertinet</span> <span class='ocrx_word' id='word_1_158' title='bbox 1499 1015 1510 1030; x_wconf 91' lang='lat'>‚</span> <span class='ocrx_word' id='word_1_159' title='bbox 1522 999 1590 1022; x_wconf 89' lang='lat' dir='ltr'>non</span> <span class='ocrx_word' id='word_1_160' title='bbox 1602 985 1641 1019; x_wconf 86' lang='lat' dir='ltr'>ad</span> <span class='ocrx_word' id='word_1_161' title='bbox 1657 983 1797 1027; x_wconf 57' lang='lat' dir='ltr'>sennen-3</span> 
     </span>
    </p>
   </div>
   <div class='ocr_carea' id='block_1_10' title="bbox 393 1037 675 1084">
    <p class='ocr_par' dir='ltr' id='par_1_10' title="bbox 393 1037 675 1084">
     <span class='ocr_line' id='line_1_17' title="bbox 393 1037 675 1084; baseline 0.007 -15"><span class='ocrx_word' id='word_1_162' title='bbox 393 1046 463 1070; x_wconf 87' lang='lat' dir='ltr'>tem</span> <span class='ocrx_word' id='word_1_163' title='bbox 479 1037 675 1084; x_wconf 86' lang='lat' dir='ltr'>appetitum.</span> 
     </span>
    </p>
   </div>
   <div class='ocr_carea' id='block_1_11' title="bbox 389 1077 1839 1475">
    <p class='ocr_par' dir='ltr' id='par_1_11' title="bbox 389 1077 1839 1475">
     <span class='ocr_line' id='line_1_18' title="bbox 427 1077 1839 1132; baseline 0 -14"><span class='ocrx_word' id='word_1_164' title='bbox 427 1084 547 1130; x_wconf 86' lang='lat' dir='ltr'>Confir.</span> <span class='ocrx_word' id='word_1_165' title='bbox 559 1088 677 1119; x_wconf 80' lang='lat' dir='ltr'>iterum</span> <span class='ocrx_word' id='word_1_166' title='bbox 698 1085 825 1119; x_wconf 83' lang='lat' dir='ltr'>ratione</span> <span class='ocrx_word' id='word_1_167' title='bbox 837 1096 899 1130; x_wconf 91' lang='lat' dir='ltr'>qua</span> <span class='ocrx_word' id='word_1_168' title='bbox 912 1083 976 1132; x_wconf 88' lang='lat' dir='ltr'>ipse</span> <span class='ocrx_word' id='word_1_169' title='bbox 991 1087 1035 1120; x_wconf 94' lang='lat' dir='ltr'>D.</span> <span class='ocrx_word' id='word_1_170' title='bbox 1051 1083 1198 1118; x_wconf 86' lang='lat' dir='ltr'>Thomas</span> <span class='ocrx_word' id='word_1_171' title='bbox 1210 1085 1310 1119; x_wconf 80' lang='lat' dir='ltr'>utitur</span> <span class='ocrx_word' id='word_1_172' title='bbox 1325 1097 1332 1119; x_wconf 93' lang='lat'><strong>:</strong></span> <span class='ocrx_word' id='word_1_173' title='bbox 1355 1095 1429 1117; x_wconf 90' lang='lat' dir='ltr'>cum</span> <span class='ocrx_word' id='word_1_174' title='bbox 1445 1083 1514 1117; x_wconf 84' lang='lat' dir='ltr'>duae</span> <span class='ocrx_word' id='word_1_175' title='bbox 1535 1081 1605 1118; x_wconf 91' lang='lat' dir='ltr'>sunt</span> <span class='ocrx_word' id='word_1_176' title='bbox 1623 1080 1794 1118; x_wconf 84' lang='lat' dir='ltr'>facultates</span> <span class='ocrx_word' id='word_1_177' title='bbox 1831 1077 1839 1122; x_wconf 50' lang='lat' dir='ltr'>J</span> 
     </span>
     <span class='ocr_line' id='line_1_19' title="bbox 389 1131 1832 1181; baseline 0 -13"><span class='ocrx_word' id='word_1_178' title='bbox 389 1145 527 1181; x_wconf 87' lang='lat' dir='ltr'>quarum</span> <span class='ocrx_word' id='word_1_179' title='bbox 545 1144 699 1168; x_wconf 87' lang='lat' dir='ltr'>movetur</span> <span class='ocrx_word' id='word_1_180' title='bbox 710 1144 773 1166; x_wconf 88' lang='lat' dir='ltr'>una</span> <span class='ocrx_word' id='word_1_181' title='bbox 784 1161 793 1174; x_wconf 90' lang='lat'>‚</span> <span class='ocrx_word' id='word_1_182' title='bbox 808 1143 923 1167; x_wconf 88' lang='lat' dir='ltr'>movet</span> <span class='ocrx_word' id='word_1_183' title='bbox 936 1131 1038 1166; x_wconf 85' lang='lat' dir='ltr'>altera</span> <span class='ocrx_word' id='word_1_184' title='bbox 1051 1161 1060 1176; x_wconf 87' lang='lat'>‚</span> <span class='ocrx_word' id='word_1_185' title='bbox 1074 1143 1143 1167; x_wconf 88' lang='lat' dir='ltr'>tum</span> <span class='ocrx_word' id='word_1_186' title='bbox 1161 1132 1292 1168; x_wconf 86' lang='lat' dir='ltr'>habitus</span> <span class='ocrx_word' id='word_1_187' title='bbox 1307 1135 1458 1181; x_wconf 83' lang='lat' dir='ltr'>princeps</span> <span class='ocrx_word' id='word_1_188' title='bbox 1473 1133 1514 1166; x_wconf 90' lang='lat' dir='ltr'>ad</span> <span class='ocrx_word' id='word_1_189' title='bbox 1531 1133 1598 1167; x_wconf 89' lang='lat' dir='ltr'>vim</span> <span class='ocrx_word' id='word_1_190' title='bbox 1609 1131 1701 1167; x_wconf 85' lang='lat' dir='ltr'>illam</span> <span class='ocrx_word' id='word_1_191' title='bbox 1717 1145 1793 1180; x_wconf 82' lang='lat' dir='ltr'>quae</span> <span class='ocrx_word' id='word_1_192' title='bbox 1831 1156 1832 1160; x_wconf 60' lang='lat'><em>=</em></span> 
     </span>
     <span class='ocr_line' id='line_1_20' title="bbox 390 1181 1832 1230; baseline 0 -14"><span class='ocrx_word' id='word_1_193' title='bbox 390 1193 504 1217; x_wconf 88' lang='lat' dir='ltr'>movet</span> <span class='ocrx_word' id='word_1_194' title='bbox 518 1210 528 1224; x_wconf 92' lang='lat'>‚</span> <span class='ocrx_word' id='word_1_195' title='bbox 543 1184 671 1229; x_wconf 89' lang='lat' dir='ltr'>potiore</span> <span class='ocrx_word' id='word_1_196' title='bbox 680 1185 752 1228; x_wconf 86' lang='lat' dir='ltr'>jure</span> <span class='ocrx_word' id='word_1_197' title='bbox 768 1183 922 1228; x_wconf 88' lang='lat' dir='ltr'>pertinet.</span> <span class='ocrx_word' id='word_1_198' title='bbox 946 1182 1050 1228; x_wconf 89' lang='lat' dir='ltr'>Atqui</span> <span class='ocrx_word' id='word_1_199' title='bbox 1068 1181 1132 1216; x_wconf 91' lang='lat' dir='ltr'>duo</span> <span class='ocrx_word' id='word_1_200' title='bbox 1151 1184 1315 1230; x_wconf 85' lang='lat' dir='ltr'>appetitus</span> <span class='ocrx_word' id='word_1_201' title='bbox 1334 1181 1498 1216; x_wconf 71' lang='lat' dir='ltr'>rationalis</span> <span class='ocrx_word' id='word_1_202' title='bbox 1528 1186 1563 1218; x_wconf 88' lang='lat'>&amp;</span> <span class='ocrx_word' id='word_1_203' title='bbox 1585 1181 1734 1217; x_wconf 86' lang='lat' dir='ltr'>animalis</span> <span class='ocrx_word' id='word_1_204' title='bbox 1746 1183 1794 1216; x_wconf 90' lang='lat' dir='ltr'>ita.</span> <span class='ocrx_word' id='word_1_205' title='bbox 1831 1204 1832 1207; x_wconf 64' lang='lat'><em>=</em></span> 
     </span>
     <span class='ocr_line' id='line_1_21' title="bbox 391 1227 1839 1280; baseline 0 -15"><span class='ocrx_word' id='word_1_206' title='bbox 391 1230 422 1265; x_wconf 92' lang='lat' dir='ltr'>se</span> <span class='ocrx_word' id='word_1_207' title='bbox 436 1229 578 1274; x_wconf 76' lang='lat' dir='ltr'>habent,</span> <span class='ocrx_word' id='word_1_208' title='bbox 590 1242 627 1265; x_wconf 89' lang='lat' dir='ltr'>ut</span> <span class='ocrx_word' id='word_1_209' title='bbox 635 1229 800 1265; x_wconf 82' lang='lat' dir='ltr'>rationalis</span> <span class='ocrx_word' id='word_1_210' title='bbox 811 1259 821 1274; x_wconf 83' lang='lat'><strong>,</strong></span> <span class='ocrx_word' id='word_1_211' title='bbox 832 1227 887 1264; x_wconf 88' lang='lat' dir='ltr'>seu</span> <span class='ocrx_word' id='word_1_212' title='bbox 906 1230 1056 1265; x_wconf 86' lang='lat' dir='ltr'>voluntas</span> <span class='ocrx_word' id='word_1_213' title='bbox 1070 1243 1207 1267; x_wconf 89' lang='lat' dir='ltr'>moveat</span> <span class='ocrx_word' id='word_1_214' title='bbox 1223 1233 1406 1280; x_wconf 86' lang='lat' dir='ltr'>appetitum</span> <span class='ocrx_word' id='word_1_215' title='bbox 1422 1229 1618 1265; x_wconf 83' lang='lat' dir='ltr'>sentientem</span> <span class='ocrx_word' id='word_1_216' title='bbox 1629 1260 1640 1274; x_wconf 86' lang='lat'><em>‚</em></span> <span class='ocrx_word' id='word_1_217' title='bbox 1653 1232 1793 1279; x_wconf 83' lang='lat' dir='ltr'>imperio</span> <span class='ocrx_word' id='word_1_218' title='bbox 1831 1260 1839 1277; x_wconf 19' lang='lat'>¹</span> 
     </span>
     <span class='ocr_line' id='line_1_22' title="bbox 392 1278 1839 1329; baseline 0.001 -15"><span class='ocrx_word' id='word_1_219' title='bbox 392 1280 530 1328; x_wconf 83' lang='lat' dir='ltr'>quidem</span> <span class='ocrx_word' id='word_1_220' title='bbox 547 1293 617 1315; x_wconf 88' lang='lat' dir='ltr'>non</span> <span class='ocrx_word' id='word_1_221' title='bbox 630 1278 815 1327; x_wconf 88' lang='lat' dir='ltr'>despotico‚</span> <span class='ocrx_word' id='word_1_222' title='bbox 830 1281 879 1313; x_wconf 89' lang='lat' dir='ltr'>cui</span> <span class='ocrx_word' id='word_1_223' title='bbox 890 1278 1000 1314; x_wconf 85' lang='lat' dir='ltr'>obsisti</span> <span class='ocrx_word' id='word_1_224' title='bbox 1014 1293 1081 1316; x_wconf 87' lang='lat' dir='ltr'>non</span> <span class='ocrx_word' id='word_1_225' title='bbox 1096 1279 1191 1329; x_wconf 84' lang='lat' dir='ltr'>possit</span> <span class='ocrx_word' id='word_1_226' title='bbox 1204 1310 1213 1324; x_wconf 92' lang='lat'>,</span> <span class='ocrx_word' id='word_1_227' title='bbox 1227 1280 1276 1315; x_wconf 85' lang='lat' dir='ltr'>sed</span> <span class='ocrx_word' id='word_1_228' title='bbox 1289 1280 1424 1329; x_wconf 86' lang='lat' dir='ltr'>politico</span> <span class='ocrx_word' id='word_1_229' title='bbox 1435 1294 1447 1316; x_wconf 84' lang='lat'>·:</span> <span class='ocrx_word' id='word_1_230' title='bbox 1462 1292 1539 1328; x_wconf 81' lang='lat' dir='ltr'>ergo</span> <span class='ocrx_word' id='word_1_231' title='bbox 1551 1279 1688 1314; x_wconf 74' lang='lat' dir='ltr'>facilitas</span> <span class='ocrx_word' id='word_1_232' title='bbox 1702 1292 1793 1328; x_wconf 85' lang='lat' dir='ltr'>quae-</span> <span class='ocrx_word' id='word_1_233' title='bbox 1838 1290 1839 1325; x_wconf 78' lang='lat' dir='ltr'><strong>j</strong></span> 
     </span>
     <span class='ocr_line' id='line_1_23' title="bbox 389 1327 1839 1379; baseline 0.001 -16"><span class='ocrx_word' id='word_1_234' title='bbox 389 1329 466 1364; x_wconf 87' lang='lat' dir='ltr'>dam</span> <span class='ocrx_word' id='word_1_235' title='bbox 483 1331 518 1365; x_wconf 90' lang='lat' dir='ltr'>in</span> <span class='ocrx_word' id='word_1_236' title='bbox 536 1327 697 1364; x_wconf 86' lang='lat' dir='ltr'>sentiente</span> <span class='ocrx_word' id='word_1_237' title='bbox 712 1331 858 1377; x_wconf 86' lang='lat' dir='ltr'>appetitu</span> <span class='ocrx_word' id='word_1_238' title='bbox 871 1331 1043 1377; x_wconf 84' lang='lat' dir='ltr'>requiritur</span> <span class='ocrx_word' id='word_1_239' title='bbox 1058 1358 1064 1367; x_wconf 91' lang='lat'><em>,</em></span> <span class='ocrx_word' id='word_1_240' title='bbox 1078 1342 1150 1377; x_wconf 72' lang='lat' dir='ltr'>quat</span> <span class='ocrx_word' id='word_1_241' title='bbox 1159 1329 1213 1365; x_wconf 88' lang='lat' dir='ltr'>usu</span> <span class='ocrx_word' id='word_1_242' title='bbox 1227 1340 1454 1379; x_wconf 85' lang='lat' dir='ltr'>comparetur:</span> <span class='ocrx_word' id='word_1_243' title='bbox 1474 1328 1525 1363; x_wconf 85' lang='lat' dir='ltr'>sed</span> <span class='ocrx_word' id='word_1_244' title='bbox 1545 1327 1675 1363; x_wconf 78' lang='lat' dir='ltr'>habitus</span> <span class='ocrx_word' id='word_1_245' title='bbox 1694 1331 1788 1377; x_wconf 78' lang='lat' dir='ltr'>prin·</span> <span class='ocrx_word' id='word_1_246' title='bbox 1837 1338 1839 1354; x_wconf 77' lang='lat'><strong>¹</strong></span> 
     </span>
     <span class='ocr_line' id='line_1_24' title="bbox 390 1377 1833 1427; baseline 0.001 -15"><span class='ocrx_word' id='word_1_247' title='bbox 390 1391 466 1427; x_wconf 82' lang='lat' dir='ltr'>ceps</span> <span class='ocrx_word' id='word_1_248' title='bbox 481 1380 543 1413; x_wconf 85' lang='lat' dir='ltr'>erit</span> <span class='ocrx_word' id='word_1_249' title='bbox 560 1379 595 1414; x_wconf 89' lang='lat' dir='ltr'>in</span> <span class='ocrx_word' id='word_1_250' title='bbox 611 1377 781 1413; x_wconf 81' lang='lat' dir='ltr'>voluntate</span> <span class='ocrx_word' id='word_1_251' title='bbox 796 1408 806 1422; x_wconf 91' lang='lat'>‚</span> <span class='ocrx_word' id='word_1_252' title='bbox 825 1378 879 1412; x_wconf 91' lang='lat' dir='ltr'>seu</span> <span class='ocrx_word' id='word_1_253' title='bbox 893 1381 925 1414; x_wconf 92' lang='lat' dir='ltr'>in</span> <span class='ocrx_word' id='word_1_254' title='bbox 939 1389 1051 1413; x_wconf 89' lang='lat' dir='ltr'>mente</span> <span class='ocrx_word' id='word_1_255' title='bbox 1068 1378 1132 1427; x_wconf 89' lang='lat' dir='ltr'>ipsa</span> <span class='ocrx_word' id='word_1_256' title='bbox 1142 1409 1151 1423; x_wconf 87' lang='lat'>‚</span> <span class='ocrx_word' id='word_1_257' title='bbox 1174 1391 1209 1414; x_wconf 89' lang='lat' dir='ltr'>ut</span> <span class='ocrx_word' id='word_1_258' title='bbox 1224 1379 1312 1414; x_wconf 68' lang='lat' dir='ltr'>reeta</span> <span class='ocrx_word' id='word_1_259' title='bbox 1327 1380 1454 1413; x_wconf 84' lang='lat' dir='ltr'>tatione</span> <span class='ocrx_word' id='word_1_260' title='bbox 1469 1378 1579 1412; x_wconf 85' lang='lat' dir='ltr'>utitur.</span> <span class='ocrx_word' id='word_1_261' title='bbox 1600 1380 1681 1414; x_wconf 85' lang='lat' dir='ltr'>Non</span> <span class='ocrx_word' id='word_1_262' title='bbox 1696 1379 1791 1413; x_wconf 81' lang='lat' dir='ltr'>aliter</span> <span class='ocrx_word' id='word_1_263' title='bbox 1832 1414 1833 1417; x_wconf 64' lang='grc'>,</span> 
     </span>
     <span class='ocr_line' id='line_1_25' title="bbox 391 1426 1838 1475; baseline -0.001 -13"><span class='ocrx_word' id='word_1_264' title='bbox 391 1439 493 1475; x_wconf 89' lang='lat' dir='ltr'>atque</span> <span class='ocrx_word' id='word_1_265' title='bbox 504 1440 553 1462; x_wconf 84' lang='lat' dir='ltr'>ars</span> <span class='ocrx_word' id='word_1_266' title='bbox 569 1428 720 1474; x_wconf 88' lang='lat' dir='ltr'>equestris</span> <span class='ocrx_word' id='word_1_267' title='bbox 736 1428 772 1462; x_wconf 89' lang='lat' dir='ltr'>in</span> <span class='ocrx_word' id='word_1_268' title='bbox 787 1430 899 1475; x_wconf 86' lang='lat' dir='ltr'>equite</span> <span class='ocrx_word' id='word_1_269' title='bbox 911 1457 921 1471; x_wconf 85' lang='lat'>,</span> <span class='ocrx_word' id='word_1_270' title='bbox 935 1441 1005 1463; x_wconf 88' lang='lat' dir='ltr'>non</span> <span class='ocrx_word' id='word_1_271' title='bbox 1022 1430 1055 1462; x_wconf 89' lang='lat' dir='ltr'>in</span> <span class='ocrx_word' id='word_1_272' title='bbox 1072 1428 1140 1475; x_wconf 87' lang='lat' dir='ltr'>ipso</span> <span class='ocrx_word' id='word_1_273' title='bbox 1162 1441 1251 1475; x_wconf 87' lang='lat' dir='ltr'>equo</span> <span class='ocrx_word' id='word_1_274' title='bbox 1267 1428 1344 1463; x_wconf 86' lang='lat' dir='ltr'>inest</span> <span class='ocrx_word' id='word_1_275' title='bbox 1355 1456 1364 1470; x_wconf 89' lang='lat'>‚</span> <span class='ocrx_word' id='word_1_276' title='bbox 1377 1429 1432 1474; x_wconf 89' lang='lat' dir='ltr'>qui</span> <span class='ocrx_word' id='word_1_277' title='bbox 1448 1426 1550 1461; x_wconf 80' lang='lat' dir='ltr'>fraeno</span> <span class='ocrx_word' id='word_1_278' title='bbox 1561 1427 1694 1473; x_wconf 88' lang='lat' dir='ltr'>quidem</span> <span class='ocrx_word' id='word_1_279' title='bbox 1704 1427 1792 1462; x_wconf 85' lang='lat' dir='ltr'>indi-</span> <span class='ocrx_word' id='word_1_280' title='bbox 1830 1428 1838 1468; x_wconf 63' lang='lat' dir='ltr'>j</span> 
     </span>
    </p>
   </div>
   <div class='ocr_carea' id='block_1_12' title="bbox 389 1475 1792 1610">
    <p class='ocr_par' dir='ltr' id='par_1_12' title="bbox 389 1475 1792 1610">
     <span class='ocr_line' id='line_1_26' title="bbox 389 1475 1791 1524; baseline 0 -14"><span class='ocrx_word' id='word_1_281' title='bbox 389 1488 446 1523; x_wconf 81' lang='lat' dir='ltr'>get</span> <span class='ocrx_word' id='word_1_282' title='bbox 461 1488 497 1510; x_wconf 89' lang='lat' dir='ltr'>ut</span> <span class='ocrx_word' id='word_1_283' title='bbox 512 1478 580 1524; x_wconf 79' lang='lat' dir='ltr'>regi</span> <span class='ocrx_word' id='word_1_284' title='bbox 592 1475 685 1523; x_wconf 76' lang='lat' dir='ltr'>possit</span> <span class='ocrx_word' id='word_1_285' title='bbox 696 1505 705 1519; x_wconf 85' lang='lat'>‚</span> <span class='ocrx_word' id='word_1_286' title='bbox 720 1475 773 1509; x_wconf 91' lang='lat' dir='ltr'>sed</span> <span class='ocrx_word' id='word_1_287' title='bbox 792 1475 938 1512; x_wconf 75' lang='lat' dir='ltr'>habenas</span> <span class='ocrx_word' id='word_1_288' title='bbox 951 1488 1041 1510; x_wconf 91' lang='lat' dir='ltr'>tenet</span> <span class='ocrx_word' id='word_1_289' title='bbox 1057 1489 1154 1523; x_wconf 88' lang='lat' dir='ltr'>eques</span> <span class='ocrx_word' id='word_1_290' title='bbox 1168 1491 1175 1512; x_wconf 89' lang='lat'><strong>:</strong></span> <span class='ocrx_word' id='word_1_291' title='bbox 1188 1476 1228 1511; x_wconf 85' lang='lat' dir='ltr'>fic</span> <span class='ocrx_word' id='word_1_292' title='bbox 1237 1476 1375 1511; x_wconf 78' lang='lat' dir='ltr'>facilitas</span> <span class='ocrx_word' id='word_1_293' title='bbox 1390 1476 1539 1524; x_wconf 85' lang='lat' dir='ltr'>quaedam</span> <span class='ocrx_word' id='word_1_294' title='bbox 1549 1480 1582 1512; x_wconf 90' lang='lat'>&amp;</span> <span class='ocrx_word' id='word_1_295' title='bbox 1594 1475 1686 1510; x_wconf 81' lang='lat' dir='ltr'>velut</span> <span class='ocrx_word' id='word_1_296' title='bbox 1695 1475 1791 1510; x_wconf 88' lang='lat' dir='ltr'>doci-</span> 
     </span>
     <span class='ocr_line' id='line_1_27' title="bbox 391 1523 1792 1576; baseline 0.002 -18"><span class='ocrx_word' id='word_1_297' title='bbox 391 1525 464 1560; x_wconf 86' lang='lat' dir='ltr'>litas</span> <span class='ocrx_word' id='word_1_298' title='bbox 475 1524 529 1559; x_wconf 87' lang='lat' dir='ltr'>usu</span> <span class='ocrx_word' id='word_1_299' title='bbox 539 1531 573 1561; x_wconf 68' lang='grc' dir='ltr'>ὅ(</span> <span class='ocrx_word' id='word_1_300' title='bbox 583 1527 818 1561; x_wconf 86' lang='lat' dir='ltr'>exercitatione</span> <span class='ocrx_word' id='word_1_301' title='bbox 835 1528 869 1561; x_wconf 87' lang='lat' dir='ltr'>in</span> <span class='ocrx_word' id='word_1_302' title='bbox 878 1527 1029 1576; x_wconf 87' lang='lat' dir='ltr'>appetitu</span> <span class='ocrx_word' id='word_1_303' title='bbox 1043 1524 1202 1563; x_wconf 88' lang='lat' dir='ltr'>sentiente</span> <span class='ocrx_word' id='word_1_304' title='bbox 1215 1527 1390 1573; x_wconf 85' lang='lat' dir='ltr'>acquiritur</span> <span class='ocrx_word' id='word_1_305' title='bbox 1397 1554 1409 1570; x_wconf 92' lang='lat'><em>‚</em></span> <span class='ocrx_word' id='word_1_306' title='bbox 1429 1523 1483 1559; x_wconf 90' lang='lat' dir='ltr'>sed</span> <span class='ocrx_word' id='word_1_307' title='bbox 1499 1526 1670 1573; x_wconf 87' lang='lat' dir='ltr'>imperium</span> <span class='ocrx_word' id='word_1_308' title='bbox 1689 1536 1792 1574; x_wconf 59' lang='lat' dir='ltr'>penes</span> 
     </span>
     <span class='ocr_line' id='line_1_28' title="bbox 389 1574 733 1610; baseline 0 0"><span class='ocrx_word' id='word_1_309' title='bbox 389 1574 596 1610; x_wconf 83' lang='lat' dir='ltr'>voluntatem</span> <span class='ocrx_word' id='word_1_310' title='bbox 613 1585 733 1610; x_wconf 83' lang='lat' dir='ltr'>manet.</span> 
     </span>
    </p>
   </div>
   <div class='ocr_carea' id='block_1_13' title="bbox 882 1673 1281 1718">
    <p class='ocr_par' dir='ltr' id='par_1_13' title="bbox 882 1673 1281 1718">
     <span class='ocr_line' id='line_1_29' title="bbox 882 1673 1281 1718; baseline 0.005 -10"><span class='ocrx_word' id='word_1_311' title='bbox 882 1674 1071 1710; x_wconf 76' lang='lat' dir='ltr'>Dilmmtur</span> <span class='ocrx_word' id='word_1_312' title='bbox 1087 1673 1281 1718; x_wconf 68' lang='lat' dir='ltr'>objec&#39;iiones,</span> 
     </span>
    </p>
   </div>
   <div class='ocr_carea' id='block_1_14' title="bbox 389 1770 1789 1869">
    <p class='ocr_par' dir='ltr' id='par_1_14' title="bbox 389 1770 1789 1869">
     <span class='ocr_line' id='line_1_30' title="bbox 433 1770 1789 1820; baseline 0.002 -16"><span class='ocrx_word' id='word_1_313' title='bbox 433 1771 517 1817; x_wconf 79' lang='lat' dir='ltr'>Qiae</span> <span class='ocrx_word' id='word_1_314' title='bbox 535 1772 568 1805; x_wconf 88' lang='lat' dir='ltr'>in</span> <span class='ocrx_word' id='word_1_315' title='bbox 578 1773 778 1806; x_wconf 82' lang='lat' dir='ltr'>contrarium</span> <span class='ocrx_word' id='word_1_316' title='bbox 793 1783 978 1820; x_wconf 84' lang='lat' dir='ltr'>opponunt,</span> <span class='ocrx_word' id='word_1_317' title='bbox 997 1770 1122 1806; x_wconf 83' lang='lat' dir='ltr'>facilius</span> <span class='ocrx_word' id='word_1_318' title='bbox 1141 1772 1326 1815; x_wconf 83' lang='lat' dir='ltr'>solventur,</span> <span class='ocrx_word' id='word_1_319' title='bbox 1341 1771 1362 1807; x_wconf 82' lang='lat' dir='ltr'>si</span> <span class='ocrx_word' id='word_1_320' title='bbox 1387 1772 1419 1806; x_wconf 90' lang='lat' dir='ltr'>id</span> <span class='ocrx_word' id='word_1_321' title='bbox 1434 1771 1641 1815; x_wconf 77' lang='lat' dir='ltr'>observetur,</span> <span class='ocrx_word' id='word_1_322' title='bbox 1658 1780 1789 1820; x_wconf 44' lang='lat' dir='ltr'>tempess</span> 
     </span>
     <span class='ocr_line' id='line_1_31' title="bbox 389 1819 1786 1869; baseline 0.002 -16"><span class='ocrx_word' id='word_1_323' title='bbox 389 1823 530 1855; x_wconf 73' lang='lat' dir='ltr'>tantiam</span> <span class='ocrx_word' id='word_1_324' title='bbox 549 1825 583 1856; x_wconf 88' lang='lat'>&amp;</span> <span class='ocrx_word' id='word_1_325' title='bbox 598 1821 824 1855; x_wconf 87' lang='lat' dir='ltr'>fortitudinem</span> <span class='ocrx_word' id='word_1_326' title='bbox 844 1823 927 1856; x_wconf 82' lang='lat' dir='ltr'>circa</span> <span class='ocrx_word' id='word_1_327' title='bbox 948 1820 1080 1857; x_wconf 67' lang='lat' dir='ltr'>affectus</span> <span class='ocrx_word' id='word_1_328' title='bbox 1098 1824 1217 1864; x_wconf 85' lang='lat' dir='ltr'>animi,</span> <span class='ocrx_word' id='word_1_329' title='bbox 1243 1833 1401 1869; x_wconf 68' lang='lat' dir='ltr'>tanquam</span> <span class='ocrx_word' id='word_1_330' title='bbox 1418 1824 1500 1856; x_wconf 85' lang='lat' dir='ltr'>circa</span> <span class='ocrx_word' id='word_1_331' title='bbox 1519 1821 1603 1855; x_wconf 84' lang='lat' dir='ltr'>snum</span> <span class='ocrx_word' id='word_1_332' title='bbox 1618 1819 1786 1869; x_wconf 66' lang='lat' dir='ltr'>objerstum</span> 
     </span>
    </p>
   </div>
   <div class='ocr_carea' id='block_1_15' title="bbox 387 1868 1838 1968">
    <p class='ocr_par' dir='ltr' id='par_1_15' title="bbox 387 1868 1838 1968">
     <span class='ocr_line' id='line_1_32' title="bbox 389 1868 1786 1919; baseline 0.001 -17"><span class='ocrx_word' id='word_1_333' title='bbox 389 1869 506 1903; x_wconf 74' lang='lat' dir='ltr'>versari</span> <span class='ocrx_word' id='word_1_334' title='bbox 521 1899 530 1912; x_wconf 84' lang='lat'>‚</span> <span class='ocrx_word' id='word_1_335' title='bbox 549 1868 602 1904; x_wconf 87' lang='lat' dir='ltr'>sed</span> <span class='ocrx_word' id='word_1_336' title='bbox 617 1882 670 1904; x_wconf 79' lang='lat' dir='ltr'>eas</span> <span class='ocrx_word' id='word_1_337' title='bbox 688 1872 719 1904; x_wconf 88' lang='lat' dir='ltr'>in</span> <span class='ocrx_word' id='word_1_338' title='bbox 740 1869 898 1906; x_wconf 79' lang='lat' dir='ltr'>sentiente</span> <span class='ocrx_word' id='word_1_339' title='bbox 917 1873 1066 1919; x_wconf 85' lang='lat' dir='ltr'>appetitu</span> <span class='ocrx_word' id='word_1_340' title='bbox 1079 1882 1115 1904; x_wconf 92' lang='lat' dir='ltr'>ut</span> <span class='ocrx_word' id='word_1_341' title='bbox 1134 1872 1166 1906; x_wconf 87' lang='lat' dir='ltr'>in</span> <span class='ocrx_word' id='word_1_342' title='bbox 1185 1870 1327 1919; x_wconf 67' lang='lat' dir='ltr'>subjetsto</span> <span class='ocrx_word' id='word_1_343' title='bbox 1338 1884 1405 1906; x_wconf 86' lang='lat' dir='ltr'>non</span> <span class='ocrx_word' id='word_1_344' title='bbox 1424 1869 1561 1912; x_wconf 74' lang='lat' dir='ltr'>esse,nifi</span> <span class='ocrx_word' id='word_1_345' title='bbox 1577 1870 1662 1903; x_wconf 86' lang='lat' dir='ltr'>forte</span> <span class='ocrx_word' id='word_1_346' title='bbox 1677 1870 1786 1904; x_wconf 82' lang='lat' dir='ltr'>famu-</span> 
     </span>
     <span class='ocr_line' id='line_1_33' title="bbox 387 1917 1838 1968; baseline 0.001 -17"><span class='ocrx_word' id='word_1_347' title='bbox 387 1918 509 1953; x_wconf 68' lang='lat' dir='ltr'>lant-em</span> <span class='ocrx_word' id='word_1_348' title='bbox 522 1921 639 1953; x_wconf 89' lang='lat' dir='ltr'>virtuti</span> <span class='ocrx_word' id='word_1_349' title='bbox 659 1918 853 1955; x_wconf 61' lang='lat' dir='ltr'>facilitatem</span> <span class='ocrx_word' id='word_1_350' title='bbox 869 1949 878 1963; x_wconf 89' lang='lat'>‚</span> <span class='ocrx_word' id='word_1_351' title='bbox 895 1925 928 1956; x_wconf 71' lang='grc' dir='ltr'>ὃς</span> <span class='ocrx_word' id='word_1_352' title='bbox 942 1919 1029 1968; x_wconf 72' lang='lat' dir='ltr'>quasi</span> <span class='ocrx_word' id='word_1_353' title='bbox 1042 1919 1250 1955; x_wconf 76' lang='lat' dir='ltr'>habilitatem</span> <span class='ocrx_word' id='word_1_354' title='bbox 1273 1921 1409 1954; x_wconf 87' lang='lat' dir='ltr'>nornine</span> <span class='ocrx_word' id='word_1_355' title='bbox 1436 1920 1561 1952; x_wconf 81' lang='lat' dir='ltr'>virtutis</span> <span class='ocrx_word' id='word_1_356' title='bbox 1582 1929 1635 1952; x_wconf 84' lang='lat' dir='ltr'>aut</span> <span class='ocrx_word' id='word_1_357' title='bbox 1653 1917 1783 1953; x_wconf 63' lang='lat' dir='ltr'>habitus</span> <span class='ocrx_word' id='word_1_358' title='bbox 1835 1923 1838 1931; x_wconf 66' lang='lat'><strong>⁴</strong></span> 
     </span>
    </p>
   </div>
   <div class='ocr_carea' id='block_1_16' title="bbox 390 1967 887 2015">
    <p class='ocr_par' dir='ltr' id='par_1_16' title="bbox 390 1967 887 2015">
     <span class='ocr_line' id='line_1_34' title="bbox 390 1967 887 2015; baseline 0.004 -14"><span class='ocrx_word' id='word_1_359' title='bbox 390 1967 624 2015; x_wconf 77' lang='lat' dir='ltr'>intelligamus.</span> <span class='ocrx_word' id='word_1_360' title='bbox 657 1969 746 2003; x_wconf 87' lang='lat' dir='ltr'>Cum</span> <span class='ocrx_word' id='word_1_361' title='bbox 776 1971 887 2015; x_wconf 79' lang='lat' dir='ltr'>itaque</span> 
     </span>
    </p>
   </div>
   <div class='ocr_carea' id='block_1_17' title="bbox 386 2013 1836 2113">
    <p class='ocr_par' dir='ltr' id='par_1_17' title="bbox 386 2013 1836 2113">
     <span class='ocr_line' id='line_1_35' title="bbox 426 2013 1834 2065; baseline 0.001 -16"><span class='ocrx_word' id='word_1_362' title='bbox 426 2018 512 2064; x_wconf 64' lang='grc' dir='ltr'>Ορρ.</span> <span class='ocrx_word' id='word_1_363' title='bbox 525 2030 548 2052; x_wconf 83' lang='lat'>1.</span> <span class='ocrx_word' id='word_1_364' title='bbox 570 2017 728 2052; x_wconf 66' lang='lat' dir='ltr'>Voluntas</span> <span class='ocrx_word' id='word_1_365' title='bbox 739 2030 808 2064; x_wconf 84' lang='lat' dir='ltr'>quae</span> <span class='ocrx_word' id='word_1_366' title='bbox 826 2018 873 2051; x_wconf 91' lang='lat' dir='ltr'>est</span> <span class='ocrx_word' id='word_1_367' title='bbox 884 2016 1031 2065; x_wconf 81' lang='lat' dir='ltr'>spiritalis</span> <span class='ocrx_word' id='word_1_368' title='bbox 1044 2045 1053 2059; x_wconf 93' lang='lat'>,</span> <span class='ocrx_word' id='word_1_369' title='bbox 1066 2016 1189 2051; x_wconf 75' lang='lat' dir='ltr'>nullam</span> <span class='ocrx_word' id='word_1_370' title='bbox 1200 2017 1322 2064; x_wconf 80' lang='lat' dir='ltr'>patitur</span> <span class='ocrx_word' id='word_1_371' title='bbox 1332 2013 1558 2051; x_wconf 72' lang='lat' dir='ltr'>difficultatem</span> <span class='ocrx_word' id='word_1_372' title='bbox 1577 2017 1660 2048; x_wconf 86' lang='lat' dir='ltr'>circa</span> <span class='ocrx_word' id='word_1_373' title='bbox 1678 2026 1782 2050; x_wconf 76' lang='lat' dir='ltr'>mate·</span> <span class='ocrx_word' id='word_1_374' title='bbox 1824 2020 1834 2059; x_wconf 59' lang='lat' dir='ltr'><strong>f</strong></span> 
     </span>
     <span class='ocr_line' id='line_1_36' title="bbox 386 2064 1836 2113; baseline 0.001 -15"><span class='ocrx_word' id='word_1_375' title='bbox 386 2068 467 2099; x_wconf 83' lang='lat' dir='ltr'>riam</span> <span class='ocrx_word' id='word_1_376' title='bbox 477 2065 679 2101; x_wconf 84' lang='lat' dir='ltr'>fortitudinis</span> <span class='ocrx_word' id='word_1_377' title='bbox 693 2071 726 2102; x_wconf 86' lang='lat'>&amp;</span> <span class='ocrx_word' id='word_1_378' title='bbox 744 2068 968 2113; x_wconf 62' lang='lat' dir='ltr'>temperantiae</span> <span class='ocrx_word' id='word_1_379' title='bbox 979 2095 988 2109; x_wconf 86' lang='lat'>,</span> <span class='ocrx_word' id='word_1_380' title='bbox 1004 2068 1053 2100; x_wconf 90' lang='lat' dir='ltr'>uti</span> <span class='ocrx_word' id='word_1_381' title='bbox 1069 2078 1130 2101; x_wconf 90' lang='lat' dir='ltr'>nec</span> <span class='ocrx_word' id='word_1_382' title='bbox 1144 2065 1295 2100; x_wconf 85' lang='lat' dir='ltr'>voluntas</span> <span class='ocrx_word' id='word_1_383' title='bbox 1313 2065 1430 2112; x_wconf 63' lang='lat' dir='ltr'>Angeli</span> <span class='ocrx_word' id='word_1_384' title='bbox 1443 2093 1452 2108; x_wconf 89' lang='lat'>‚</span> <span class='ocrx_word' id='word_1_385' title='bbox 1469 2076 1522 2098; x_wconf 80' lang='lat' dir='ltr'>aut</span> <span class='ocrx_word' id='word_1_386' title='bbox 1541 2064 1692 2099; x_wconf 87' lang='lat' dir='ltr'>voluntas</span> <span class='ocrx_word' id='word_1_387' title='bbox 1710 2066 1783 2098; x_wconf 84' lang='lat' dir='ltr'>ani-</span> <span class='ocrx_word' id='word_1_388' title='bbox 1834 2095 1836 2099; x_wconf 89' lang='lat'>.</span> 
     </span>
    </p>
   </div>
   <div class='ocr_carea' id='block_1_18' title="bbox 386 2105 1780 2461">
    <p class='ocr_par' dir='ltr' id='par_1_18' title="bbox 386 2105 1778 2212">
     <span class='ocr_line' id='line_1_37' title="bbox 386 2105 1778 2164; baseline -0.001 -15"><span class='ocrx_word' id='word_1_389' title='bbox 386 2127 447 2149; x_wconf 67' lang='lat' dir='ltr'>niae</span> <span class='ocrx_word' id='word_1_390' title='bbox 460 2114 610 2164; x_wconf 68' lang='lat' dir='ltr'>separatae</span> <span class='ocrx_word' id='word_1_391' title='bbox 626 2128 720 2164; x_wconf 72' lang='lat' dir='ltr'>:ergo</span> <span class='ocrx_word' id='word_1_392' title='bbox 737 2117 838 2149; x_wconf 87' lang='lat' dir='ltr'>virtus</span> <span class='ocrx_word' id='word_1_393' title='bbox 859 2128 926 2150; x_wconf 87' lang='lat' dir='ltr'>non</span> <span class='ocrx_word' id='word_1_394' title='bbox 942 2117 973 2150; x_wconf 87' lang='lat' dir='ltr'>in</span> <span class='ocrx_word' id='word_1_395' title='bbox 991 2114 1056 2163; x_wconf 87' lang='lat' dir='ltr'>ipsa</span> <span class='ocrx_word' id='word_1_396' title='bbox 1067 2115 1237 2150; x_wconf 84' lang='lat' dir='ltr'>voluntate</span> <span class='ocrx_word' id='word_1_397' title='bbox 1248 2144 1258 2158; x_wconf 83' lang='lat'>‚</span> <span class='ocrx_word' id='word_1_398' title='bbox 1280 2114 1332 2148; x_wconf 90' lang='lat' dir='ltr'>sed</span> <span class='ocrx_word' id='word_1_399' title='bbox 1348 2105 1381 2148; x_wconf 73' lang='lat' dir='ltr'>in</span> <span class='ocrx_word' id='word_1_400' title='bbox 1397 2115 1543 2162; x_wconf 84' lang='lat' dir='ltr'>appetitu</span> <span class='ocrx_word' id='word_1_401' title='bbox 1562 2112 1718 2148; x_wconf 84' lang='lat' dir='ltr'>sentiente</span> <span class='ocrx_word' id='word_1_402' title='bbox 1729 2113 1778 2148; x_wconf 85' lang='lat' dir='ltr'>est</span> 
     </span>
     <span class='ocr_line' id='line_1_38' title="bbox 388 2163 1422 2212; baseline 0 -14"><span class='ocrx_word' id='word_1_403' title='bbox 388 2164 598 2200; x_wconf 79' lang='lat' dir='ltr'>collocanda:</span> <span class='ocrx_word' id='word_1_404' title='bbox 614 2167 661 2199; x_wconf 89' lang='lat' dir='ltr'>uti</span> <span class='ocrx_word' id='word_1_405' title='bbox 678 2177 737 2199; x_wconf 83' lang='lat' dir='ltr'>nec</span> <span class='ocrx_word' id='word_1_406' title='bbox 747 2164 886 2199; x_wconf 83' lang='lat' dir='ltr'>fraenum</span> <span class='ocrx_word' id='word_1_407' title='bbox 902 2167 1005 2212; x_wconf 87' lang='lat' dir='ltr'>equiti</span> <span class='ocrx_word' id='word_1_408' title='bbox 1020 2194 1029 2208; x_wconf 89' lang='lat'>,</span> <span class='ocrx_word' id='word_1_409' title='bbox 1048 2163 1101 2199; x_wconf 90' lang='lat' dir='ltr'>sed</span> <span class='ocrx_word' id='word_1_410' title='bbox 1123 2177 1210 2212; x_wconf 89' lang='lat' dir='ltr'>equo</span> <span class='ocrx_word' id='word_1_411' title='bbox 1233 2165 1422 2212; x_wconf 86' lang='lat' dir='ltr'>imponitur.</span> 
     </span>
    </p>

    <p class='ocr_par' dir='ltr' id='par_1_19' title="bbox 386 2209 1780 2461">
     <span class='ocr_line' id='line_1_39' title="bbox 427 2209 1780 2262; baseline -0.003 -13"><span class='ocrx_word' id='word_1_412' title='bbox 427 2215 465 2249; x_wconf 84' lang='lat' dir='ltr'>R.</span> <span class='ocrx_word' id='word_1_413' title='bbox 482 2215 573 2262; x_wconf 71' lang='lat' dir='ltr'>Neg.</span> <span class='ocrx_word' id='word_1_414' title='bbox 587 2225 686 2250; x_wconf 77' lang='lat' dir='ltr'>antec.</span> <span class='ocrx_word' id='word_1_415' title='bbox 703 2216 782 2250; x_wconf 90' lang='lat' dir='ltr'>Non</span> <span class='ocrx_word' id='word_1_416' title='bbox 795 2216 884 2248; x_wconf 84' lang='lat' dir='ltr'>enim</span> <span class='ocrx_word' id='word_1_417' title='bbox 909 2214 1071 2258; x_wconf 80' lang='lat' dir='ltr'>voluntas,</span> <span class='ocrx_word' id='word_1_418' title='bbox 1091 2213 1142 2249; x_wconf 90' lang='lat' dir='ltr'>vel</span> <span class='ocrx_word' id='word_1_419' title='bbox 1164 2218 1272 2249; x_wconf 85' lang='lat' dir='ltr'>anima</span> <span class='ocrx_word' id='word_1_420' title='bbox 1283 2242 1292 2257; x_wconf 91' lang='lat'><em>‚</em></span> <span class='ocrx_word' id='word_1_421' title='bbox 1313 2224 1348 2248; x_wconf 87' lang='lat' dir='ltr'>ut</span> <span class='ocrx_word' id='word_1_422' title='bbox 1363 2212 1382 2249; x_wconf 69' lang='grc' dir='ltr'>ὴ</span> <span class='ocrx_word' id='word_1_423' title='bbox 1395 2225 1531 2260; x_wconf 80' lang='lat' dir='ltr'>corpore</span> <span class='ocrx_word' id='word_1_424' title='bbox 1551 2211 1714 2261; x_wconf 81' lang='lat' dir='ltr'>separata,</span> <span class='ocrx_word' id='word_1_425' title='bbox 1726 2209 1780 2246; x_wconf 83' lang='lat' dir='ltr'>sed</span> 
     </span>
     <span class='ocr_line' id='line_1_40' title="bbox 386 2260 1779 2312; baseline 0.001 -18"><span class='ocrx_word' id='word_1_426' title='bbox 386 2273 458 2296; x_wconf 77' lang='lat' dir='ltr'>cum</span> <span class='ocrx_word' id='word_1_427' title='bbox 475 2275 514 2296; x_wconf 85' lang='lat' dir='ltr'>co</span> <span class='ocrx_word' id='word_1_428' title='bbox 529 2262 703 2310; x_wconf 63' lang='lat' dir='ltr'>coujuneht</span> <span class='ocrx_word' id='word_1_429' title='bbox 722 2262 855 2310; x_wconf 66' lang='lat' dir='ltr'>spestiri</span> <span class='ocrx_word' id='word_1_430' title='bbox 872 2263 983 2307; x_wconf 67' lang='lat' dir='ltr'>debet,</span> <span class='ocrx_word' id='word_1_431' title='bbox 1000 2276 1137 2312; x_wconf 88' lang='lat' dir='ltr'>tumque</span> <span class='ocrx_word' id='word_1_432' title='bbox 1151 2265 1191 2298; x_wconf 82' lang='lat' dir='ltr'>ad</span> <span class='ocrx_word' id='word_1_433' title='bbox 1208 2276 1278 2297; x_wconf 86' lang='lat' dir='ltr'>eam</span> <span class='ocrx_word' id='word_1_434' title='bbox 1291 2264 1431 2309; x_wconf 83' lang='lat' dir='ltr'>pertinet</span> <span class='ocrx_word' id='word_1_435' title='bbox 1454 2264 1618 2311; x_wconf 76' lang='lat' dir='ltr'>appetitus</span> <span class='ocrx_word' id='word_1_436' title='bbox 1639 2260 1779 2296; x_wconf 84' lang='lat' dir='ltr'>sentien-</span> 
     </span>
     <span class='ocr_line' id='line_1_41' title="bbox 388 2308 1778 2361; baseline -0.004 -13"><span class='ocrx_word' id='word_1_437' title='bbox 388 2311 426 2343; x_wconf 89' lang='lat' dir='ltr'>tis</span> <span class='ocrx_word' id='word_1_438' title='bbox 446 2323 516 2344; x_wconf 69' lang='lat' dir='ltr'>cum</span> <span class='ocrx_word' id='word_1_439' title='bbox 535 2318 567 2348; x_wconf 86' lang='lat'>&amp;</span> <span class='ocrx_word' id='word_1_440' title='bbox 585 2314 775 2349; x_wconf 81' lang='lat' dir='ltr'>moderatio.</span> <span class='ocrx_word' id='word_1_441' title='bbox 801 2314 851 2347; x_wconf 79' lang='lat' dir='ltr'>Est</span> <span class='ocrx_word' id='word_1_442' title='bbox 870 2316 955 2361; x_wconf 76' lang='lat' dir='ltr'>enim</span> <span class='ocrx_word' id='word_1_443' title='bbox 972 2313 1122 2348; x_wconf 77' lang='lat' dir='ltr'>voluntas</span> <span class='ocrx_word' id='word_1_444' title='bbox 1144 2311 1328 2348; x_wconf 78' lang='lat' dir='ltr'>universalis</span> <span class='ocrx_word' id='word_1_445' title='bbox 1347 2314 1529 2360; x_wconf 75' lang='lat' dir='ltr'>appetitus:</span> <span class='ocrx_word' id='word_1_446' title='bbox 1548 2311 1632 2346; x_wconf 85' lang='lat' dir='ltr'>unde</span> <span class='ocrx_word' id='word_1_447' title='bbox 1650 2323 1718 2345; x_wconf 87' lang='lat' dir='ltr'>non</span> <span class='ocrx_word' id='word_1_448' title='bbox 1735 2308 1778 2344; x_wconf 84' lang='lat' dir='ltr'>sui</span> 
     </span>
     <span class='ocr_line' id='line_1_42' title="bbox 387 2359 1775 2410; baseline 0.001 -19"><span class='ocrx_word' id='word_1_449' title='bbox 387 2360 518 2404; x_wconf 81' lang='lat' dir='ltr'>quidem</span> <span class='ocrx_word' id='word_1_450' title='bbox 534 2359 583 2394; x_wconf 83' lang='lat' dir='ltr'>sed</span> <span class='ocrx_word' id='word_1_451' title='bbox 598 2361 746 2410; x_wconf 76' lang='lat' dir='ltr'>suppositi</span> <span class='ocrx_word' id='word_1_452' title='bbox 765 2365 797 2397; x_wconf 87' lang='lat' dir='ltr'>in</span> <span class='ocrx_word' id='word_1_453' title='bbox 812 2376 879 2410; x_wconf 88' lang='lat' dir='ltr'>quo</span> <span class='ocrx_word' id='word_1_454' title='bbox 898 2364 1130 2406; x_wconf 79' lang='lat' dir='ltr'>est,interitum</span> <span class='ocrx_word' id='word_1_455' title='bbox 1145 2359 1338 2396; x_wconf 82' lang='lat' dir='ltr'>exhorrescit</span> <span class='ocrx_word' id='word_1_456' title='bbox 1351 2391 1360 2404; x_wconf 83' lang='lat'>‚</span> <span class='ocrx_word' id='word_1_457' title='bbox 1382 2374 1418 2395; x_wconf 71' lang='lat' dir='ltr'>ac</span> <span class='ocrx_word' id='word_1_458' title='bbox 1436 2362 1570 2396; x_wconf 76' lang='lat' dir='ltr'>modum</span> <span class='ocrx_word' id='word_1_459' title='bbox 1591 2360 1775 2409; x_wconf 70' lang='lat' dir='ltr'>cupiditati-</span> 
     </span>
     <span class='ocr_line' id='line_1_43' title="bbox 387 2406 1774 2461; baseline 0 -20"><span class='ocrx_word' id='word_1_460' title='bbox 387 2406 446 2442; x_wconf 83' lang='lat' dir='ltr'>bus</span> <span class='ocrx_word' id='word_1_461' title='bbox 459 2410 616 2457; x_wconf 83' lang='lat' dir='ltr'>imponit:</span> <span class='ocrx_word' id='word_1_462' title='bbox 628 2417 661 2448; x_wconf 84' lang='lat'>&amp;</span> <span class='ocrx_word' id='word_1_463' title='bbox 677 2414 824 2459; x_wconf 80' lang='lat' dir='ltr'>quamvis</span> <span class='ocrx_word' id='word_1_464' title='bbox 838 2424 875 2447; x_wconf 80' lang='lat' dir='ltr'>ea</span> <span class='ocrx_word' id='word_1_465' title='bbox 889 2425 956 2449; x_wconf 86' lang='lat' dir='ltr'>non</span> <span class='ocrx_word' id='word_1_466' title='bbox 968 2411 1006 2447; x_wconf 88' lang='lat' dir='ltr'>sit</span> <span class='ocrx_word' id='word_1_467' title='bbox 1017 2424 1051 2446; x_wconf 84' lang='lat' dir='ltr'>re</span> <span class='ocrx_word' id='word_1_468' title='bbox 1066 2410 1131 2461; x_wconf 75' lang='lat' dir='ltr'>ipsi</span> <span class='ocrx_word' id='word_1_469' title='bbox 1142 2441 1151 2455; x_wconf 94' lang='lat'>,</span> <span class='ocrx_word' id='word_1_470' title='bbox 1168 2411 1214 2446; x_wconf 89' lang='lat' dir='ltr'>cst</span> <span class='ocrx_word' id='word_1_471' title='bbox 1231 2422 1340 2445; x_wconf 79' lang='lat' dir='ltr'>tamen</span> <span class='ocrx_word' id='word_1_472' title='bbox 1356 2410 1476 2447; x_wconf 50' lang='lat' dir='ltr'>affeetu</span> <span class='ocrx_word' id='word_1_473' title='bbox 1488 2422 1662 2458; x_wconf 78' lang='lat' dir='ltr'>corporea,</span> <span class='ocrx_word' id='word_1_474' title='bbox 1673 2418 1774 2455; x_wconf 83' lang='lat' dir='ltr'>eaque</span> 
     </span>
    </p>
   </div>
   <div class='ocr_carea' id='block_1_19' title="bbox 1826 182 1857 2490">
    <p class='ocr_par' dir='ltr' id='par_1_20' title="bbox 1826 182 1857 2490">
     <span class='ocr_line' id='line_1_44' title="bbox 1826 182 1857 2490; baseline 0 0"><span class='ocrx_word' id='word_1_475' title='bbox 1826 182 1857 2490; x_wconf 95' lang='lat' dir='ltr'> </span> 
     </span>
    </p>
   </div>
  </div>
 </body>
</html>
