1857 2745
445 127 795 164 TRACTATUS
846 128 1138 166 TERTIUS.
1458 146 1502 173 m

105 179 180 214 idea
191 207 200 223 ‚
211 177 266 214 vel
279 179 387 228 imago
403 189 475 225 quae
483 177 575 213 finita
586 178 630 211 est
642 207 651 220 ,
667 181 774 213 Deum
795 189 850 213 aut
867 191 922 213 ens
943 178 1107 215 infinitum
1118 209 1127 223 ,
1142 179 1230 225 quod
1253 191 1362 214 tamen
1385 174 1498 216 mente

103 228 411 277 attingimus,potest
420 230 613 275 exprimere.
627 228 739 274 Qare
748 230 856 263 Deum
865 226 964 276 ipsum
975 241 1042 263 non
1055 231 1088 264 in
1100 228 1241 276 quadam
1252 231 1392 277 imagine
1408 241 1497 264 crea-

103 289 138 312 ta
151 307 162 321 ,
180 289 236 312 aut
247 276 349 325 specie
362 277 678 325 impteffaintuemui·
689 305 698 319 ‚
720 275 770 311 sed
781 278 857 323 quia
871 279 895 310 is
915 276 980 325 ipse
999 280 1102 312 menti
1118 276 1230 312 nosttae
1254 280 1370 313 intime
1384 278 1470 313 adest
1484 307 1494 322 ,

103 339 177 361 cum
194 338 231 360 ea
247 328 462 375 conjungitur,
478 325 559 360 hanc
572 324 735 360 illuminat
748 354 758 369 ,
772 336 936 372 utcunque
950 337 1023 360 eum
1036 326 1123 362 forte
1144 328 1302 361 cernimus
1316 356 1326 371 ‚
1347 332 1381 363 &
1403 327 1494 362 velut

103 377 136 410 in
149 374 281 423 publico
297 374 417 410 lumine
435 403 444 418 ,
469 374 556 421 qnod
572 373 733 408 illuminat
746 386 878 408 omnem
898 373 1066 409 hominem
1083 402 1093 417 ‚
1116 386 1325 419 contuemur,
1355 374 1396 410 eo
1421 379 1493 423 qui-

95 424 180 458 dem
193 423 369 472 perfezstius
380 453 389 467 ‚
400 422 466 470 quo
477 435 566 457 mens
578 423 680 457 nostra
691 423 711 458 a
724 425 857 458 terrenis
871 421 1042 458 affeffibus
1061 426 1162 472 magis
1178 424 1221 458 est
1239 437 1422 474 expurgata.
1442 427 1492 460 Id-

100 485 166 521 que
184 485 220 508 ut
230 476 310 522 Aug.
323 472 379 508 lib.
390 474 672 507 Rettatfilzationum
681 472 776 507 docet
793 486 801 509 :
816 472 903 520 „quja
914 483 1032 507 natura
1043 470 1258 522 intelligibilis
1276 473 1317 519 est
1333 502 1342 517 ‚
1366 473 1404 507 (θ’
1420 487 1490 508 con-

103 522 243 557 mellieur
259 520 420 568 nonfiilicm
432 535 500 556 cum
515 520 794 569 intelligibilibus,
821 520 934 555 verimi
950 524 1047 555 etiam
1063 520 1316 556 immutabilibus
1333 521 1433 559 rebus.

136 570 364 618 Qamobrem
377 573 442 607 Dei
456 572 601 619 cognitio
611 569 688 605 licet
699 570 873 606 admodum
888 570 1080 618 imperfeCAEa
1090 598 1100 613 ‚
1119 582 1156 604 ea
1171 580 1282 605 tamen
1299 570 1382 606 clara
1396 576 1429 608 ὃ(
1443 572 1489 606 di-

101 621 216 655 stincta
226 621 287 655 dici
301 621 420 669 potest:
431 622 507 667 quia
522 631 558 654 ut
569 619 687 656 eodem
706 618 780 654 loco
792 620 920 668 August.
936 618 1078 668 explicat
1089 647 1099 662 ,
1116 618 1272 654 mentibus
1286 619 1394 665 nostris
1408 630 1487 668 prae-

88 670 161 715 fim
175 669 231 713 est,
244 680 399 715 quantum
415 669 452 703 id
462 680 575 717 capere
585 670 705 717 poffum
716 698 725 712 ‚
742 669 848 702 lumen
859 671 994 703 rationis
1005 680 1118 704 aeternae
1132 697 1142 710 ,
1160 666 1214 702 nbi
1235 667 1293 701 haec
1303 668 1486 703 immutabi-

96 719 144 751 lia
159 731 231 752 vere
239 721 436 768 conspiciunt.
446 721 519 754 Nec
529 715 650 752 necesse
662 717 705 752 est
715 729 751 752 ut
765 718 805 751 ad
817 715 936 766 species
948 719 1062 753 animis
1072 718 1186 752 nostris
1205 720 1392 766 congenitas
1408 730 1486 753 con*

97 765 277 815 fugiamuS,
293 779 329 801 ut.
338 766 401 801 alio
411 767 558 815 locojam
575 766 785 802 ostendimus.
800 768 967 802 Hactenus
978 769 1074 815 igitur
1088 777 1202 801 omnes
1215 768 1248 801 in
1267 769 1402 802 notione
1419 770 1484 802 Dei

95 818 315 859 conveniunt,
328 827 364 850 ut
378 818 517 864 primum
533 821 566 852 δε
576 814 733 850 summum
751 827 807 850 ens
824 819 934 851 Deum
947 815 1114 864 appellent
1133 831 1140 851 :
1156 819 1365 862 quantumvis
1377 828 1482 852 errent.

94 866 128 899 in
141 867 286 901 Deorum
301 877 436 900 numero
454 895 463 909 ‚
483 876 536 899 aut
553 866 587 899 in
603 864 774 899 tribuenda
785 865 957 900 divinitate
968 866 1063 900 variis
1079 864 1192 908 rebus,
1215 877 1285 912 quae
1299 864 1340 899 ab
1359 877 1397 899 ea
1413 865 1484 899 lon-

93 926 134 961 ge
156 913 284 950 absunt.
311 915 414 961 Qod
430 914 452 949 si
464 916 560 962 igitur
572 912 761 961 abjiciamus
781 925 818 947 ea
831 926 900 961 quae
915 912 1039 962 fingulae
1053 915 1224 962 opiniones
1243 912 1300 948 sibi
1317 914 1480 962 peculiare

93 961 237 1006 habent,
265 969 299 999 δε
312 963 399 1009 quod
411 962 563 998 omnibus
582 974 756 997 commune
773 962 816 996 est
834 990 843 1005 ‚
865 964 1056 1010 accipiamus
1072 992 1082 1006 ‚
1104 962 1209 1011 palam
1232 963 1293 1006 est,
1312 975 1425 999 omnes
1447 965 1480 998 in

91 1013 228 1046 notione
239 1010 376 1060 supremi
389 1015 471 1048 entis
483 1012 573 1047 omni
583 1024 621 1047 ex
632 1023 722 1060 parte
734 1010 872 1059 perfeffi
888 1014 1072 1047 convenire.
1095 1013 1284 1059 Hinc-Aug.
1299 1011 1322 1048 l.
1334 1012 1374 1047 de
1387 1013 1478 1047 dost,

92 1060 246 1096 Christ.c.
263 1077 291 1105 7.
306 1062 382 1094 Nec
396 1064 562 1108 qnifiquam
573 1059 816 1109 inveniripotest
830 1088 837 1099 ,
857 1060 977 1107 quihoc
994 1062 1100 1095 Deum
1112 1059 1223 1096 credat
1237 1063 1291 1108 effe
1306 1088 1315 1099 ,
1334 1074 1394 1107 quo
1412 1074 1476 1094 me-

89 1109 150 1142 lius
168 1110 295 1155 aliquid
307 1109 356 1153 est.
381 1112 498 1157 Itaque
518 1109 572 1142 hoc
592 1122 694 1143 omncs
716 1110 822 1142 Deum
834 1110 1027 1154 consentiunt
1047 1111 1098 1155 effi
1113 1137 1121 1148 ,
1140 1109 1223 1154 quod
1238 1111 1353 1143 caeteris
1378 1108 1472 1143 rebus

86 1156 232 1191 omnibus
242 1168 443 1207 anteponunt.
457 1161 508 1193 Sic
521 1157 668 1192 Cicerol.
683 1170 705 1193 1.
715 1157 756 1192 de
771 1159 849 1193 Nat.
864 1160 967 1192 Deor.
980 1157 1094 1190 Talem
1113 1159 1167 1204 esse
1181 1158 1286 1191 Deum
1300 1169 1387 1192 certa
1404 1159 1476 1192 ani-

88 1208 135 1241 mi
146 1208 283 1241 notione
294 1220 351 1243 nos
365 1206 543 1255 praesentite
559 1209 605 1241 ait
619 1234 628 1248 ,
641 1208 718 1240 utin
736 1209 817 1240 omni
831 1217 949 1240 natura
961 1205 1043 1239 nihil
1047 1206 1092 1251 fit
1109 1218 1140 1239 eo
1156 1205 1364 1254 praestantius,

124 1256 202 1290 Hoc
215 1258 324 1303 utique
336 1260 475 1303 primum
488 1260 602 1298 en5‚&
614 1254 772 1290 summum
792 1253 915 1289 bonum
932 1256 983 1289 cui
996 1266 1032 1288 ut
1050 1257 1095 1288 tei
1115 1267 1258 1302 cognatae
1272 1267 1362 1289 mens
1378 1267 1473 1303 coap-

86 1315 172 1339 tatur
187 1334 196 1348 ‚
217 1303 239 1339 si
257 1305 437 1340 Platonicos
446 1305 592 1339 audimus
606 1332 615 1346 ,
636 1306 737 1352 magis
756 1303 896 1352 praesagit
911 1332 920 1346 ‚
938 1302 1039 1350 quam
1052 1303 1205 1351 intelligit
1218 1321 1226 1347 3
1240 1306 1336 1351 eique
1353 1316 1471 1339 arcano

110 1354 227 1388 uodam
244 1356 397 1388 contaetu
405 1353 584 1400 copulatur.
605 1355 650 1386 Ex
668 1353 822 1398 dignitate
834 1354 921 1386 enim
940 1351 1054 1385 summi
1074 1354 1157 1386 entis
1175 1351 1238 1386 fuit
1257 1381 1266 1394 ,
1284 1363 1319 1386 ut
1337 1351 1394 1386 suae
1404 1365 1472 1386 ma-

79 1404 197 1449 jestatis
209 1401 392 1450 symbolum
409 1400 542 1447 aliquod
555 1399 649 1434 rebus
669 1398 818 1433 omnibus
834 1398 1003 1434 insereret:
1024 1400 1133 1434 decuit
1148 1402 1246 1435 etiam
1256 1414 1322 1435 non
1337 1400 1378 1435 ab
1395 1401 1471 1445 alio,

84 1450 214 1498 quarn&
234 1454 322 1493 Deo,
340 1450 422 1484 hanc
434 1450 607 1484 notionem
617 1449 732 1482 animis
751 1448 867 1482 nostris
887 1449 1042 1496 imprimi.
1054 1448 1105 1483 Est
1122 1451 1208 1483 enim
1224 1449 1334 1496 inipso
1353 1453 1471 1486 mentis

83 1502 175 1548 apice
211 1499 345 1547 quidam
377 1497 499 1540 sensus,
520 1503 553 1533 δε
567 1496 654 1530 velut
672 1498 794 1539 mustus,
821 1509 887 1543 quo
912 1499 1071 1544 tangimus
1091 1500 1196 1545 potius
1211 1527 1220 1540 ‚
1257 1498 1356 1544 quam
1375 1498 1471 1533 intel-

82 1548 218 1593 ligamus
237 1548 314 1594 quid
325 1551 412 1583 Deus
424 1545 468 1582 fit.
486 1547 647 1580 Sentisnus
666 1573 675 1588 ‚
696 1546 803 1592 inquit
815 1549 863 1579 vii·
873 1544 1070 1580 doetiffinms
1082 1574 1091 1588 ‚
1115 1545 1237 1593 aliquid
1249 1546 1469 1582 inaestimabile

83 1588 144 1632 esse
157 1625 166 1640 ‚
188 1603 221 1633 &
233 1595 426 1631 affirmamus
439 1593 524 1642 quod
543 1594 589 1630 sit.
611 1596 699 1630 Nam
713 1593 785 1628 idea
796 1593 850 1628 illa
862 1596 970 1629 innata
988 1596 1069 1628 entis
1084 1595 1297 1642 undequaque
1310 1595 1448 1644 perfeffl
1458 1626 1468 1638 ,

82 1658 139 1681 aut
153 1645 235 1680 illius
248 1674 256 1687 ‚
276 1658 343 1692 quo
358 1644 438 1679 nihil
456 1643 568 1678 melius
580 1672 589 1686 ‚
605 1653 659 1676 aut
674 1646 776 1691 majus
795 1641 856 1679 effe
876 1671 886 1685 ‚
901 1643 953 1677 vel
967 1644 1103 1690 cogitati
1118 1644 1223 1691 potest
1236 1672 1245 1686 ‚
1267 1650 1300 1680 &
1311 1644 1377 1679 aliae
1391 1645 1468 1694 ejus.

83 1695 173 1730 modi
184 1694 263 1729 nihil
277 1693 436 1740 explicate
445 1693 484 1726 de
495 1695 569 1727 Deo
580 1692 699 1726 docent
712 1720 721 1734 ,
742 1690 792 1725 sed
809 1690 1067 1726 iiiaestimabilem
1085 1691 1244 1739 quandam
1262 1695 1327 1728 Dei
1341 1697 1468 1742 magni-

83 1745 229 1780 tudinem
243 1745 344 1790 magis
357 1742 506 1776 aestimati
520 1741 660 1783 faciunt,
679 1738 777 1787 quam
789 1739 928 1787 intelligi
943 1758 951 1783 3
975 1739 1081 1775 sentiri
1104 1741 1205 1785 magis
1217 1742 1316 1788 quam
1331 1742 1466 1790 cognos-

81 1795 118 1828 ci.
134 1796 249 1827 Innata
259 1791 340 1825 boni
355 1792 512 1838 appetitio
525 1790 690 1837 augurium
705 1789 867 1835 quoddam
882 1792 915 1823 in
925 1801 1037 1824 mente
1051 1788 1181 1824 anteisse
1196 1789 1400 1831 demonstrat,
1414 1791 1466 1826 sed

81 1843 244 1890 augurium
258 1842 357 1885 magis
369 1869 377 1882 ,
393 1845 426 1875 &
439 1839 528 1873 velut
538 1837 706 1872 obscurum
723 1837 997 1885 olfa&um‚qudm
1012 1837 1213 1874 intelleemm
1226 1852 1280 1875 aut
1298 1841 1466 1888 cognitio-

80 1904 156 1927 nem
166 1884 369 1938 explicatam.
380 1888 611 1938 Hincjustinus
626 1887 754 1935 Mattyi·
764 1888 797 1920 in
807 1886 902 1934 Apol.
914 1896 954 1922 2³.
966 1887 1031 1920 Dei
1041 1914 1049 1925 ,
1071 1888 1175 1935 inquit
1184 1915 1192 1930 ,
1217 1888 1390 1937 appellatio
1408 1902 1464 1924 no-

81 1953 218 1976 mennon
232 1937 272 1984 est
283 1966 289 1975 ,
302 1938 362 1985 sed
373 1938 418 1971 rei
441 1933 666 1971 inenarrabilis
679 1934 774 1984 infita
784 1945 901 1970 natnrae
917 1935 1075 1971 hominum
1086 1937 1198 1985 opinio.

565 2035 745 2070 Solvuntur
764 2030 957 2078 objee'biones.

129 2136 214 2182 Opp,
228 2148 250 2171 1.
263 2134 409 2171 adversus
422 2135 485 2170 Dei
496 2133 695 2168 existentiam
717 2146 724 2168 ε
744 2130 764 2166 si
782 2131 867 2168 foret
885 2132 1050 2182 quoddam
1070 2143 1125 2167 ens
1141 2130 1305 2167 infinitum
1321 2159 1332 2175 ,
1361 2142 1460 2166 omne

85 2182 169 2218 aliud
189 2194 243 2218 ens
260 2183 387 2219 finitum
405 2182 602 2218 excluderet.

158 2232 245 2278 Resp.
261 2233 328 2275 disi.
337 2244 405 2268 ant.
414 2235 447 2266 Si
459 2231 535 2265 illud
549 2244 603 2266 ens
617 2244 728 2279 corpus
740 2231 775 2266 sit
788 2232 925 2265 exomni
945 2240 1035 2277 parte
1055 2227 1216 2263 infinitum
1227 2257 1236 2271 ‚
1255 2231 1290 2262 C.
1309 2227 1329 2263 si
1347 2227 1382 2262 fit
1400 2241 1457 2264 ens

79 2279 298 2314 intelletfhiale
315 2309 324 2322 ,
339 2280 593 2316 &immateriale
608 2283 641 2316 in
653 2283 742 2316 omui
754 2291 873 2328 genere
890 2277 1102 2327 perfestionis
1115 2276 1287 2321 infinitum,
1302 2280 1351 2313 N.
1369 2280 1458 2313 Nam

78 2342 115 2363 ut
131 2329 213 2363 forte
226 2327 345 2363 habeas
359 2329 454 2375 longe
465 2331 662 2377 praestantius
676 2330 842 2375 ingenium
854 2340 952 2374 qnam
975 2326 1114 2373 quisquis
1134 2326 1213 2360 alius
1226 2355 1234 2368 ‚
1254 2340 1320 2362 non
1330 2327 1457 2361 ‘idcirco

50 2403 53 2405 -
69 2377 263 2413 extetinihil
275 2379 398 2426 ingenii
416 2377 484 2413 sunt
497 2378 654 2414 habituri:
672 2375 771 2426 atque
787 2389 822 2413 ut
836 2375 955 2412 crescat
973 2377 1005 2411 in
1022 2374 1186 2411 infinitum
1203 2377 1256 2411 vis
1269 2376 1392 2424 ingenii
1409 2377 1459 2409 tsi

1120 2427 1145 2458 Z
1160 2437 1177 2459 z
1190 2438 1208 2459 z
1251 2426 1283 2472 iij
