1857 2745
606 127 645 162 M
665 128 700 163 O
718 127 751 163 R
765 129 792 164 A
809 128 862 164 L!
879 129 912 166 S.
1388 147 1407 167 ο

45 179 116 216 veri
126 208 136 223 ,
145 189 217 213 cum
231 175 357 213 habitus
369 206 381 223 ,
394 176 527 214 scientia
540 177 695 212 nimirum
706 206 716 220 ,
732 190 787 213 aut
795 180 896 215 virtus
907 180 1099 226 acquiritur:
1113 181 1165 215 sed
1177 182 1332 229 quiddam
1343 146 1425 230 psaei

49 239 134 263 terea
145 255 155 270 ,
170 227 269 274 idque
285 226 371 262 reale
384 232 417 265 &
438 223 602 274 physicum
617 253 626 269 ,
653 226 871 275 quodcunque
891 227 970 263 illud
989 226 1025 262 fit
1043 257 1053 272 ,
1066 230 1121 264 usu
1135 235 1169 267 &
1194 233 1424 266 exercitatione

44 278 234 324 comparari.
253 275 290 310 ld
299 273 378 312 vero
395 274 416 311 si
433 275 602 309 dixerimus
615 273 676 309 effe
689 275 882 321 qualitatem
891 277 1068 325 quamdam
1078 278 1200 321 ,nihilo
1210 279 1296 315 forte
1305 282 1424 316 erimus

40 325 225 361 doctiores:
235 337 299 360 vox
312 328 399 360 enim
413 323 468 360 illa
483 327 609 373 vaga&
618 323 787 360 indefinita
797 324 875 360 nihil
884 325 960 361 lucis
970 324 1066 361 affert
1086 326 1254 375 propofitae
1271 341 1342 376 quae
1348 328 1426 363 stio-

44 375 87 410 ni.
152 374 204 408 uid
216 375 331 422 igitur,
344 386 385 409 an
396 372 531 409 modalis
552 374 614 407 erit
630 374 746 408 entitas
760 403 770 418 ‚
789 372 882 409 firma
899 380 934 412 &
951 374 1100 411 constans
1112 404 1122 419 ‚
1137 388 1209 423 quae
1234 389 1325 412 cetto
1343 389 1425 425 quo-

43 422 229 458 dammodo
244 435 303 457 nos
314 421 424 460 afficit.
442 421 477 458 1d
494 423 607 470 utique
619 422 748 457 videtur
766 421 966 472 probabilius
977 452 988 467 ,
1004 436 1104 472 quam
1118 423 1298 460 absolutam
1320 437 1425 473 quan-

44 467 118 506 dam
133 472 305 507 entitatem
323 469 540 514 comminisci,
556 483 628 518 quae
646 471 784 518 qualitas
805 473 990 507 nominetur
1003 500 1013 515 ‚
1031 485 1170 521 quaeque
1187 485 1248 510 nos
1266 474 1307 509 ad
1323 486 1423 522 agen·

37 518 121 555 dum
132 519 350 556 determinet:
364 519 415 555 sed
425 520 568 569 quandiu
579 521 612 555 in
633 521 670 554 iis
689 519 824 556 vocibus
834 521 917 557 adeo
939 519 1118 558 indefinitis
1138 520 1288 567 sistimus,
1300 522 1422 558 nullam

41 568 88 602 tei
105 568 212 604 ideam
227 568 408 605 distinetam
420 570 606 609 formamus,

72 618 189 664 ltaque
202 619 334 666 propius
349 618 388 653 ad
404 631 472 654 rem
488 616 588 666 ipsam
597 617 746 655 videntur
759 619 931 664 accedere,
943 621 1001 667 qui
1016 618 1146 655 habitus
1156 648 1167 664 ,
1186 619 1426 655 intellectuales

37 691 40 696 -
87 665 236 702 tiffimum
252 695 262 710 ,
275 665 357 702 nihil
368 666 428 702 effe
441 678 555 716 putant
563 679 677 716 praeter
689 680 795 703 rerum
812 670 968 718 imagines
979 697 990 713 ‚
1012 666 1064 704 seu
1079 667 1123 704 ab
1141 668 1280 716 obJ'etffis
1296 668 1423 716 impres-

39 677 86 748 ΕΞ
98 742 109 757 ,
121 713 174 749 seu
183 714 203 750 ὲ
219 727 330 750 mente
343 715 428 762 ipsa,
442 728 516 751 cum
527 718 674 764 percipit,
684 717 838 765 expressas
848 746 859 761 ,
871 729 1006 765 quaeque
1024 719 1056 753 in
1074 719 1232 753 memoria
1245 716 1421 760 affervatae‚

40 760 99 796 ubi
111 775 191 811 opus
205 764 268 807 est,
280 762 342 798 sese
352 763 504 800 offerunt.
531 767 583 799 Sic
596 776 635 799 ex
654 767 801 814 repetitis
822 765 950 801 actibus
968 777 1102 802 manent
1124 766 1273 814 quaedam
1291 766 1425 815 impres-

34 808 140 846 fiones
153 813 188 847 in
200 811 369 848 voluntate
381 842 391 856 ,
405 824 559 861 tanquam
576 814 704 849 astuum
722 817 852 850 termini
864 843 872 854 ‚
884 814 1001 862 quibus
1016 815 1078 865 ipsa
1087 817 1127 850 ad
1141 816 1303 863 agendum
1312 828 1423 864 prom-

35 861 105 894 tior
117 859 262 897 efficitur.
279 863 358 896 Haec
369 861 443 897 sane
456 874 573 910 magna
582 860 816 910 probabilitate
839 864 1006 907 dicuntur,
1026 876 1135 912 neque
1151 875 1186 898 ut
1211 863 1290 898 falsa
1314 867 1424 900 omni-

40 920 86 943 no
98 911 255 956 rejicimus
272 924 280 946 ε
301 921 334 944 at
351 921 421 945 rem
445 909 546 957 ipsam
562 910 700 946 faciliori
726 917 761 949 δε
778 911 1055 962 compendiosiore
1086 915 1139 949 via
1160 911 1314 962 explicari
1337 911 1424 963 polle

42 955 136 992 multi
148 956 353 995 arbitrantur.
372 960 422 994 Sit
434 959 543 1006 itaque

598 1059 711 1094 Prima
729 1057 902 1105 Conclusio.

138 1152 253 1190 Abitus
265 1154 499 1192 intellectuales
511 1154 583 1190 satis
597 1154 772 1192 commode
786 1154 997 1203 perimpressa
1009 1154 1145 1192 cerebro
1163 1156 1310 1206 vestigia,
1324 1160 1357 1193 &
1367 1168 1424 1191 ex-

139 1204 262 1251 peditos
275 1203 441 1254 spirituum
459 1204 644 1246 animalium
653 1217 760 1240 motus
770 1233 779 1247 ,
789 1205 1100 1253 impedimentorum
1110 1206 1250 1253 denique
1262 1208 1425 1240 remotio,

33 1262 116 1287 <nem
128 1252 344 1301 explicantur:
361 1254 400 1290 fic
419 1266 529 1290 tamen
537 1265 572 1288 ut
592 1253 782 1289 affectiones
795 1254 947 1302 quaedam
961 1257 995 1291 in
1010 1267 1121 1291 mente
1147 1255 1287 1291 humana
1310 1267 1350 1290 ex
1371 1266 1423 1289 re-

38 1302 149 1348 petitis
161 1301 285 1337 actibus
307 1315 489 1352 procreatas
509 1316 576 1339 non
593 1303 782 1339 inficiemur.

72 1349 209 1385 probari
222 1353 326 1398 potest
337 1359 370 1389 ὃς
381 1352 530 1387 illustrari
543 1351 701 1387 conclusio
713 1381 722 1395 ‚
743 1360 771 1386 10
782 1363 820 1386 ex
830 1354 867 1385 iis
881 1365 949 1400 qua:
964 1355 998 1388 in
1013 1355 1135 1403 Logica
1153 1354 1291 1388 diximus
1303 1381 1312 1395 ,
1334 1363 1422 1400 quae-

38 1395 114 1433 dam
138 1397 181 1433 ab
209 1398 348 1447 objeffls
378 1413 435 1448 per
455 1402 651 1436 exteriorum
669 1400 810 1436 sensuum
828 1412 946 1448 organa
966 1405 997 1437 in
1019 1401 1155 1437 cerebro
1172 1404 1313 1450 imprimi
1330 1402 1425 1436 vesti-

1 1466 4 1469 *
37 1447 112 1494 gia,
130 1446 246 1494 quibus
265 1460 360 1483 cettae
373 1450 486 1483 itidem
499 1449 580 1482 ideae
595 1452 670 1487 ‚aut
687 1451 803 1483 mentis
818 1453 1038 1497 perceptiones
1053 1453 1099 1486 ita
1116 1450 1185 1485 sunt
1209 1450 1337 1498 illigatae
1356 1476 1366 1492 ,
1386 1462 1423 1484 ut

34 1496 174 1540 junctim
189 1493 311 1543 semper
328 1502 360 1533 &
370 1496 457 1531 simul
472 1496 533 1531 sese
546 1496 694 1532 offerant.
710 1497 866 1543 Cumque
881 1497 935 1531 illa
948 1499 1080 1546 vestigia
1091 1527 1101 1541 ‚
1118 1510 1189 1544 quae
1200 1497 1424 1545 phantasmata

37 1544 103 1578 dici
120 1543 242 1588 solent,
254 1544 376 1580 facilius
399 1550 432 1582 δε
445 1546 624 1579 distinctius
643 1546 888 1593 imprimuntur,
914 1548 1064 1581 notiones
1084 1557 1216 1593 quoque
1234 1547 1350 1580 mentis
1367 1557 1424 1580 aut

28 1591 253 1628 distinetiores
275 1593 344 1628 sunt
357 1623 366 1637 ‚
384 1606 438 1629 aut
455 1595 556 1642 magis
566 1593 737 1641 expeditae.
758 1595 804 1628 Ex
821 1592 947 1629 astibus
965 1606 1045 1628 vero
1069 1592 1177 1643 saepius
1197 1596 1343 1642 repetitis
1363 1593 1424 1628 111ae

37 1641 129 1676 velut
139 1643 297 1690 imagines
308 1643 421 1678 melius
434 1641 638 1677 delineantur
653 1642 794 1691 3spiritus
807 1643 840 1676 in
854 1654 906 1677 eas
917 1642 1040 1677 facilius
1059 1645 1222 1678 incurrunt
1234 1660 1242 1686 3
1256 1645 1351 1684 viam,
1363 1641 1423 1677 fibi

38 1693 234 1737 apertiorem
247 1693 404 1727 muniunt.
426 1693 515 1727 Hinc
534 1689 644 1727 celeris
660 1696 694 1729 δε
708 1691 858 1740 expedita
869 1694 1029 1741 cogitatio
1039 1721 1048 1736 ,
1067 1704 1137 1740 quae
1151 1691 1282 1726 habitus
1292 1694 1426 1728 nomine

43 1738 197 1776 censetur.

72 1787 223 1832 Confirm.
241 1790 326 1824 Cum
336 1791 410 1823 trita
428 1787 552 1823 cerebri
567 1788 707 1835 vestigia,
723 1800 776 1822 aut
793 1791 824 1823 vi
842 1789 962 1833 morbi,
972 1801 1026 1824 aut
1045 1790 1253 1824 diuturnitate
1269 1791 1424 1837 temporis

38 1848 261 1885 expunguntur
273 1866 280 1880 ,
302 1839 346 1871 ita
358 1838 387 1871 se
401 1837 500 1872 habet
510 1836 744 1880 intellceius,ac
762 1835 781 1871 si
795 1850 863 1873 rem
874 1837 972 1886 ipsam
985 1838 1182 1873 nullomodo
1198 1836 1365 1872 didiciffet:
1377 1849 1426 1871 er-

37 1898 81 1933 go
96 1883 217 1933 lignum
227 1887 268 1921 est
286 1885 433 1921 habitum
444 1886 583 1921 scientia:
596 1898 660 1920 non
674 1887 777 1920 minus
795 1887 835 1921 ad
850 1889 1118 1936 imaginationem
1139 1885 1238 1934 ipsam
1250 1915 1259 1930 ‚
1273 1899 1370 1934 quam
1384 1888 1426 1920 ad

37 1933 244 1971 intelle6mm
253 1937 427 1983 pertinere.
453 1936 537 1983 Qae
551 1935 638 1970 enim
659 1933 749 1969 causa
763 1938 876 1983 potuit
898 1949 938 1971 ex
954 1935 1096 1983 subjecto
1114 1934 1267 1984 spiritali,
1281 1936 1331 1970 cui
1346 1934 1427 1971 nihil

39 1982 83 2017 est
99 1983 504 2032 contrarium‚qualitatem
516 1984 632 2019 itidem
644 1981 820 2032 spiritalem
838 1984 1012 2034 expellere?
1027 1988 1099 2022 Nec
1113 1996 1224 2020 tamen
1237 1985 1426 2033 negaverim

39 2043 183 2067 mentem
200 2033 543 2080 humanam,quatenus
556 2031 690 2068 naturali
712 2031 830 2068 lumine
843 2040 877 2072 &
891 2037 1038 2083 appetitu
1055 2032 1190 2070 naturali
1219 2033 1367 2068 instrueka
1384 2033 1428 2068 est

32 2083 128 2120 ,varie
137 2081 313 2117 modificari
325 2110 336 2127 ‚
349 2081 474 2119 &affici
487 2093 603 2130 3atque
614 2080 675 2116 illae
685 2080 873 2119 affectiones
883 2081 1038 2132 acquisitae
1052 2082 1180 2119 habitus
1197 2080 1428 2130 spiritalesjdici

37 2126 176 2175 possunt.
993 2162 995 2165 .
1116 2171 1121 2176 ,

94 2179 242 2224 confirm.
264 2193 288 2214 2-
312 2181 455 2216 Habitus
466 2182 652 2228 acquiritur,
668 2179 724 2214 ubi
742 2183 857 2228 quaein
869 2180 1016 2226 subjecto
1035 2192 1103 2216 erat
1123 2180 1301 2229 oppofiti0‚
1318 2184 1352 2216 &
1372 2191 1429 2215 ve-

45 2224 93 2259 lut
103 2227 243 2273 rigiditas
253 2232 397 2276 repetitis
411 2229 536 2265 affitibus
548 2229 709 2276 superatur
723 2242 731 2263 z
743 2241 778 2265 ut
795 2243 866 2266 cum
879 2233 967 2278 pueri
980 2230 1088 2265 literas
1099 2230 1240 2264 formare
1259 2230 1428 2276 incipiunt,

46 2278 82 2310 &
97 2273 182 2309 mille
194 2277 450 2328 modislinguam
467 2278 635 2314 infleEtunt
650 2292 657 2314 :
675 2277 773 2324 idque
789 2281 823 2314 in
846 2281 1086 2322 omnicorporis
1107 2277 1263 2314 facilitate
1277 2275 1427 2325 acquisita

48 2334 178 2357 cernere
197 2325 248 2360 est.
261 2327 302 2359 At
311 2327 395 2363 forte
406 2341 473 2363 non
489 2339 577 2363 tanta
590 2328 632 2361 est
644 2329 676 2362 in
694 2325 760 2374 ipso
772 2326 941 2362 intellectu
951 2326 1117 2362 difficultas
1134 2339 1261 2374 3neque
1277 2329 1363 2362 enim
1375 2339 1431 2374 per

44 2382 155 2419 partes
168 2371 335 2417 perficitur.
349 2377 457 2425 Atque
474 2387 510 2412 ut
531 2376 646 2411 artifex
660 2388 729 2423 non
745 2378 821 2414 artis
833 2403 845 2420 ,
858 2375 910 2411 sed
923 2381 1035 2426 organi
1046 2390 1076 2414 v.
1091 2389 1120 2426 g·
1145 2376 1274 2412 cithara:
1286 2377 1367 2410 vitio
1378 2386 1429 2410 ar-

147 2419 240 2457 Tom.
267 2423 292 2456 l.
915 2441 919 2444 ·
1190 2426 1263 2473 Qq
