1857 2745
401 158 466 191 504
835 143 1323 181 METAPHYSIC·AE

398 194 531 241 alimjus
542 192 590 226 rei
610 189 832 238 applicatione
847 192 963 240 aliquis
977 190 1119 240 sequitur
1144 193 1294 239 effeetus,
1320 194 1377 242 qui
1394 205 1559 243 nunquam
1576 194 1652 231 alias
1673 196 1782 235 subse-

398 244 509 288 quitur
522 269 530 283 ‚
545 253 614 274 rem
624 239 715 274 illam
733 250 769 274 ut
779 240 901 276 causam
916 241 1051 278 effectfis
1076 244 1111 277 in
1130 244 1245 279 ordine
1257 245 1298 279 ad
1319 244 1473 278 humanas
1499 243 1641 279 scientias
1658 252 1776 284 merito

398 288 564 324 habemus.
585 290 703 323 Gravis
721 289 764 323 est
781 301 812 325 v.
825 291 1033 339 gr.&nescio
1043 304 1084 326 an
1103 305 1245 340 unquam
1263 292 1415 328 solvenda
1425 290 1597 328 difficultas
1609 322 1620 336 ,
1645 307 1686 330 an
1702 309 1773 333 cor-

396 350 454 385 pus
462 340 496 372 in
512 338 598 373 aliud
608 340 786 386 impadmm
801 338 877 374 huic
890 340 978 376 suum
988 353 1115 376 motum
1132 345 1369 385 communicet,
1389 355 1432 377 an
1450 354 1559 378 motus
1577 342 1632 377 ille
1648 344 1777 382 aliunde

396 387 567 423 adveniat:
583 393 615 425 &
629 399 737 423 tamen
748 386 768 422 fi
786 391 869 424 ratio
887 389 1045 425 habeatur
1058 402 1114 425 aut
1127 391 1259 441 physicae
1272 422 1280 436 ‚
1301 403 1355 426 aut
1365 392 1566 428 mechanices
1578 421 1587 435 ,
1614 394 1659 426 ita
1673 394 1707 428 id
1719 407 1777 430 ex-

395 436 509 484 plicari
527 436 629 472 debet
641 466 650 480 ,
674 435 760 484 quasi
781 449 886 473 motus
899 438 1029 489 &globo
1042 442 1074 474 in
1092 439 1228 489 globum
1239 441 1376 477 obvium
1394 441 1612 476 transferatur.
1643 443 1735 487 Imo,
1755 443 1779 481 fi

395 485 520 520 nostros
538 485 638 523 sensus
657 484 848 523 consulimus
863 516 874 534 ,
888 501 1012 527 motum
1024 488 1044 525 a
1058 488 1161 538 globo
1172 493 1313 542 impasto
1329 488 1483 539 proficisci
1505 491 1610 527 statim
1627 490 1776 528 decerni.

396 548 481 570 mus,

426 583 555 620 Infinita
565 596 846 633 pene-occurrunt,
863 590 895 624 in
906 587 1023 636 quibus
1036 588 1155 638 logicas
1172 617 1181 631 ,
1199 587 1251 623 seu
1261 588 1493 638 metaphvsicas
1504 589 1608 624 causas
1618 620 1627 635 ,
1645 605 1717 640 quae
1729 602 1780 630 ta*

394 646 471 669 men
480 646 548 670 non
562 646 595 668 re
607 663 616 677 ‚
634 633 688 669 sed
706 640 906 686 cogitatione
919 636 962 672 ab
980 638 1105 674 effeffis
1122 637 1274 673 differunt
1285 667 1294 681 ‚
1311 652 1377 673 non
1390 637 1534 687 physicas
1551 645 1585 676 &
1603 642 1703 677 reales
1720 644 1779 678 ad-

394 683 550 718 ducimus.
577 685 683 731 'Hujus
699 689 824 733 generis
844 687 914 722 sunt
926 687 1058 723 effeetus
1074 700 1188 724 omnes
1204 716 1212 731 ‚
1236 689 1298 734 qui
1310 700 1348 722 ex
1360 700 1448 723 certo
1458 690 1597 737 partium
1607 688 1663 726 situ
1676 696 1779 741 &po-

393 731 505 766 sitione
517 733 704 768 dimanant:
728 738 809 771 utin
822 735 959 785 physicis
977 736 1112 772 densitas
1124 767 1133 781 ‚
1151 739 1280 780 raritas,
1297 740 1438 785 opacitas
1455 766 1465 780 ,
1486 737 1716 786 perspicuitas;
1731 744 1779 778 uti

393 779 448 814 suo
459 780 532 815 loco
542 793 756 829 exponemus.
777 787 829 820 Sic
846 786 961 822 relatio
969 799 1007 822 ex
1022 789 1162 822 termino
1176 788 1335 834 ;privatio
1346 815 1356 829 ,
1380 798 1416 820 ut
1429 799 1515 821 mors
1530 815 1540 830 ,
1567 800 1606 823 ex
1621 789 1753 825 vulnere
1767 809 1778 835 ς

393 833 517 864 caecitas
531 842 569 865 ex
580 832 645 865 ictu
657 831 727 867 fieri
737 837 935 883 concipitur:
953 849 1059 884 neque
1075 838 1163 871 enim
1182 835 1313 883 produci
1324 833 1455 918 possunt
1478 848 1534 883 per
1546 848 1657 872 veram
1671 840 1777 873 aritio..

394 891 479 915 nem.
498 883 531 914 In
550 880 668 963 elodem
678 894 798 930 genere
817 875 1197 922 suiff'denominationes
1215 886 1321 919 extrin
1337 896 1418 928 ecae,
1444 897 1512 932 quae
1522 885 1603 920 nihil
1617 886 1688 921 fere
1708 886 1777 924 sunt

393 939 504 974 praeter
529 942 562 963 re
579 941 713 965 atrones.

429 978 565 1012 Moralis
576 979 665 1014 causa
677 993 742 1015 non
762 979 890 1029 physice
903 983 1037 1030 quidem
1057 982 1159 1018 inf-luit
1179 984 1210 1016 in
1225 981 1378 1017 effectum
1395 1011 1404 1025 ‚
1422 981 1472 1016 sed
1490 984 1523 1017 in
1540 983 1654 1019 ordine
1671 983 1711 1018 ad
1725 995 1779 1019 re-

393 1029 478 1062 &am
494 1028 664 1063 hominum
673 1030 940 1066 existimationem
963 1033 1096 1080 perinde
1120 1031 1150 1066 se
1169 1029 1289 1074 habet,
1302 1043 1339 1065 ac
1362 1030 1382 1065 si
1397 1043 1472 1066 vere
1492 1031 1642 1067 influeret
1660 1047 1668 1069 :
1690 1033 1777 1068 unde

393 1092 411 1110 n
426 1077 522 1112 omlis
530 1077 619 1111 causa
633 1080 664 1111 in
674 1078 873 1116 effectricem
886 1110 895 1124 ‚
913 1081 1115 1116 materialem
1127 1086 1159 1117 δι
1169 1080 1343 1116 formalem
1355 1081 1456 1115 dividi
1467 1082 1579 1129 potest.
1591 1082 1659 1130 Qi
1672 1084 1777 1131 impe-

392 1137 441 1160 rat
452 1140 484 1161 v.
499 1138 543 1173 gr.
557 1126 789 1170 homicidium,
804 1129 1114 1175 quasi‘homicidium
1131 1126 1357 1178 perpetrasset,
1374 1129 1415 1164 sic
1427 1132 1555 1178 punitur
1572 1144 1579 1166 :
1596 1135 1650 1179 qui
1666 1133 1778 1179 ignem

391 1175 566 1217 admovet,
589 1175 678 1209 causa
693 1177 735 1210 est
753 1177 883 1211 moralis
900 1184 933 1214 δε
950 1179 1095 1214 effectrix
1109 1178 1200 1226 ipsius
1216 1178 1491 1226 conflagrationis.
1510 1180 1622 1227 Atque
1637 1179 1778 1230 ejusmo..

392 1226 423 1258 di
452 1223 550 1258 causae
569 1225 601 1257 in
625 1224 786 1273 physicam
807 1227 970 1261 achonem
993 1230 1205 1262 terminant-ur
1230 1242 1239 1262 ι
1264 1226 1328 1261 sive
1350 1227 1649 1277 causanrsubje6b
1671 1229 1780 1278 appli.

392 1285 467 1308 cent
485 1302 494 1315 ,
526 1271 589 1306 sive
608 1272 717 1308 obices
740 1287 944 1311 removeant.
980 1278 1071 1324 Saepe
1093 1278 1205 1310 evenit
1236 1288 1272 1310 ut
1289 1275 1379 1310 causa
1401 1277 1531 1312 moralis
1553 1281 1637 1313 circa
1670 1278 1778 1327 physi-

392 1336 463 1357 cam
486 1324 650 1357 actionem
675 1336 742 1358 non
769 1323 912 1358 versetur
926 1353 935 1367 ‚
975 1331 1008 1362 &
1039 1337 1147 1360 tamen
1173 1323 1342 1360 effe-&rios
1375 1325 1495 1360 habeat
1525 1329 1682 1361 rationem
1703 1342 1711 1362 ε
1739 1340 1775 1364 ut

392 1374 449 1419 qui
466 1371 627 1406 contrahit
640 1400 649 1413 ‚
678 1371 765 1405 causa
788 1372 830 1405 est
849 1376 928 1419 juris
945 1373 1103 1420 acquisiti,
1121 1385 1174 1407 aut
1187 1374 1315 1420 perditi.
1330 1375 1410 1408 Non
1425 1373 1564 1409 diffimili
1576 1376 1677 1410 modo
1688 1378 1776 1411 aetio

392 1420 519 1469 physica
537 1421 578 1454 est
598 1420 787 1468 plerumque
803 1423 957 1465 materia,
978 1434 1017 1456 ex
1030 1434 1093 1470 qua
1112 1420 1147 1456 fit
1163 1433 1244 1469 opus
1258 1420 1381 1456 morale
1393 1450 1403 1465 ‚
1434 1422 1486 1457 vel
1506 1423 1677 1459 honestum
1689 1453 1698 1468 ,
1720 1425 1776 1461 vel

391 1481 494 1518 turpe.

425 1521 575 1565 Sequitur
595 1519 683 1553 causa
704 1531 793 1553 mere
812 1519 978 1568 objee‘tiva
990 1550 1000 1564 ,
1016 1532 1087 1568 quae
1113 1521 1310 1556 determinat
1332 1523 1515 1568 potentiam
1534 1521 1574 1555 ad
1594 1522 1776 1571 agendum,·

391 1571 443 1603 Sic
456 1567 588 1603 affectio
606 1568 754 1614 quaedam
769 1569 914 1619 impressa
929 1569 1032 1605 sensus
1047 1582 1189 1619 organo,
1211 1582 1350 1618 quaeque
1369 1568 1489 1618 species
1506 1573 1670 1606 vocitatur
1681 1601 1691 1615 ,
1704 1571 1777 1608 sen.

389 1617 456 1652 sum
470 1617 659 1652 immediate
673 1647 682 1661 ‚
701 1619 770 1652 imo
786 1624 821 1656 ὃ(
833 1633 890 1669 per
904 1618 1027 1655 sensum
1037 1620 1270 1656 intermedium
1284 1648 1294 1663 ,
1319 1619 1526 1655 intellectum
1552 1619 1652 1668 ipsum
1669 1621 1778 1656 deter-

390 1668 498 1704 minat.
526 1669 604 1703 Non
616 1669 702 1702 enim
718 1667 872 1716 ejusmodi
886 1667 1074 1704 affedtiones
1085 1681 1177 1704 mens
1189 1670 1327 1716 excipit:
1340 1667 1390 1702 sed
1404 1667 1478 1703 cum
1497 1681 1532 1702 ea
1545 1682 1659 1705 omnes
1675 1670 1778 1705 facul·

391 1726 472 1750 tates
487 1717 622 1765 dirigat,
641 1717 947 1753 earumaffeffiones
962 1721 1098 1767 percipit
1112 1747 1120 1761 ‚
1145 1724 1178 1755 &
1193 1716 1234 1752 ab
1253 1720 1289 1752 iis
1313 1718 1561 1764 quodammodo
1578 1719 1777 1754 determina-

390 1777 441 1800 tur
458 1766 496 1799 ad
513 1765 674 1814 agendum
686 1795 695 1810 ‚
716 1767 814 1813 idque
832 1766 1012 1815 objective.
1031 1766 1259 1812 Quamobrem
1277 1779 1348 1801 cum
1373 1766 1452 1801 visus
1468 1781 1501 1803 v.
1519 1780 1566 1815 gr.
1589 1766 1624 1802 sit
1644 1767 1778 1803 indiffs..

389 1826 459 1848 rens
472 1826 507 1849 ut
519 1817 645 1862 nigrum
656 1814 707 1849 vel
718 1814 827 1851 album
839 1816 985 1851 colorem
1000 1818 1157 1864 percipiat
1166 1845 1175 1859 ,
1195 1817 1281 1850 hunc
1292 1816 1486 1851 determinat
1498 1816 1615 1864 species
1626 1846 1635 1860 ,
1654 1817 1705 1851 seu
1719 1817 1774 1852 af.

388 1863 492 1898 festio
507 1863 547 1897 ab
563 1862 697 1911 objecto
716 1864 884 1912 profecta:
900 1878 972 1913 quae
989 1865 1045 1900 ubi
1057 1866 1097 1899 ad
1118 1864 1217 1900 sensus
1237 1867 1398 1899 interioris
1415 1878 1569 1913 organum
1589 1865 1773 1900 transmitti·

391 1924 439 1946 tur
453 1941 461 1955 ‚
481 1911 604 1947 sensum
618 1925 749 1960 quoque
766 1916 956 1950 interiorem
966 1945 975 1958 ‚
989 1914 1041 1949 seu
1051 1916 1118 1948 vim
1131 1915 1387 1962 imaginatricem
1400 1915 1594 1949 determinat
1610 1927 1616 1947 :
1632 1926 1772 1961 cumque

388 1962 502 1995 eadem
513 1960 642 1996 affectio
656 1991 664 2005 ,
684 1962 735 1996 seu
747 1963 832 1999 idem
844 1964 1010 2009 vestigium
1021 1964 1138 1998 diutius
1151 1975 1296 1998 remanet
1307 1991 1316 2006 ‚
1334 1962 1392 1997 ubi
1406 1963 1511 1998 denuo
1522 1961 1686 1996 occasione
1710 1963 1772 1998 ali-

387 2023 451 2057 qua
465 2013 619 2045 excitatur
637 2039 645 2053 ‚
666 2011 862 2058 phantasiam
882 2004 937 2047 ad⁹
947 2015 1054 2048 astum
1071 2015 1247 2060 repetitum
1266 2040 1274 2054 ,
1297 2014 1364 2046 imo
1379 2017 1413 2048 &
1428 2010 1630 2046 intelledhim
1648 2010 1769 2059 ipsum,

387 2059 439 2093 sed
449 2059 591 2093 mediate
604 2059 758 2094 duntaxat
772 2067 805 2101 &
817 2061 985 2107 objefflve
999 2062 1202 2095 determinat.
1225 2062 1277 2094 Sic
1296 2060 1445 2095 voluntas
1462 2060 1502 2093 ad
1519 2060 1607 2094 aetus
1628 2060 1771 2096 necessa..

387 2110 451 2142 rios
464 2107 507 2142 ab
523 2108 655 2155 0b3eet0
678 2111 810 2156 cognito
822 2108 909 2157 quali
932 2108 1108 2157 impellitur
1121 2137 1131 2151 ,
1154 2110 1194 2143 ad
1211 2107 1328 2143 liberos
1350 2107 1516 2158 objedmm
1536 2109 1668 2156 quidem
1694 2122 1769 2147 eam

388 2169 500 2192 movet
513 2186 521 2199 ‚
542 2156 593 2190 sed
611 2156 714 2191 libere
722 2171 732 2191 -:
747 2158 815 2192 haec
825 2158 903 2194 vero
922 2158 1052 2207 seipsam
1064 2170 1178 2193 movet
1191 2164 1223 2195 &
1239 2157 1390 2206 applicat.

413 2208 491 2242 Non
502 2205 640 2240 dissimili
649 2206 782 2252 quidem
791 2210 916 2242 ratione
928 2205 1149 2250 praemssssrum
1162 2209 1310 2255 cognitio
1320 2206 1364 2240 est
1373 2205 1461 2240 causa
1474 2207 1588 2242 itidem
1600 2206 1765 2255 objectiva.

388 2253 692 2291 conclusionisNon
703 2259 788 2291 enim
801 2255 958 2304 praemissae
972 2256 1173 2300 formales‚ut
1186 2255 1252 2291 sunt
1263 2257 1350 2290 aetus
1366 2255 1517 2297 mentis,fi
1534 2258 1661 2303 proprie
1679 2256 1769 2304 loqui

389 2303 538 2337 volumus
551 2333 560 2346 ‚
581 2303 650 2339 sunt
660 2303 748 2338 causa
758 2305 966 2340 conclusionis
980 2321 987 2342 ε
1002 2319 1075 2340 cum
1084 2305 1161 2354 saepe
1172 2318 1239 2339 non
1258 2303 1294 2338 sit
1317 2303 1453 2352 amplius
1465 2303 1608 2339 formalis
1619 2308 1765 2353 cognitio

389 2351 609 2397 prqniiillirum,
622 2366 692 2387 cum
714 2357 833 2390 eruitur
845 2355 1011 2390 conclusio.
1033 2356 1123 2389 Nam
1135 2353 1180 2388 illi
1199 2354 1286 2388 a&us
1305 2351 1366 2387 sese
1380 2365 1492 2387 mutuo
1514 2357 1675 2402 excipiunt
1687 2383 1695 2396 ‚
1707 2366 1766 2388 ne-

391 2412 452 2448 que
467 2413 543 2435 unus
562 2403 607 2436 est
632 2401 781 2439 effectrix
804 2403 894 2440 causa
917 2403 1056 2440 alterius.
1076 2403 1140 2437 Sed
1157 2399 1318 2451 praemiffae
1345 2404 1482 2451 cognitae
1508 2403 1578 2439 sunt
1602 2401 1691 2437 causa
1713 2413 1768 2437 cur
