1857 2745
522 141 697 178 PARS*
748 140 1093 178 SECUNDA.
1420 157 1468 189 179

118 191 205 230 Cum
211 195 480 240 autem'quaeru'nt
490 203 531 227 an
544 202 594 226 res
605 189 641 226 fit
650 188 785 226 definite
795 191 902 226 futura
913 203 952 225 ex
967 188 1063 238 seipsa
1075 219 1085 235 ,
1105 201 1146 225 an
1156 200 1194 225 ex
1211 187 1263 225 sua
1276 188 1378 226 causa.

77 242 93 263 ·'
118 241 205 289 Resp.
219 240 308 274 Rem
316 242 350 276 in
369 239 464 289 stipsa
480 239 539 275 effe
555 239 695 276 futuram
706 250 892 289 comparate
902 241 941 274 ad
959 239 1048 275 suam
1064 239 1205 282 causam,
1230 236 1282 273 seu
1297 239 1337 273 ad
1356 239 1473 274 volun-

87 299 211 327 tatem:
228 301 264 323 ac
274 286 362 324 simul
374 290 592 338 pertendimus
604 292 714 325 Deum
739 303 806 325 non
819 289 931 338 fugere
943 317 953 332 ‚
979 301 1079 336 quam
1095 291 1126 323 in
1144 299 1270 336 partem
1298 287 1388 323 causa
1410 287 1473 324 sese

24 359 25 366 κ
66 349 70 353 ·
88 339 304 382 determinet,
318 351 392 374 cum
405 339 523 373 divinae
543 337 686 374 scientiae
700 339 781 375 nihil
799 337 961 374 occultum
974 335 1035 373 ess'e
1053 336 1159 386 poffit.

128 387 204 430 Sed,
221 388 394 431 inquiunt,
414 389 581 422 decretum
596 389 660 423 Dei
683 388 847 423 antecedit
863 388 1171 423 determinationem
1191 386 1367 423 voluntatis
1384 398 1474 420 crea-

78 447 130 472 ,ιε
142 465 151 479 ,
169 448 242 470 cum
260 433 296 470 fit
306 446 478 479 aeternum,
500 442 534 473 &
551 436 641 471 causa
653 439 697 471 rei
715 437 838 472 futurae.

123 485 211 532 Κήρ.
221 487 396 520 Decretum
406 486 552 521 divinum
563 487 754 522 antecedere
766 485 1072 521 determinationem
1086 484 1262 520 voluntatis
1275 484 1475 528 existentem,

89 546 157 572 non
172 533 319 568 futuram.

127 581 264 630 Instant.
275 581 434 618 Voluntas
452 581 584 633 seipsam
603 597 672 622 non
688 586 885 621 determinat
904 611 914 627 ‚
929 596 996 620 non
1011 583 1099 618 enim
1117 581 1160 616 est
1174 580 1264 616 causa
1284 582 1405 629 prima,
1424 580 1477 616 sed

91 629 237 667 secunda.

133 680 220 729 Refp.
242 678 458 716 Voluntatem
485 695 550 718 non
574 681 635 718 esse
667 684 806 730 primam
835 681 961 717 causam>
972 711 982 726 ,
1013 693 1085 716 cum
1114 680 1213 715 aliam
1248 678 1397 729 agnoscat
1428 678 1479 714 su.

90 730 251 778 periorem
267 756 278 771 ‚
295 741 363 775 quae
380 742 453 764 cum
473 731 626 766 omnibus
637 730 730 765 causis
742 735 905 767 concurrit
923 746 930 767 :
950 730 1002 766 sed
1024 730 1086 765 hoc
1099 728 1203 777 ipsum
1222 729 1322 764 habet
1340 729 1360 765 ἐι
1375 732 1451 765 Deo
1466 756 1477 771 ‚

89 777 178 826 quod
190 774 321 825 seipsam
332 777 546 812 determinare
564 778 659 832 poffit
672 780 710 813 ad
730 780 903 828 agendum.
922 782 977 817 Ne
993 778 1072 813 illud
1090 780 1224 825 quidum
1241 792 1304 826 neg
1316 791 1394 813 mus
1412 780 1479 826 pri-

93 839 180 862 mum
194 824 333 860 liberum
348 826 471 861 causan-i
485 825 546 862 effe
563 828 689 863 secundi
703 827 798 863 liberi
814 859 823 873 ,
844 828 894 864 seu
916 828 1092 864 voluntatis
1109 828 1237 863 nostrae:
1254 840 1329 862 nam
1345 826 1481 861 liberta„

93 886 160 910 tem
177 874 219 909 ab
231 886 273 908 eo
285 878 464 922 accepimus
479 875 557 911 :sed
568 890 633 912 non
645 889 817 926 propterea
827 891 885 914 nos
903 879 945 912 ad·
964 877 1125 926 agendum
1141 875 1300 925 applicat,
1324 881 1357 913 δε
1371 876 1481 910 detet-

94 935 207 959 ΠἩΠΆἘ.

129 973 192 1007 Sed
207 1001 216 1016 ‚
243 976 391 1019 inquiunt
403 1000 411 1011 ,
430 971 564 1008 effeetus
578 972 702 1008 futurus
719 984 760 1007 eo
776 973 876 1008 modo
887 975 1014 1009 videtur
1027 973 1057 1009 in
1071 972 1161 1008 causa
1178 1003 1186 1017 ‚
1205 985 1272 1021 quo
1289 976 1321 1009 in
1335 972 1386 1007 illa
1401 985 1480 1008 con-

96 1023 236 1056 tinetur:
256 1024 357 1067 Atqui
373 1023 405 1055 in
425 1033 463 1054 ea
481 1025 661 1056 continetur
682 1035 747 1056 non
763 1024 836 1056 actu
851 1050 860 1063 ,
885 1021 937 1057 sed
964 1025 1110 1070 potentia
1124 1049 1134 1064 ‚
1157 1035 1230 1056 cum
1251 1020 1340 1056 causa
1358 1021 1480 1070 semper

95 1069 427 1105 maneatindiffirens
441 1083 448 1105 ε
460 1072 554 1118 Ἐῐὲο
567 1072 598 1103 in
614 1069 677 1116 ipsa
699 1069 787 1103 causa
798 1070 900 1104 videri
912 1084 977 1105 non
987 1071 1088 1118 potest
1100 1071 1173 1104 actu
1195 1075 1228 1104 δε
1249 1068 1392 1104 definite.

144 1118 380 1167 Resp.Causam
398 1117 520 1165 semper
532 1115 839 1153 csstindiffirentem
861 1118 1005 1153 absolute
1017 1147 1026 1162 ‚
1050 1119 1091 1154 C.
1108 1130 1145 1152 ex
1160 1116 1328 1166 hypothesi
1340 1118 1428 1164 quod
1446 1116 1494 1152 fit*

96 1167 340 1202 determinanda
352 1196 361 1211 ,
376 1169 421 1203 N.
433 1179 538 1214 neque
549 1179 586 1202 ex
601 1166 660 1201 hac
670 1165 859 1202 difficultate
873 1167 935 1202 sese
952 1168 1127 1216 expediunt
1141 1167 1316 1201 Thomistae
1330 1194 1339 1210 ,
1351 1178 1425 1200 cum
1439 1165 1481 1200 ab

96 1217 135 1251 iis
154 1218 359 1262 requirimus,
369 1214 427 1250 ubi
446 1218 534 1251 Deus
547 1216 657 1250 videat
666 1227 833 1264 peccatum
848 1216 992 1251 futurum
1009 1230 1016 1250 τ
1035 1229 1101 1251 non
1117 1218 1204 1250 enim
1216 1217 1247 1250 id
1264 1216 1410 1249 decrevit
1429 1215 1482 1249 fu-

98 1275 222 1300 turum:
238 1268 322 1314 Ergo
331 1267 363 1299 in
380 1263 613 1299 causasecunda
625 1293 633 1307 ,
645 1276 710 1299 aut
739 1267 845 1313 potius
861 1295 871 1309 ,
886 1277 922 1300 ut
944 1265 1052 1300 multis
1081 1265 1256 1301 Thoniistis
1277 1264 1404 1299 videtur
1416 1293 1426 1307 ‚
1449 1266 1484 1299 in

98 1313 150 1349 sua
165 1316 342 1349 aeteriiitate
355 1325 467 1348 omnes
491 1324 627 1348 eventus
645 1313 767 1348 futuros
786 1316 956 1350 intuetur.⁴

134 1363 171 1397 Id
189 1365 276 1398 enim
288 1376 349 1398 nos
361 1362 444 1398 fallit
456 1391 465 1406 ‚
483 1362 572 1410 quod
591 1365 666 1398 Deo
683 1361 914 1410 praescientiam
935 1393 945 1407 ‚
973 1375 1028 1398 aut
1068 1361 1264 1397 raevisionem
1287 1360 1461 1395 tribuamus
1473 1390 1484 1404 ,

98 1410 182 1459 quasi
194 1409 316 1459 aliquid
327 1411 363 1446 fit
382 1414 456 1446 Deo
471 1411 614 1446 futurum
629 1424 637 1446 ε
654 1423 728 1445 cum
741 1413 851 1446 omnia
871 1412 954 1447 illius
973 1376 1156 1460 conigestui
1170 1411 1228 1446 sint
1242 1409 1418 1458 praesentia,
1433 1411 1483 1443 nir

100 1459 146 1495 hil
159 1458 194 1494 fit
209 1460 371 1503 futurum,
393 1459 475 1494 nihil
488 1461 707 1506 praeter‘itum.-
724 1462 837 1508 Qate
853 1473 888 1494 ut
906 1463 938 1494 in
952 1463 1027 1496 Deo
1045 1474 1110 1495 non
1123 1461 1164 1494 est
1182 1472 1288 1494 rerum
1311 1460 1486 1504 praeterita-

101 1520 173 1542 rum
183 1509 361 1551 memoria,
385 1510 430 1541 ita
439 1519 498 1541 nec
516 1509 722 1553 expectatio,
746 1518 800 1540 aut
820 1507 965 1554 praevisio
983 1507 1167 1541 futurarum.
1199 1510 1325 1541 Omnes
1354 1517 1485 1552 tempo-

103 1557 144 1589 ris
163 1553 361 1591 differentias
376 1556 558 1588 aeternitate
572 1553 621 1588 sua
633 1554 861 1601 compleffitur
875 1583 885 1598 ‚
915 1567 1071 1602 quae-cum
1089 1553 1260 1589 sitinfinita
1285 1560 1317 1590 δε
1334 1553 1485 1596 indivisa,

104 1615 231 1652 tempus
249 1616 347 1639 omne
365 1603 456 1639 velut
471 1605 501 1637 in
520 1615 585 1637 uno
605 1604 789 1638 :eternitatis
802 1601 995 1650 stiae·pun&o
1012 1602 1147 1651 coiligit.
1179 1604 1266 1638 Cum
1292 1604 1388 1649 igitur
1407 1615 1486 1650 prae-

102 1651 259 1688 visionem
272 1656 347 1688 Deo
357 1681 367 1695 ‚
384 1663 439 1686 aut
449 1650 678 1700 praescientiam
703 1650 872 1686 tribuimus
883 1680 892 1694 ,
906 1651 1072 1700 vulgarem
1093 1658 1126 1688 &
1144 1652 1254 1686 rudem
1267 1651 1484 1696 concipiendi,

103 1713 141 1736 ac
151 1702 304 1748 loquendi
320 1701 454 1736 modum
465 1699 643 1747 sequimur:
663 1712 734 1734 cum
753 1703 840 1736 Deus
856 1700 972 1735 cuneta
987 1702 1148 1735 intueatur
1162 1711 1322 1747 quatenus
1349 1701 1386 1732 iis
1408 1711 1487 1747 prce-

105 1748 413 1785 sentiaimmutabili
433 1755 466 1786 &c
478 1749 758 1783 :eterna-coexistit.
789 1750 865 1783 Nec
878 1778 887 1792 ,
910 1748 930 1783 fi
951 1749 1080 1796 proprie
1101 1748 1191 1796 loqui
1209 1749 1356 1784 volumus
1368 1776 1376 1789 ,
1390 1748 1485 1794 quid-

108 1812 208 1846 quam
219 1800 394 1846 praevidet‚
425 1798 476 1832 sed
495 1810 603 1831 coram
623 1800 772 1832 intuetur.
795 1799 902 1845 Atque
918 1798 991 1833 hinc
1005 1809 1074 1844 quae
1085 1797 1230 1832 adversus
1249 1795 1485 1831 conclusionem

106 1849 242 1884 nostram
259 1847 433 1882 affsiuntur
445 1875 454 1889 ‚
475 1846 575 1881 facile
588 1845 803 1880 diffolvemus.

144 1899 221 1931 Huc
241 1897 346 1940 adde,
364 1899 472 1930 Deum
496 1895 605 1928 videre
621 1895 930 1930 determinationem
948 1893 1125 1929 voluntatis
1144 1891 1256 1927 nostrae
1286 1890 1427 1926 futuram
1456 1893 1488 1927 in

108 1944 205 1992 seipsa
228 1959 236 1981 ε
260 1958 330 1980 cum
354 1943 390 1979 (it
408 1945 620 1978 determinata
635 1956 693 1991 pro
713 1954 860 1990 tempore
880 1943 1009 1985 futuro,
1031 1947 1063 1978 &
1084 1939 1299 1988 intelhgibilis
1326 1942 1357 1974 in
1376 1940 1487 1975 ordine

109 1994 149 2027 ad
162 1992 244 2028 suam
254 1994 386 2029 causam.
398 1995 479 2029 Non
496 1992 581 2039 quo-d
598 1995 685 2027 Deus
707 1992 886 2039 quidquam
909 1989 1081 2039 cognoscat
1097 1992 1130 2024 in
1155 2000 1319 2030 creatura,
1339 2000 1489 2035 tanquam

110 2045 142 2078 in
155 2041 287 2090 objcCto
301 2044 454 2091 primario
468 2046 499 2077 ὅ(
513 2043 662 2076 motivo:
676 2053 726 2074 res
741 2043 829 2076 enim
844 2052 956 2076 creatae
967 2051 1101 2075 movere
1114 2052 1181 2074 non
1192 2036 1317 2086 possunt
1332 2040 1440 2072 Deum
1449 2038 1489 2071 ad

110 2091 233 2138 aliquid
245 2089 499 2139 cognoscendum
521 2106 529 2132 3
545 2088 596 2123 sed
615 2090 645 2123 id
660 2089 770 2123 videre
789 2091 894 2137 potest
910 2091 942 2125 in
953 2102 987 2123 re
1001 2100 1106 2123 creata
1116 2117 1126 2132 ,
1141 2099 1177 2122 ut
1188 2088 1220 2121 in
1231 2085 1363 2133 objecto
1380 2089 1491 2121 termi-

113 2141 244 2183 native,
269 2151 304 2174 ut
320 2140 496 2187 loquuntur
512 2167 521 2182 ,
544 2143 576 2174 &
600 2137 786 2172 secundario
805 2154 813 2174 ε
830 2139 917 2187 quod
935 2140 1021 2173 enim
1039 2138 1085 2171 est
1098 2136 1177 2171 intel
1193 2134 1305 2183 igibiie
1326 2141 1357 2171 δε
1382 2134 1490 2169 deter-

116 2190 271 2223 minatam
281 2188 380 2223 habet
395 2190 566 2222 veritatem
585 2215 594 2229 ,
618 2186 650 2220 id
670 2187 776 2234 potest
796 2188 1011 2222 determinare
1028 2186 1172 2220 divinam
1194 2185 1424 2231 cognitionem·

151 2238 264 2283 ltaque
284 2235 634 2285 veritaspropofitionis
657 2236 695 2269 de
721 2235 831 2270 futuro
858 2236 1060 2283 contingenti
1082 2235 1237 2281 repetitur
1262 2243 1300 2265 ex
1324 2231 1491 2266 voluntate

118 2295 244 2327 creata,
272 2298 341 2332 quae
367 2285 468 2320 libere
497 2284 559 2319 sese
588 2284 837 2318 determinatum
855 2285 898 2319 est
917 2313 926 2326 ‚
958 2290 991 2320 δε
1021 2295 1059 2317 ex
1081 2283 1211 2315 decreto
1225 2280 1337 2314 divino
1358 2292 1492 2315 concur·

119 2332 209 2366 rendi
222 2345 291 2367 cum
306 2334 470 2369 voluntate
479 2344 606 2368 creata:
624 2344 699 2368 ante
720 2333 885 2367 decretum
900 2333 1047 2365 divinum
1069 2331 1115 2365 est
1144 2340 1268 2364 tantum
1285 2341 1358 2363 vera
1378 2329 1492 2364 condi..

120 2382 290 2425 tioiiate,ut
305 2384 392 2418 aiunt
401 2383 480 2430 31³0st
496 2383 663 2418 decretum
673 2381 715 2417 est
733 2393 809 2419 vera
825 2380 982 2417 absolute.
1001 2380 1238 2427 Veritasigitur
1257 2377 1401 2412 absoluta
1411 2389 1493 2431 pen²

1255 2429 1282 2462 Z
1303 2429 1325 2473 ij
