1857 2745
501 108 875 146 TRACTATUS
917 110 1174 147 TERTIUS.
1484 117 1537 147 61r

151 159 211 195 lius
235 155 502 204 conjunctionem
519 170 601 201 cumr
618 170 754 208 corpore
771 157 885 203 efficit,
905 160 1013 207 idque,
1025 163 1185 203 maxime,
1214 157 1235 194 si
1254 161 1321 195 vim
1339 158 1533 195 sentientem

150 207 478 257 prolicomrnunicat.
500 208 565 242 Sed
588 211 678 244 Deus
714 207 861 243 humanae
887 207 970 244 illius
1001 211 1244 244 communionis
1264 208 1350 257 leges
1371 208 1436 257 ipse
1456 222 1535 246 con-

153 258 266 293 stituit.
291 257 382 292 Nam
402 267 442 290 ea
468 258 658 304 conjunctio
676 255 718 291 ab
734 256 883 292 Authote
896 269 1017 293 naturae
1042 260 1084 294 est
1107 259 1249 293 instituta
1262 287 1271 301 ,
1291 270 1328 292 ac
1340 261 1443 304 prima
1460 257 1544 293 illius

151 305 244 342 causa
252 304 297 341 est
310 304 420 339 divina
429 305 580 340 voluntas
596 322 606 349 ς
621 317 656 341 ut
667 305 803 342 secunda
815 305 906 341 causa
921 305 968 341 est
977 306 1144 342 neceffatia
1157 310 1319 342 caularum
1332 305 1541 342 secundarum

144 354 246 393 series
255 355 277 392 ὲ
292 352 461 389 voluntate
471 357 536 391 Dei
553 355 709 399 instituta,
723 366 762 390 ut
775 353 892 391 diserte
906 354 1046 404 explicat
1058 360 1100 393 D.
1114 356 1211 406 Cally
1230 355 1288 392 lib.
1303 370 1327 401 3.
1348 356 1538 404 Anthropo-

150 404 299 453 graphiae.

187 454 311 499 Instant
327 459 363 491 &
381 452 549 492 molestius
566 454 758 502 inquirunt,
790 453 959 501 quomodo
984 465 1098 491 namra
1119 453 1267 504 spiritalis
1285 465 1362 488 cum
1386 454 1541 502 corporea

150 505 235 538 uniri
249 514 304 538 aut
321 505 477 553 conjungi
493 501 596 563 poffit.

186 550 390 600 Responsum
408 557 475 601 jam
494 565 516 588 a
533 550 629 587 nobis
642 551 705 588 fuit
720 555 753 589 in
767 555 909 590 traQatu
931 548 1072 590 secundo
1086 580 1097 595 ‚
1121 563 1195 587 cum
1212 552 1252 586 de
1266 554 1390 587 unione
1401 580 1411 595 ,
1431 563 1467 586 ut
1479 564 1539 586 vo-

151 611 246 643 cant,
275 603 459 639 materiae&
470 601 585 637 formae
603 614 763 651 ageretur.
798 605 922 651 Neque
947 602 1034 638 aliud
1051 603 1085 636 in
1100 613 1135 636 te
1159 603 1302 636 maxime
1316 599 1458 635 abstrusa
1479 613 1540 636 no-

150 649 199 684 bis
215 652 355 685 occurrit
364 649 434 694 ,nifi
446 653 588 686 animam
603 653 719 686 intime
733 650 920 700 praesentem
932 650 994 687 ess'e
1006 652 1136 699 corpori
1149 666 1159 693 ;
1172 662 1247 685 curn
1265 649 1323 684 illo
1338 662 1438 685 unum
1463 650 1541 696 quid

150 703 185 735 &
210 711 307 734 unam
332 711 479 735 naturam
499 702 658 748 integram
678 698 823 745 efficere-,
833 712 927 736 moto
937 711 1073 750 corpote
1086 711 1163 734 >earn
1174 700 1324 742 moveri,
1340 710 1540 746 eamquere-

148 759 226 796 gere
239 746 394 797 subjectas
412 747 470 784 fibi
484 748 652 784 facultates
663 765 672 792 ;
686 762 722 784 ac
733 749 814 786 nihii
825 750 958 785 demum
969 750 1001 783 ei
1013 746 1118 784 deeffe
1129 750 1302 797 quominus
1313 749 1428 783 cun&
1438 746 1543 783 obeat

148 797 264 832 formae
291 809 434 834 munera.
467 798 569 845 Qod
587 809 697 833 autem
713 801 828 834 animae
853 804 887 836 &
904 810 961 833 cor
984 800 1049 834 oris
1069 799 1334 846 conjunctionem
1366 801 1402 833 &
1417 809 1541 832 nexum

150 847 250 881 etiam
263 842 365 881 efficit
379 875 388 890 ,
408 847 455 882 est
474 859 514 881 ea
533 846 584 881 lex
601 845 644 881 ab
663 847 809 883 Authore
822 859 943 883 naturae
970 850 1097 889 ancira,
1119 858 1184 894 qua
1202 847 1428 895 perceptiones
1438 847 1540 881 animi

149 897 230 930 certi
240 897 382 942 corporis
395 907 515 939 motuS,
532 900 566 932 ὃ(
574 894 708 931 viciffim
725 896 878 944 quasdam
890 897 1034 945 corporis
1045 898 1210 931 motiones
1221 907 1315 930 certat
1328 897 1539 943 cogitationes

149 946 268 978 mentis
279 943 561 991 consequuntutzut
572 946 728 993 inLogica
741 944 808 981 fuse
821 943 1037 993 exposuimus.
1066 943 1229 981 Naturalis
1241 943 1321 979 vero
1332 944 1386 979 illa
1408 942 1541 980 neceffi-

124 1033 128 1036 ,
152 992 234 1027 tudo
256 993 370 1027 animae
391 1004 467 1028 curn
509 1004 646 1041 corpore
669 1020 679 1035 ,
695 992 740 1029 est
761 1006 834 1030 curn
847 1005 920 1029 toto
929 1005 1084 1042 corpore,
1104 1006 1171 1040 quo
1189 993 1243 1028 illa
1261 991 1358 1028 sentit
1378 1022 1389 1036 ‚
1416 995 1475 1028 cui·
1491 1005 1542 1027 re-

151 1052 228 1076 vera
246 1043 402 1090 jungitur.
438 1043 518 1079 Non
535 1044 625 1077 enim
642 1054 716 1077 cum
743 1054 786 1077 eo
801 1041 1070 1078 neceffirudinem
1080 1040 1184 1077 habet
1198 1052 1358 1090 quatenus
1375 1040 1542 1076 extensum

150 1090 195 1125 est
207 1119 217 1133 ‚
234 1089 310 1124 curn
323 1102 360 1124 ea
369 1089 406 1126 sit
419 1089 654 1126 dimensionum
665 1103 706 1126 ex
732 1104 780 1127 ers
789 1120 799 1135 ,
813 1090 864 1126 sed
878 1103 1036 1139 quatenus
1049 1091 1098 1126 est
1110 1103 1211 1139 capax
1226 1091 1413 1125 exercendae
1425 1093 1540 1125 ineam

147 1140 286 1175 aetionis
301 1155 310 1181 ;
329 1150 489 1186 quatenus
503 1138 623 1174 scilicet
635 1139 679 1174 est
710 1142 758 1174 uis
774 1141 902 1188 organis
930 1141 1133 1176 instmetum:
1150 1151 1211 1174 nec
1223 1150 1335 1174 manet
1352 1150 1391 1173 ea
1405 1144 1540 1187 conjun-

150 1189 240 1230 etio,
264 1186 320 1223 nisi
333 1188 475 1235 quandiu
487 1199 599 1222 manet
623 1187 782 1236 utriusque
802 1186 999 1231 efficientiam
1012 1200 1073 1224 nec
1087 1188 1210 1223 recedit
1228 1189 1356 1231 anima,
1385 1186 1441 1222 nifi
1465 1200 1539 1222 cum

149 1238 344 1286 praecipuum
361 1236 493 1285 aliquod
510 1238 653 1285 corporis
662 1249 820 1286 organum
830 1236 952 1273 deficit.

183 1286 247 1321 Sed
263 1297 337 1328 cur,
355 1286 639 1332 inquiunt,anima
653 1299 721 1321 non
760 1288 860 1321 oterit
871 1285 892 1321 a
913 1283 1101 1334 parentibus
1120 1285 1253 1320 traduci.

186 1335 276 1383 Resp.
292 1334 324 1368 id
341 1332 411 1368 fieri
428 1346 494 1368 non
505 1331 612 1381 poffe,
632 1332 721 1380 quod
734 1299 771 1368 sir
790 1333 935 1381 spiritalis
952 1339 986 1370 &
1000 1332 1200 1367 indivisibilis
1219 1347 1227 1368 :
1250 1332 1296 1367 est
1314 1335 1401 1367 enim
1416 1343 1485 1367 tota
1505 1335 1538 1368 in

147 1385 305 1432 gignente
315 1409 325 1425 ,
337 1394 398 1417 nec
410 1393 481 1430 pars
493 1381 578 1415 illius
593 1383 627 1415 in
643 1384 791 1428 genitum
814 1379 942 1417 transite
965 1381 1091 1430 potest:
1114 1383 1190 1428 quia
1202 1393 1240 1416 ex
1254 1393 1287 1415 re
1300 1380 1431 1429 spiritali
1446 1386 1478 1418 &
1489 1383 1538 1417 in-

152 1429 303 1467 divisibili
322 1430 406 1466 nihil
432 1430 540 1478 potest
554 1429 725 1466 decedere.

179 1479 318 1514 Rursum
334 1489 457 1527 urgent·
475 1481 508 1513 Si
527 1481 638 1513 anima
649 1479 696 1514 est
708 1478 925 1522 indivisibilis,
945 1478 1116 1525 quomodo
1135 1490 1193 1527 pet
1218 1489 1323 1514 totum
1339 1490 1451 1525 corpus
1473 1477 1536 1513 dif-

150 1529 246 1565 fundi
263 1528 370 1577 potest
387 1537 397 1564 2
416 1527 517 1576 Qod
532 1526 553 1561 fi
572 1526 651 1562 vero
664 1556 673 1571 ,
699 1540 736 1565 ut
754 1527 852 1565 visum
877 1528 920 1562 est
945 1522 1101 1570 Alberm,
1122 1527 1224 1562 alicui
1249 1529 1333 1576 parti
1350 1555 1360 1570 ,
1387 1538 1424 1562 ut
1446 1528 1536 1561 cordi

148 1590 208 1613 aut
225 1575 362 1613 cerebro
390 1576 525 1620 inlidet,
552 1577 722 1625 quomodo
754 1580 815 1614 erit
842 1578 987 1626 corporis
1005 1574 1130 1620 forma,
1149 1581 1183 1613 &
1207 1588 1280 1611 cum
1296 1588 1338 1610 eo
1358 1586 1426 1611 eam
1447 1577 1536 1611 anste

151 1628 356 1674 conjungitur
374 1637 385 1663 Ξ

198 1677 288 1724 Resp.
300 1682 329 1710 ι0
338 1678 477 1710 animam
492 1678 523 1710 in
534 1686 670 1725 corpore
691 1674 878 1720 virtualem,
897 1688 965 1711 non
977 1674 1150 1710 formalem
1167 1672 1290 1708 habere
1302 1671 1536 1716 extenofinem,

150 1735 187 1760 ut
201 1723 242 1758 de
255 1723 387 1772 Angelis
397 1725 544 1762 diximus.
563 1728 680 1761 Anima
700 1727 796 1775 igitur
807 1727 937 1773 corpori
952 1722 1009 1759 suo
1022 1724 1108 1758 adest
1122 1752 1132 1766 ‚
1159 1727 1192 1759 ὅ(
1208 1734 1266 1771 pet
1283 1733 1399 1769 corpus
1423 1721 1538 1756 diffissa

151 1785 219 1808 non
230 1773 337 1817 mole,
355 1773 407 1808 sed
424 1776 556 1811 virtute.
579 1775 630 1811 Est
644 1776 733 1810 enim
742 1776 896 1810 cometa
909 1775 1035 1808 virtutis
1051 1800 1061 1816 ,
1072 1772 1261 1818 ubicunque
1275 1772 1343 1818 agit
1353 1797 1364 1813 ‚
1382 1783 1447 1805 non
1459 1783 1537 1805 con-

154 1821 242 1862 tastu
253 1822 358 1858 molis.
378 1824 452 1871 Agit
462 1834 572 1858 autem
586 1825 695 1858 anima
710 1825 746 1859 in
755 1834 871 1871 corpus
890 1850 900 1865 ,
923 1827 1010 1871 cujus
1028 1833 1132 1870 partes
1143 1831 1317 1855 moverant
1327 1818 1405 1854 fistit
1420 1847 1430 1863 ‚
1450 1831 1486 1853 ut
1495 1818 1535 1854 li-

152 1869 281 1917 buerit:
300 1877 546 1920 &nquoecunque
555 1882 605 1908 tes
617 1874 654 1908 in
665 1872 762 1907 aliam
770 1870 930 1920 agit‚huic
943 1870 1075 1919 praesens
1092 1869 1193 1905 adest.
1205 1871 1295 1906 Nam
1313 1866 1335 1903 fi
1348 1867 1421 1902 loco
1430 1866 1536 1911 abest,

175 1920 284 1957 exinde
300 1913 329 1955 se
343 1918 444 1955 habet
453 1949 464 1964 ‚
475 1930 513 1955 ac
524 1919 625 1957 sinon
636 1919 724 1958 estet.
735 1920 790 1957 Est
802 1922 898 1969 igitur
910 1931 1002 1955 mens
1019 1919 1160 1955 humana
1173 1919 1205 1953 in
1217 1928 1354 1966 corpore
1375 1929 1442 1952 non
1458 1930 1535 1952 mo-

150 1931 325 2005 leextenla
339 1996 349 2012 ,
366 1972 532 2005 nonenim
544 1970 588 2006 est
599 1976 714 2020 corpus
724 1998 734 2014 ,
752 1981 814 2005 nec
826 1971 968 2017 eorporis
994 1968 1111 2004 modus
1122 1995 1133 2011 ,
1152 1965 1207 2001 sed
1234 1968 1357 2002 virtute
1381 1964 1514 2001 extensa
1525 1994 1536 2010 ,

152 2024 309 2065 quaemus
321 2020 356 2054 in
372 2016 499 2066 lingulis
515 2021 656 2068 'corpor-is
679 2017 825 2068 partibus
842 2025 923 2067 quas
943 2017 1099 2054 informat
1113 2043 1124 2058 ‚
1148 2027 1219 2051 rota
1239 2017 1317 2064 agit.

179 2066 266 2113 Resp.
283 2079 320 2102 ιο
336 2065 455 2102 etiamsi
463 2069 572 2103 anima
585 2070 640 2103 uni
655 2077 784 2104 tantum
794 2070 939 2115 corporis
952 2069 1034 2116 parti
1041 2064 1248 2115 potissimum
1264 2063 1393 2107 ineffet,
1405 2074 1443 2099 ut
1455 2062 1536 2098 mul-

152 2114 302 2156 tiset-iam
313 2113 536 2165 Peripateticis
546 2117 691 2161 videtur,
707 2116 1004 2153 nihilominusream
1016 2118 1160 2162 corporis
1169 2114 1310 2150 formam
1324 2112 1465 2147 futuram
1481 2124 1536 2148 :ut

154 2161 235 2197 visus
248 2192 259 2206 ,
277 2167 425 2211 quamvis
435 2177 530 2200 certae
547 2168 688 2214 corporis
697 2168 781 2214 parti
796 2166 942 2201 addietus
961 2193 970 2208 ‚
999 2166 1100 2200 totius
1121 2175 1228 2199 tamen
1254 2162 1400 2197 animalis
1419 2160 1466 2194 est
1489 2159 1537 2205 fa-

154 2209 276 2255 cultas,
293 2223 360 2250 non
370 2210 465 2250 solius
484 2218 596 2263 organi
607 2217 658 2249 cui
671 2212 857 2250 infidenSi‘c
866 2211 975 2249 anima
984 2225 1059 2250 cum
1076 2212 1274 2248 fitintirnum
1290 2210 1397 2245 motus
1417 2210 1535 2257 princi-

153 2263 245 2308 pium
257 2289 267 2303 ,
284 2269 339 2295 aut
347 2270 438 2296 certe·
448 2264 480 2298 id
490 2264 579 2311 quod
591 2275 704 2299 omnes
720 2272 829 2298 motus
846 2258 1042 2297 determinat
1052 2290 1062 2305 ,
1079 2263 1190 2297 formae
1205 2260 1368 2295 rationem
1382 2256 1534 2294 obtinet:

153 2308 218 2344 five
243 2317 300 2357 per
311 2318 416 2345 totum
429 2318 541 2358 corpus
559 2312 775 2355 diffimdatur‚
799 2322 836 2346 ut
852 2310 946 2347 nobis
967 2311 1119 2353 videtur,
1141 2309 1204 2345 five
1225 2311 1258 2343 in
1275 2307 1386 2355 aliqua
1412 2317 1534 2342 tantum

151 2360 294 2406 corpor-is
309 2367 401 2408 parte
414 2384 424 2402 ⁵
440 2368 637 2409 qusaecunque
648 2361 703 2404 illa
718 2360 756 2396 fit
767 2390 778 2406 ‚
797 2359 932 2397 insideat
947 2373 955 2396 :
977 2371 1078 2408 atque
1088 2370 1253 2407 utgemma
1271 2359 1304 2392 in
1311 2355 1454 2401 annulo,
1465 2368 1533 2392 vaut
