1857 2745
497 109 864 147 TRACTATUS
900 107 1160 150 TERTIUS,
1462 119 1516 161 535

129 161 202 197 vim
213 156 329 195 aniniae
349 162 540 196 morricem:
558 159 682 195 tametsi
706 160 812 195 calore
832 160 904 194 solis
922 161 1016 196 arbor
1035 172 1205 210 vegetetur
1222 190 1232 205 ,
1269 166 1303 198 &
1328 166 1360 197 vi
1377 166 1514 197 motrice

133 211 246 245 animae
259 221 327 244 crus
339 221 510 246 moveatur
523 227 532 253 3
553 207 591 242 fic
603 209 762 256 quidquid
773 209 819 244 est
829 208 908 245 boni
917 212 950 245 in
965 212 1094 246 actione
1105 212 1145 246 ad
1160 214 1267 246 Deum
1285 214 1440 259 pertinet,
1454 213 1510 247 de-

130 260 240 298 festus
253 261 359 293 omnis
373 259 412 292 ad
431 269 619 292 creaturam.

179 308 265 355 Rqsp.
274 322 299 342 2.
309 306 442 342 Nullam
451 305 500 341 hic
511 304 571 340 else
581 303 801 341 difficultatem
811 336 820 350 ,
833 306 854 341 si
862 308 948 343 aetio
958 307 1132 342 materialis
1145 322 1211 344 non
1221 309 1255 344 fit
1264 311 1391 349 entitas,
1400 320 1508 355 neque

130 364 186 388 ens
197 367 253 402 per
265 357 546 404 participationem
556 383 565 396 ,
582 354 670 400 quod
683 358 791 390 Deum
803 369 868 391 non
880 355 981 391 habet
994 356 1163 391 authorem
1177 387 1185 401 ,
1203 358 1259 393 nifi
1273 371 1313 392 eo
1329 357 1427 391 modo
1438 370 1505 403 quo

124 401 278 439 diximus,
292 404 391 440 Unde
412 417 483 438 cum
498 402 654 437 Celestius
672 404 756 451 apud
767 406 846 452 Aug.
859 404 882 440 Ι.
898 405 938 438 de
952 403 1123 454 perf.Just.
1136 419 1164 441 c.
1182 422 1227 443 22.
1245 416 1398 454 quaereret
1424 406 1503 452 quid

127 448 205 486 esset
216 464 384 500 peccatum
396 481 406 495 ‚
430 452 516 485 astus
532 464 574 485 an
596 463 643 484 res
659 453 672 482 ?
679 453 708 497 fi
725 465 772 487 res
787 454 844 497 est,
864 450 1030 499 inquiebat
1041 456 1147 500 neceffi
1169 455 1210 500 est
1220 466 1256 489 ut
1269 454 1431 489 authorem
1444 454 1495 489 ha.

125 495 212 536 beat.
226 501 568 550 Respondemu5‚inquit
583 501 664 548 Aug.
677 510 838 548 peccatum
848 502 976 549 quidem
991 502 1094 534 astum
1111 502 1176 536 dici
1188 531 1198 546 ,
1228 503 1266 538 ὠ·
1281 505 1345 548 effe,
1355 514 1415 536 non
1422 514 1502 536 rem»

121 547 244 584 ACturn
263 548 341 584 vero
367 548 519 597 intelligit
539 549 746 583 materialiter
775 549 934 598 sumptum
949 578 960 594 ‚
983 550 1023 583 de
1040 561 1106 596 quo
1122 563 1190 585 erat
1207 552 1343 599 quaestio
1368 567 1377 593 ;
1401 550 1499 597 idque

124 597 277 644 exemplo
290 597 432 646 explicat
448 612 457 633 ε
477 600 534 631 Sic
546 624 554 635 ,
576 598 704 645 inquit,
735 597 773 632 ῥ’
791 600 826 632 in
842 600 963 633 homine
981 600 1129 633 interiore
1144 602 1268 634 animus
1287 613 1335 633 res
1347 599 1388 643 est
1399 627 1409 637 ‚
1440 613 1495 632 ra-

119 647 201 690 pina
214 647 300 680 astus
317 646 357 690 est
375 661 385 680 .·
405 648 549 680 avaritia
561 648 676 680 vitium
687 646 743 691 est,
760 647 797 681 id
812 646 853 691 est
870 647 1013 694 qualitas
1023 646 1197 692 ftcundkm
1216 661 1312 695 quam
1330 649 1432 681 malus
1455 648 1496 692 est

122 694 253 727 animus.
268 697 383 742 Itaque
403 707 440 729 ex
458 705 567 730 mente
588 696 619 731 S.
640 695 723 742 Aug.
735 696 1027 742 praedeterminatio
1039 694 1168 743 physica
1181 709 1248 732 non
1263 698 1435 743 requiritur
1452 696 1494 731 ad

121 741 231 777 aetum
255 745 354 777 etiam
375 743 499 777 bonum
515 771 524 785 ,
545 755 702 788 quatenus
715 744 762 778 est
779 743 932 786 a&us,scu
941 754 979 778 ex
992 743 1256 780 subordinatione
1270 744 1365 779 causae
1382 744 1492 778 secun-

122 788 170 822 dae
182 790 222 823 ad
237 791 429 838 primarmfic
440 792 626 825 enim'aeius
636 791 735 825 malus
745 793 785 825 ad
799 796 907 828 Deum
917 802 953 826 ut
963 793 1003 826 ad
1019 793 1199 828 Authorem
1212 793 1296 829 suum
1307 793 1490 829 referretur.

155 837 256 883 Qod
267 851 376 875 autem
391 850 504 888 putant
517 851 576 874 Ποῖ
591 839 611 874 ἐι
626 843 700 875 Deo
720 840 927 875 determinari
946 840 986 874 ad
1004 841 1204 876 individuum
1215 842 1306 877 aenis
1321 870 1330 884 ‚
1351 842 1383 875 id
1399 841 1489 889 forte

119 887 254 922 minime
264 889 307 922 est
316 887 535 930 noceffarium‚
546 900 617 922 cum
629 887 762 931 adtio'ifit
773 889 837 937 ipsa
847 890 1071 924 determinatio
1086 893 1208 938 agentis
1222 894 1279 936 :iac
1296 889 1317 924 fi
1327 902 1373 924 res
1386 892 1490 925 omnis

117 933 173 968 fiat
187 947 226 969 ex
236 935 380 984 subjecto
397 936 508 983 aliquo
520 965 531 979 ,
545 948 584 970 ex
593 948 634 970 eo
648 949 780 983 quoque
792 936 894 971 habet
908 937 994 983 quod
1005 936 1040 971 fit
1049 938 1264 974 haecnurnero
1276 968 1286 982 ‚
1302 939 1382 972 adeo
1402 949 1436 972 ut
1447 946 1490 973 ex'

115 986 250 1017 materia
259 987 344 1022 Petri
355 990 388 1022 ὅ(
399 984 484 1019 illius
501 986 608 1019 anima
619 997 684 1020 non
693 984 785 1033 poffit
793 983 854 1019 effe
866 984 982 1019 nisi‘hic
991 988 1112 1021 Petrus.
1124 988 1290 1023 Postremo
1300 986 1321 1020 fi
1330 989 1417 1021 Deus
1428 987 1487 1020 de-

114 1034 266 1067 terminat
276 1034 315 1067 ad
325 1034 526 1069 individuum
541 1031 689 1076 effectus,
717 1034 749 1067 id
762 1045 884 1068 tanturn
906 1032 1005 1068 efficit
1025 1035 1197 1070 extrinsece
1213 1065 1222 1079 ,
1242 1049 1303 1071 nec
1316 1046 1485 1082 peccatum

113 1080 144 1113 ei
154 1081 330 1128 imputatur
340 1086 395 1129 qui
408 1082 447 1117 ad
459 1082 660 1117 individuum
670 1111 679 1125 ‚
694 1080 747 1116 sed
766 1084 797 1117 ei
808 1085 863 1130 qui
879 1083 918 1117 ad
927 1085 1117 1118 exercitium
1128 1096 1216 1119 actus
1232 1086 1436 1119 determinat.

440 1233 581 1274 DIS
609 1201 982 1276 PU'T'ATIO
1035 1233 1136 1274 111.

396 1331 450 1361 De
468 1331 574 1362 animae
587 1331 740 1378 fiparatae
766 1339 885 1364 natura
899 1327 953 1362 ·&
962 1326 1188 1374 funffionibus.

110 1415 353 1498 TRaCtatio
371 1416 411 1450 de
429 1418 537 1451 anima
554 1416 695 1465 separata
711 1429 749 1452 ex
765 1418 909 1452 omnium
928 1427 1013 1463 pene
1027 1415 1181 1450 consensu
1196 1415 1237 1449 ad
1256 1415 1476 1466 Theologiam

169 1486 177 1496 Α
195 1463 374 1499 naturalem
385 1493 395 1507 ‚
413 1464 466 1498 seu
478 1465 517 1498 ad
528 1464 783 1513 Meraphyficam
791 1469 942 1513 pertinet.
967 1465 1028 1498 Sed
1048 1463 1092 1498 ob
1102 1476 1206 1498 rerum
1220 1467 1474 1510 connexionem,

103 1522 187 1545 neve
205 1511 318 1545 eadem
335 1511 439 1560 saepius
451 1525 599 1560 repetere
612 1526 764 1561 cogamur
777 1543 787 1558 ,
802 1514 842 1547 de
854 1513 968 1547 eadem
979 1524 1014 1547 ut
1029 1513 1071 1546 est
1086 1513 1228 1559 corporis
1254 1513 1359 1547 forma
1378 1527 1473 1562 agere

104 1561 256 1606 cogimur.
275 1560 385 1610 Qre
406 1561 520 1608 duplex
535 1561 594 1596 hac
605 1563 643 1596 de
658 1574 690 1595 re
705 1562 810 1596 futura
831 1562 873 1596 est
890 1560 1059 1608 disputatio
1073 1574 1081 1596 :
1097 1563 1199 1608 prima
1215 1563 1277 1596 etit
1296 1562 1336 1595 de
1359 1574 1473 1597 natura

105 1609 394 1643 &immortalitate
403 1612 513 1644 aniinae
531 1610 695 1645 rationalis
707 1639 716 1653 ,
738 1623 799 1645 nec
814 1623 879 1644 non
891 1609 932 1643 de
942 1609 1025 1643 illius
1041 1610 1227 1657 cognitione
1236 1638 1246 1652 ,
1260 1622 1331 1644 cum
1342 1609 1362 1644 a
1372 1623 1470 1659 corpo

103 1668 137 1690 re
149 1656 189 1689 est
201 1655 341 1703 separata
361 1675 370 1700 3
393 1668 419 1693 2²
435 1658 519 1693 illius
541 1661 700 1707 originem
720 1687 731 1702 ‚
744 1662 826 1693 vires
840 1664 875 1695 &
898 1657 1094 1700 funeiiones,
1105 1669 1178 1691 cum
1191 1668 1302 1706 corpus
1315 1656 1472 1694 informat

102 1703 287 1752 diligentius
301 1705 520 1754 persequetur.
766 1729 767 1732 ¹
1018 1719 1023 1722 '

350 1820 405 1854 De'
420 1819 663 1858 immortalitate
691 1824 728 1858 ὠ
748 1833 865 1865 natura
882 1817 996 1856 *anima
1019 1822 1196 1858 rationalis.

98 1869 136 1890 Γ

100 1900 185 1982 A
196 1903 329 1937 Nimam
343 1903 531 1937 rationalem
548 1903 718 1951 spiritalem
737 1901 797 1937 esse
813 1907 846 1939 &
860 1902 1078 1937 immortalem
1094 1901 1213 1950 triplici
1233 1903 1392 1937 rationum
1412 1914 1468 1950 ge-

196 1962 272 1984 nere
286 1950 490 1984 demonstrari
501 1953 616 1999 potest.
629 1950 772 1988 Primum
784 1953 895 2000 itaque
911 1951 1047 1987 morales
1058 1980 1068 1994 ‚
1087 1962 1155 1986 tum
1168 1949 1308 1999 physicas
1319 1979 1330 1995 ‚
1346 1951 1468 1999 postte-2

97 2011 153 2033 mo
166 1997 396 2046 metaphyficas
411 1999 589 2038 afferemus.
1475 2015 1478 2018 ’

220 2059 222 2061 “
361 2073 365 2076 ,
380 2058 394 2073 *V
588 2060 589 2063 ¹
984 2076 987 2079 χ
1059 2068 1061 2076 ι

110 2117 115 2120 ,
523 2082 668 2117 Rationes
682 2076 813 2117 mora-les
830 2082 1013 2129 affirttntur.

133 2144 273 2179 Primum
286 2146 359 2180 illud
369 2156 404 2181 ut
417 2145 480 2180 fide
493 2156 623 2186 certum,
637 2146 701 2177 imo
717 2157 752 2179 ur
761 2146 836 2181 fidei
846 2149 959 2182 nostrae
976 2148 1222 2182 fundamentum
1235 2147 1437 2195 supponimus
1451 2175 1461 2190 ,

97 2195 219 2226 animos
233 2206 297 2226 non
308 2194 511 2229 inter-irmina
522 2206 594 2227 cuin
609 2205 756 2238 corpore,
768 2195 818 2228 sed
833 2196 1030 2230 immortales
1048 2207 1246 2243 permanere.
1261 2198 1348 2230 Hinc
1362 2197 1459 2231 Chri-

95 2241 155 2274 stus
171 2242 327 2276 Dominus
339 2270 348 2283 ,
367 2244 497 2281 Nolite,
515 2244 620 2288 inquit
632 2269 640 2281 ,
664 2243 774 2275 timere
785 2257 832 2276 eos
850 2247 905 2288 qui
920 2243 1063 2278 occidunt
1089 2253 1197 2291 corpus
1212 2271 1221 2282 ‚
1246 2246 1383 2278 animam
1399 2258 1459 2277 cm-

94 2299 156 2321 tem
168 2291 350 2339 nonpqffunt
363 2291 509 2324 occidere.
522 2293 561 2325 Et
571 2289 648 2323 alibi
663 2318 670 2331 ‚
694 2290 755 2335 Qui
767 2292 832 2324 odit
842 2295 981 2325 animam
992 2295 1081 2340 stium
1095 2295 1127 2325 in
1149 2291 1204 2324 hoc
1215 2291 1328 2325 mundo
1343 2321 1346 2327 ,
1364 2296 1395 2326 in
1403 2295 1458 2325 vi-

86 2337 539 2381 tfcmwaermunwcustodit'eam
556 2352 564 2371 :
582 2350 616 2372 ut
633 2336 756 2373 infinita
772 2339 833 2374 alia
844 2339 1121 2389 locapraeteream.
1139 2339 1262 2374 Verum
1278 2340 1307 2373 id
1321 2340 1339 2374 ὲ
1354 2340 1464 2376 Philo·

1163 2391 1194 2423 D
1207 2389 1226 2422 d
1236 2388 1255 2421 d
1266 2388 1285 2422 d
1312 2391 1336 2421 ii
1343 2394 1352 2437 3
