1857 2745
359 123 424 168 '498
772 118 817 153 Μ.
833 117 908 154 ET
923 117 993 154 Aa>
1009 119 1044 154 H
1060 118 1126 155 Y..s
1148 117 1286 153 1025,

404 169 536 216 Instant.
553 168 648 202 ldem
666 165 794 201 distaret
811 165 831 200 ὲ
848 164 960 225 seipso.
975 197 978 199 .
1226 164 1231 168 “

395 220 482 266 Rffp.
493 218 525 251 id
537 228 670 264 quoque
682 213 832 263 negando
846 241 857 257 ,
870 214 945 251 cum
956 215 1101 252 distantia
1110 215 1146 252 fit
1154 219 1248 254 unius
1260 218 1306 251 rei
1315 213 1356 250 ab
1371 213 1443 252 alia.
1457 215 1568 263 Qare
1584 213 1655 249 loca
1666 217 1741 263 qui-
1754 242 1757 243 γ

360 267 436 302 dem
446 266 562 301 distant
577 267 664 300 inter
673 262 722 307 se,
739 275 806 299 non
823 275 874 297 res
885 261 964 299 locis
976 276 1146 302 contenoe.

396 316 480 364 Opp.
495 329 526 361 4.
540 314 631 349 Idem
642 311 744 362 posset
757 314 788 347 in
799 324 865 346 uno
879 311 952 347 loco
968 315 1051 348 mori
1063 342 1073 357 ‚
1087 315 1120 350 in
1132 314 1196 349 alio
1210 316 1321 349 vivete
1335 343 1346 357 ‚
1361 326 1492 349 movere
1511 315 1544 347 δέ
1555 310 1714 358 quiescere
1728 329 1740 357 ς

361 362 468 399 sedere
479 362 532 399 hic
547 392 556 407 ,
573 362 652 398 alibi
667 362 769 405 stare3
796 359 847 396 hic
861 373 994 409 peccare
1008 390 1018 405 ,
1032 361 1100 397 illic
1125 362 1338 406 benefacere,
1355 376 1429 411 quae
1454 362 1564 398 omnia
1579 361 1743 395 contradi-

361 413 505 448 &ionem
516 411 688 447 involvunt
699 439 710 454 ‚
722 411 863 445 maxime
879 422 953 445 cum
965 410 1089 459 aliquid
1103 411 1274 448 relativum
1289 411 1343 446 suo
1353 424 1512 460 conceptu
1520 408 1706 446 includunt.

398 463 613 510 Resp.1.1-1aec
625 460 916 495 contradiffionem
930 472 996 495 non
1008 459 1179 496 involvere
1202 463 1279 509 quia
1298 460 1369 496 sunt
1389 461 1429 495 de
1447 462 1565 496 eodem
1579 487 1588 502 ‚
1602 456 1746 494 sed-non

364 508 548 546 secundum
572 510 661 545 idem
675 523 684 545 ι
701 507 784 545 fiunt
801 510 889 542 enim
907 520 1040 556 propter
1048 509 1170 545 diversa
1181 510 1261 546 loca.

395 558 486 607 Resp.
496 573 526 595 2.
542 560 725 595 Hominem
740 558 822 592 moti
838 569 905 592 non
916 557 1003 606 poffe
1022 559 1056 593 in
1075 571 1141 593 uno
1155 557 1229 593 loco
1239 588 1248 602 ‚
1268 563 1302 595 δε
1317 559 1428 593 vivere
1441 560 1473 593 in
1481 557 1568 602 -alio·,
1588 568 1661 591 cum
1671 569 1745 592 cor-¹

362 619 421 656 pus
432 619 602 644 mortuum
613 608 680 642 dici
689 619 755 642 non
766 603 864 654 poffit
873 634 883 649 ,
901 606 991 653 quod
1008 608 1116 642 anima
1129 620 1197 642 non
1210 606 1358 642 deserhit.
1383 609 1435 641 Sic
1448 605 1594 642 absolute
1613 618 1679 640 non
1694 607 1748 640 di-

363 658 463 692 cimus
473 669 543 692 tem
557 655 721 704 quiescere
730 684 739 699 ,
751 666 807 689 aut
816 665 881 704 non
891 657 1017 690 moveri
1028 684 1038 699 ,
1055 667 1127 691 cum
1143 655 1317 691 secundum
1336 655 1479 702 aliquam
1489 658 1657 691 rationem
1671 668 1744 690 mo-

363 716 459 741 vetur
472 716 530 748 ,ut
538 707 647 741 anima
655 706 768 753 quaein
777 704 861 752 pedu
872 703 1007 751 quiescit
1016 732 1026 747 ,
1045 706 1079 739 in
1095 703 1229 739 brachio
1241 715 1393 740 movetur
1406 733 1416 747 ‚
1433 703 1580 740 absolute
1599 716 1666 738 non
1675 717 1745 738 mo-

364 755 456 796 veri,
469 753 532 788 dici
545 765 612 789 non
630 754 741 800 potest.
755 751 863 787 Simili
875 755 1001 788 ratione
1010 753 1112 789 homo
1122 756 1180 800 qui
1193 752 1497 801 Romaequiescetet
1508 782 1517 796 ‚
1530 754 1663 788 Lutetiae
1672 767 1745 788 mo-

364 814 494 838 veretur
505 829 514 841 ,
529 800 677 837 absolute
687 812 873 837 moveretur
885 818 894 845 3
905 814 965 837 nec
976 802 1016 836 de
1026 801 1086 836 illo
1097 801 1245 837 absolute
1254 803 1317 836 dici
1329 800 1432 850 poffet
1443 830 1455 844 ,
1478 802 1566 849 quod
1583 815 1650 836 non
1672 816 1745 837 mo-

363 862 514 886 vetetur:
529 851 641 898 qumi,
655 862 692 885 ut
704 853 815 893 aiunt,
835 853 1022 899 negationes
1037 848 1095 886 fint
1106 850 1313 899 malignantis
1330 861 1472 893 natutae·⁵
1490 863 1561 898 quae
1572 851 1611 885 de
1637 853 1744 886 omni-

362 898 421 937 bus
432 910 562 948 negant.
574 902 691 947 Itaque
705 899 745 933 de
756 898 813 933 illo
823 899 956 934 homine
965 901 1023 946 qui
1036 901 1170 934 Lutetia:
1182 899 1499 941 moveretur‚Romae
1509 897 1699 946 quiesceret·,
1709 911 1744 936 ut

363 949 404 983 de
420 950 529 984 anima
544 960 612 996 quae
623 960 680 997 per
690 948 836 983 accidens
852 958 1003 982 movetur
1017 974 1027 989 ,
1040 959 1135 982 moto
1145 948 1248 995 pede3
1262 947 1437 983 diceremus
1453 950 1578 983 moveri
1592 976 1603 991 ,
1626 954 1662 985 &
1674 963 1749 986 non.

365 999 492 1032 moveri
508 998 712 1044 inadaequate
727 1025 738 1040 ,
758 1009 825 1031 non
838 995 1018 1043 adaequate.

405 1044 532 1081 Verum
543 1074 553 1088 ,
577 1047 747 1092 inquiunt,
764 1047 1091 1092 rerumproprietates
1110 1043 1153 1078 ab
1172 1046 1209 1078 iis
1224 1044 1335 1088 divelli
1352 1056 1539 1093 nequeunt:
1555 1058 1593 1080 ea
1610 1046 1657 1082 est
1675 1060 1755 1084 cor-⁷

365 1097 451 1143 poris
459 1095 676 1143 proprietates
687 1105 724 1129 ut
737 1094 814 1128 ‘loco
822 1091 1094 1127 commensuretur
1103 1121 1113 1135 ‚
1128 1104 1216 1127 extra
1228 1093 1305 1128 illud
1317 1107 1383 1130 non
1398 1106 1554 1130 excurrat.

378 1139 929 1190 Rejsp.proprietatesmetaphyficas
946 1140 1057 1177 divelli
1067 1153 1133 1176 non
1144 1141 1230 1190 poffe
1243 1141 1262 1177 ὲ
1278 1142 1373 1178 rebus
1385 1142 1519 1191 ipfisgsed
1528 1143 1607 1178 nihil
1617 1142 1743 1182 obstare

365 1194 540 1240 quominus
554 1192 765 1239 proprietates
775 1187 910 1238 phyficae
920 1188 942 1224 ὲ
954 1188 1048 1225 rebus
1069 1188 1137 1237 ipsis
1150 1189 1362 1227 secernantur.
1385 1194 1441 1227 Sic
1464 1194 1548 1241 ignis
1564 1197 1750 1242 proprietas·

365 1239 493 1289 physica
514 1238 555 1274 ab
577 1241 652 1288 igne
677 1238 741 1275 fuit
762 1238 923 1287 sejuncta,
943 1250 1028 1281 eum.
1038 1250 1100 1274 tres
1116 1250 1230 1287 pueros
1254 1242 1285 1275 in
1305 1240 1438 1276 fornace
1457 1240 1657 1290 Babylonica
1674 1257 1751 1281 nom

366 1287 566 1337 consumpsit.

365 1375 1750 1420 fflffimffim⁰mmfflffiffitmm

521 1456 619 1497 TR
653 1456 1050 1498 ACTATUS
1119 1454 1565 1499 SECUNDUS.

833 1544 925 1578 DE
981 1545 1065 1579 ΟΛ
1081 1547 1118 1580 v
1135 1547 1164 1578 S
1180 1546 1201 1579 1
1216 1547 1262 1582 S.·

460 1675 680 1724 'Philosophiae
693 1674 848 1719 naturali,
875 1677 908 1711 in
925 1686 989 1725 qua
1008 1688 1074 1711 non
1088 1675 1179 1710 aliud
1194 1675 1294 1722 quitrn
1315 1688 1421 1711 retum
1435 1687 1544 1711 natura
1559 1680 1626 1714 ium
1641 1678 1740 1714 causae

467 1722 500 1762 8<
510 1727 724 1773 proprietates
737 1725 958 1770 inquiruntur,
971 1727 1112 1760 maxime
1122 1723 1292 1759 neceffatia
1308 1725 1449 1760 videtur.
1463 1726 1562 1762 Unde
1572 1731 1607 1764 &
1620 1728 1746 1762 Aristo,

365 1773 443 1808 teles
459 1773 516 1810 lib.
535 1787 568 1810 2.
586 1772 789 1822 Physicorum
803 1773 1103 1822 hoc-argumentum
1119 1772 1187 1807 fuse
1202 1776 1382 1821 pertrackat-
1397 1774 1492 1809 *Cum
1514 1785 1624 1810 tamen
1643 1776 1740 1811 causae

362 1824 448 1858 ratio
461 1821 555 1857 laxius
568 1834 699 1871 pateat,
721 1821 822 1867 quitm
838 1822 993 1857 naturalis
1005 1821 1134 1857 scientia
1145 1839 1154 1865 3
1166 1833 1267 1870 eaque
1276 1823 1372 1858 rebus
1381 1825 1539 1871 corporeis
1545 1828 1635 1872 juxta
1646 1829 1680 1861 &
1690 1827 1739 1860 in-

362 1875 526 1919 corporeis
538 1873 717 1907 communis
729 1868 767 1904 sit
779 1898 788 1913 ,
804 1870 911 1918 palam
924 1872 967 1906 est
980 1870 1063 1906 illius
1073 1871 1384 1919 contemplationem
1394 1873 1496 1919 magis
1506 1872 1546 1906 ad
1556 1872 1737 1921 Metaphy-

361 1918 454 1956 ficam
467 1950 476 1964 ,
498 1919 597 1968 quum
606 1921 645 1956 ad
656 1916 820 1967 Physzc'am
832 1921 992 1968 pertinere
1003 1935 1012 1957 ε
1022 1920 1084 1957 hoc
1096 1922 1190 1970 igitur
1201 1920 1277 1956 loco
1286 1921 1327 1957 de
1337 1919 1452 1965 caufis,
1471 1931 1547 1956 cum
1555 1918 1748 1966 universum.

364 1980 431 2004 tum
445 1968 606 2019 sigillatim
629 1968 792 2019 agendum
814 1969 885 2007 estſtr

367 1629 619 1764 SEQnrtm
636 1622 765 1674 copiosa
783 1625 824 1660 de
834 1625 930 1662 causis
945 1627 1092 1662 traCtatio
1104 1656 1114 1671 ‚
1125 1639 1203 1674 quae.
1215 1639 1288 1663 cum
1301 1626 1452 1662 omnibus
1470 1626 1651 1712 discipliniS,
1670 1641 1744 1667 tum·

707 2114 1127 2152 DISPUTATIO
1170 2116 1364 2153 PRIMA.

818 2196 874 2230 De
892 2196 991 2242 causis
1010 2199 1044 2232 in
1065 2199 1255 2246 universim}-

363 2292 522 2393 QUid
534 2293 570 2330 fit
579 2293 668 2329 causa
681 2321 690 2334 ,
704 2292 812 2342 ptimo
821 2294 1051 2333 discutiendum
1063 2296 1154 2333 nobis
1165 2297 1211 2332 est
1223 2325 1234 2342 ,
1254 2307 1323 2336 tum
1339 2299 1519 2349 quotuplex
1535 2297 1571 2337 fit
1588 2313 1597 2343 3
1614 2296 1734 2346 postre-

454 2354 509 2378 mo
519 2342 681 2382 causarum
692 2342 881 2383 affectiones
894 2357 990 2384 erunt
1003 2346 1206 2396 explicandae.
