1857 2745
497 118 652 157 PARS
693 122 993 159 SECUNDA.
1395 131 1433 164 175

67 171 180 210 mimo
192 179 347 205 occurrat.
358 167 439 220 Jam
456 173 652 219 repetitione
668 170 781 206 crebra
799 177 831 208 &
848 170 1037 207 vehementi
1065 170 1199 206 infantis
1226 172 1381 209 desiderio
1409 143 1454 211 2113-

71 225 130 258 tius
142 232 180 255 ea
188 219 325 268 vestigia
335 217 471 253 cerebro
491 219 596 255 adhuc
609 219 701 255 molli
719 222 966 269 imprimuntut3
990 232 1051 256 nec
1069 218 1239 269 separatim
1256 252 1265 265 ‚
1293 223 1343 257 sed
1366 223 1455 260 simul

66 271 177 321 juncta
196 271 305 304 animo
321 267 352 303 se
368 266 478 304 fistunt
488 285 497 312 3
509 279 643 317 tumque
656 269 764 305 infans
778 269 915 305 fimilem
930 282 1046 305 vocem
1058 267 1201 305 formare
1216 273 1336 308 nititur.
1354 275 1456 321 Qiod

68 321 177 367 utique
187 317 224 353 fit
234 330 290 366 per
300 317 426 366 spiritus
441 347 451 362 ,
471 320 527 366 qui
539 320 638 354 animi
654 318 730 368 justa
743 322 924 355 executioni
938 319 1104 355 mandant.
1130 321 1177 353 Hi
1192 333 1326 355 nervum
1343 325 1400 369 qui
1416 322 1456 357 ad

67 368 212 417 linguam
222 373 254 404 &
267 370 354 402 vocis
363 379 485 415 organa
494 367 662 403 deducitur
680 397 691 412 ,
711 366 751 403 fic
767 380 908 404 movent
919 380 954 404 ut
965 367 1148 403 articulatas
1158 382 1255 403 voces
1270 369 1378 418 lingua
1400 384 1455 405 cx-

67 419 195 465 primat.
216 416 317 464 Qod
332 419 444 465 utique
462 416 619 465 paulatim
631 447 640 461 ‚
659 430 720 454 nec
737 420 814 452 citra
833 430 988 467 magnam
1015 416 1052 452 fit
1077 420 1307 454 attentionem.
1326 423 1457 455 -Veium

67 466 124 501 ista
145 478 213 501 non
229 465 345 500 diserte
357 464 457 501 modo
470 494 480 509 ,
497 465 548 500 sed
565 468 666 501 etiam
685 468 869 515 pererudite
884 467 1024 515 explicat
1039 465 1133 501 fufius
1148 469 1197 501 vir
1220 467 1332 503 clariss'.
1351 472 1397 504 D.
1416 472 1457 504 de

65 514 263 563 ssordomoy
275 517 308 549 in
319 517 457 550 tractatu
473 514 514 550 de
531 514 710 552 locutione.
845 546 847 548 .
891 541 893 545 .

118 566 286 610 Qaeritur
295 571 334 609 3⁰.
345 575 453 598 utrum
462 577 560 599 voces
576 568 694 600 mentis
706 565 793 600 ideas
806 594 817 609 ,
835 577 876 601 an
889 576 937 600 res
947 562 1026 613 ipsas
1037 566 1178 614 primum
1190 561 1381 612 significent.

102 611 332 661 Respondetur
341 611 488 661 utrasque
501 613 521 649 a
538 627 619 649 voce
631 613 799 663 significari
815 643 826 657 ‚
843 613 896 648 sed
914 627 955 649 eo
978 627 1052 649 cum
1069 613 1252 649 discrimine
1263 642 1273 656 ‚
1301 615 1392 661 quod
1407 613 1459 649 lo-

67 664 199 709 ‘quentis
211 664 516 710 intentio-primaria
531 661 569 698 fit
582 675 618 699 ut
631 675 809 711 conceptus
827 661 896 699 suos
916 665 1076 712 exprimat
1092 677 1100 700 :
1121 676 1195 697 cum
1218 664 1375 698 audientis
1398 676 1460 712 po-

69 712 130 746 tius
145 708 187 745 eo
198 711 311 745 tendat
323 712 463 746 intentio
478 740 488 754 ‚
505 723 542 746 ut
563 725 614 746 res
634 711 719 760 ipsas=
731 713 894 761 percipiat.
914 715 953 748 Et
972 713 1105 760 quidem
1125 710 1167 747 eo
1187 711 1258 747 sunt
1275 714 1464 762 excogitatae

69 770 169 795 voces
181 788 192 803 ,
210 770 246 794 ut
258 758 393 806 quisque
400 759 492 794 alteri
503 758 570 794 suas
580 763 796 809 cogitationes
811 763 950 809 aperiret
966 776 973 798 :
990 761 1044 796 sed
1064 765 1120 810 qui
1137 762 1271 798 audiunt
1282 791 1291 805 ‚
1309 763 1408 811 tnagis
1420 761 1461 796 ad

69 819 120 842 res
129 806 209 857 ipsas
221 837 231 852 ‚
256 808 357 856 quam
368 809 409 842 ad
428 808 591 856 loquentis
600 821 777 859 conceptus
791 811 968 846 advertunt
981 813 1225 857 animum.Jam
1235 813 1291 859 qui
1307 811 1461 859 loquitur,

69 856 136 892 h'oc
154 857 198 892 est
213 886 222 900 ,
237 859 295 904 qui
321 869 403 893 voce
429 858 554 906 profert
581 860 666 906 quod
691 870 803 894 mente
823 862 966 908 concipit
990 887 999 902 ,
1024 864 1129 909 primo
1149 872 1219 894 reni
1235 859 1333 909 ipsam
1354 862 1460 908 perci-

70 908 138 953 piat
158 906 281 941 neceffe
295 907 339 940 cst
358 922 367 948 3
383 906 482 952 idque
494 906 632 942 verbum
647 910 765 943 mentis
784 907 864 943 solet
873 911 1053 945 nominari:
1075 922 1152 944 narn
1167 911 1325 956 cogitatio
1338 908 1403 957 ipsa
1416 909 1460 943 est

70 956 203 989 interior
220 955 369 1002 quaedam
382 954 560 990 collocutio
577 973 586 1000 3
608 969 748 1005 cumque
765 969 857 992 mens
871 960 995 1005 cogitat
1012 985 1024 1000 ,
1041 957 1149 992 secum
1174 956 1239 1005 lpsa
1256 957 1372 993 disserit
1383 986 1394 1000 ‚
1423 968 1459 992 ut

69 1003 168 1037 docet
177 1002 270 1039 Plato
288 1004 439 1039 :deinde
458 1016 555 1038 voces
564 1008 675 1051 quaerit
686 1035 697 1048 ,
716 1004 834 1052 quibus
846 1008 1079 1053 cogitationem
1094 1005 1178 1041 suam
1192 1009 1352 1053 exprimat
1372 1022 1380 1048 ;
1397 1006 1460 1040 hoc

69 1063 193 1086 vocant
207 1051 342 1086 verbum
358 1052 460 1086 cordis
475 1066 484 1088 ι
505 1053 666 1101 postremo
677 1066 777 1090 voces
794 1051 891 1088 rebus
905 1052 1123 1101 significandis
1149 1055 1281 1088 idoneas
1307 1054 1437 1101 profert
1452 1072 1461 1098 3

70 1100 159 1148 quod
173 1101 220 1135 est
230 1100 367 1135 verbum
385 1102 460 1136 oris.
475 1127 479 1130 -

104 1149 264 1185 Adversus
279 1162 316 1184 ea
332 1162 404 1197 quae
421 1150 560 1185 diximus
581 1163 684 1186 unum
704 1162 760 1186 aut
783 1150 920 1187 alterum
936 1162 1108 1199 opponunt
1125 1152 1182 1197 qui
1207 1162 1304 1186 voces
1326 1163 1393 1186 non
1421 1163 1460 1186 ex

69 1197 239 1234 hominum
261 1199 463 1234 institutione
482 1228 492 1242 ,
516 1198 569 1233 sed
585 1199 605 1235 a
617 1212 733 1235 natura
750 1200 813 1249 ipsa
822 1203 891 1236 vim
903 1198 1101 1249 significandi
1120 1198 1240 1235 habete
1253 1199 1459 1234 arbitrantur.

68 1254 98 1283 1⁰
110 1248 385 1284 Communeillud
402 1247 537 1283 effimm
548 1249 699 1293 afferunt,
709 1249 858 1298 sapientis
874 1248 934 1284 esse
947 1251 1079 1285 nomina
1089 1249 1183 1284 rebus
1201 1251 1370 1297 imponere
1384 1264 1390 1285 :
1408 1261 1459 1283 er-

70 1308 113 1344 go
126 1309 193 1332 non
210 1309 248 1332 ex
262 1298 432 1333 hominum
442 1297 575 1332 arbitrio
587 1304 751 1336 &temere
762 1329 773 1344 ,
797 1298 850 1335 sed
870 1311 919 1334 ex.
931 1310 1043 1334 natura
1057 1301 1124 1348 ipsa
1139 1301 1270 1334 nomina
1288 1310 1341 1333 aut
1362 1310 1458 1333 voces

72 1344 168 1381 rebus
179 1349 401 1393 imponuntur.

106 1396 196 1442 Resp-
212 1395 342 1443 Duplex
356 1392 607 1431 effe'nominum
616 1408 719 1445 genus
736 1412 744 1433 ε
762 1397 1007 1445 quaedamenim
1025 1397 1097 1433 sunt
1116 1399 1278 1444 primitiva
1289 1426 1296 1438 ‚
1320 1407 1459 1442 quorum

72 1441 162 1477 nulla
175 1446 256 1478 ratio
266 1443 373 1479 afferri
389 1444 496 1491 potest
513 1460 522 1487 ;
547 1444 610 1478 alia
623 1458 660 1479 ex
675 1448 711 1479 iis
723 1446 880 1480 ducuntur
894 1475 905 1490 ‚
922 1459 993 1495 quae
1010 1459 1049 1481 ex
1060 1444 1221 1493 prioribus
1230 1450 1296 1493 jam
1313 1445 1422 1479 inditis
1440 1445 1461 1479 a

72 1488 269 1538 sapientibus
289 1504 365 1539 apte
383 1494 516 1526 formari
532 1519 543 1533 ,
572 1497 607 1528 &
626 1495 753 1540 imponi
769 1493 909 1530 debent.
926 1521 930 1524 -

111 1540 196 1587 Opp-
212 1546 244 1575 2⁰
262 1542 389 1576 Dicitur
399 1538 514 1575 Genes.
525 1553 551 1575 2.
565 1541 678 1574 Omne
692 1540 780 1587 quod
791 1545 923 1577 vocavit
930 1541 1035 1576 Adam
1046 1543 1160 1576 animae
1178 1542 1319 1575 viventis
1335 1570 1345 1582 ,
1358 1538 1459 1588 ipsum

74 1586 136 1624 esse
145 1600 269 1624 nornen
288 1594 372 1637 ejus:
385 1602 462 1638 ergo
473 1599 543 1636 quae
554 1589 696 1624 Adamas
713 1588 869 1638 imposuit
887 1592 1040 1634 nomina,
1054 1589 1238 1625 naturalem
1260 1588 1401 1624 habuere
1421 1587 1459 1622 si·

74 1635 334 1686 gnificationem.
664 1682 666 1684 v

114 1685 203 1731 Resp,
217 1688 298 1721 Eum
311 1685 372 1721 esse
385 1688 551 1735 Scripturae
569 1685 691 1722 sensum
702 1717 712 1731 ,
735 1687 823 1735 quod
840 1685 978 1723 'nomina
996 1697 1067 1732 quae
1092 1687 1231 1722 Adamus
1243 1685 1438 1734 imposuerat
1450 1715 1459 1729 ,

76 1733 181 1769 adhuc
194 1734 292 1769 Mofis
308 1746 456 1782 tempore
465 1736 642 1783 perstarent
662 1751 671 1772 ε
689 1749 757 1772 non
775 1736 865 1784 quod
893 1735 1029 1773 naturali
1045 1735 1275 1783 significatione
1297 1735 1459 1770 donaren-

78 1793 137 1818 tur.
156 1783 399 1831 Quanquamid
412 1783 518 1818 fateor
530 1813 540 1827 ‚
559 1783 676 1819 multas
694 1785 755 1820 effe
772 1797 870 1820 voces
880 1797 950 1833 quae
967 1797 1006 1819 ex
1024 1796 1138 1820 natura
1155 1783 1208 1817 sua
1226 1784 1389 1830 quandam
1409 1783 1460 1817 ha-

77 1830 160 1867 b³ent
170 1833 387 1880 aptitudinem
399 1861 407 1874 ‚
418 1844 453 1866 ut
465 1845 564 1866 certas
581 1844 630 1867 res
641 1832 819 1882 significent
839 1846 893 1878 3ut
904 1834 1031 1869 hinnire
1043 1863 1051 1876 ‚
1069 1832 1190 1867 ululare
1206 1860 1215 1874 ‚
1234 1838 1266 1868 &
1279 1831 1341 1865 alia
1355 1830 1461 1878 hujusu

30 1914 35 1916 .
77 1880 189 1917 modi:
203 1880 256 1918 sed
273 1882 452 1930 quod-actu
472 1880 654 1931 significent
665 1911 675 1926 ‚
692 1883 725 1917 id
740 1881 865 1917 habent
884 1894 922 1917 ex
937 1883 1106 1917 hominum
1124 1880 1303 1916 voluntate.

500 1963 634 2010 -QU
655 1963 866 1999 AES'TIO
895 1965 994 1998 111.v

640 2045 697 2078 De
712 2047 924 2095 perceptione.

112 2125 125 2130 ”’
175 2122 252 2160 Une
267 2122 308 2158 de
322 2124 423 2172 prirna
442 2126 705 2161 mentis'afflone
719 2124 818 2173 paulo
831 2126 958 2161 uberius
971 2126 1142 2174 agendum.
1169 2125 1309 2159 Primum
1325 2124 1458 2171 quidem
1477 2135 1481 2138 ¹

170 2175 282 2208 'omnis
297 2175 382 2209 affio
399 2176 513 2209 animae
529 2175 596 2223 qua
611 2173 838 2210 intelle—Qualis
864 2176 911 2209 est
932 2204 942 2218 ‚
960 2176 1160 2222 cogitatione
1174 2183 1228 2206 aut
1247 2175 1457 2220 perceptione

86 2223 278 2265 continetur,
288 2236 358 2270 quae
372 2218 466 2258 nobis
481 2224 608 2259 esttam
627 2236 707 2258 nota
717 2224 823 2270 quoad
834 2225 1047 2265 existentiam,
1058 2235 1154 2269 atque
1172 2232 1206 2256 ut
1218 2224 1306 2255 aiunt
1316 2250 1325 2264 ‚
1341 2223 1375 2256 in
1384 2223 1459 2256 aaa

87 2271 227 2303 exercito
240 2299 249 2313 ,
264 2283 299 2306 ut
315 2272 395 2307 nihil
409 2275 515 2307 notius
530 2272 590 2307 effe
604 2271 706 2321 possit.
734 2272 891 2321 Cogitate
915 2285 1021 2307 autern
1038 2272 1094 2306 vel
1109 2269 1299 2318 cognoscere
1326 2271 1368 2304 est
1389 2282 1460 2305 rem

86 2318 250 2363 cognitam
266 2318 324 2353 fibi
338 2320 490 2355 exhibere
501 2351 510 2365 ,
523 2334 580 2357 aut
593 2320 825 2370 repraescntare.
848 2322 949 2369 Qod
964 2320 1042 2355 vero
1061 2320 1183 2355 format
1199 2330 1209 2361 3
1244 2324 1278 2356 ὃ(
1293 2319 1380 2354 εει-τὲ
1401 2331 1461 2353 ve-

85 2364 131 2400 Ῑυῑ
140 2364 240 2414 figur&
250 2371 482 2416 cogitationem
491 2371 635 2408 nostram
644 2369 871 2407 circumscribit
881 2375 914 2410 ὃς
930 2372 1082 2407 terminat
1090 2397 1101 2413 ‚
1127 2369 1191 2404 hoc
1207 2368 1314 2402 ideam
1324 2367 1374 2403 vel
1387 2365 1457 2415 spe-0
1481 2390 1483 2392 -

1209 2419 1242 2451 x
1267 2419 1287 2463 ij
