1857 2745
293 144 301 153 .
531 121 573 159 Μ
611 122 652 157 Ο
670 122 703 156 R
726 121 754 157 A
779 121 805 156 L·
826 122 840 156 1
865 122 897 158 S.
1364 143 1381 164 2

38 184 86 217 tas
115 182 152 208 ut
174 168 306 219 obje&o
335 173 463 220 integro
479 173 519 208 δέ
549 170 721 218 adaequato
745 168 915 219 subjicitur.
1383 127 1416 169 89

77 220 163 257 Colli
190 221 251 255 ‘tur
264 222 368 264 exiis,
385 220 638 259 indifferentiam
651 249 660 263 ‚
680 232 748 268 quae
763 220 803 253 ad
818 221 978 255 rationem
994 217 1152 254 libertatis
1165 221 1307 267 pertinet
1318 248 1327 263 ,
1337 221 1418 256 affl-

36 284 110 309 vam
124 233 204 313 eng,
223 281 288 304 non
309 269 471 319 passivam.
496 271 578 304 Haec
593 271 716 317 quippe
728 270 831 317 magis
857 269 903 303 est
918 268 1050 303 servitus
1066 268 1164 316 quiam
1180 268 1320 316 potestas
1340 286 1352 312 ς
1363 282 1420 305 ne-

14 332 16 352 ;
33 331 98 367 que
112 319 146 354 in
155 322 231 354 Deo
241 322 408 368 reperitur.
430 319 530 372 Qd
543 321 639 366 igitur
651 318 858 353 voluntatem
870 318 1038 352 constituit
1052 316 1234 352 formaliter
1244 346 1254 360 ,
1267 330 1301 352 ut
1316 320 1419 363 aiunt,v

13 392 17 398 ·
33 367 168 404 liberam
180 396 190 411 ,
203 380 268 403 non
277 368 321 403 est
334 369 420 403 aetio
437 371 526 416 iplius
545 367 706 401 libertatis
718 396 727 410 ‚
744 378 903 414 quatenus
914 367 960 401 est
970 366 1074 402 vitalis
1087 396 1097 409 ,
1112 371 1147 403 δε
1160 367 1193 399 in
1205 365 1374 402 voluntate
1385 379 1422 402 ut

14 456 15 461 ¹
32 419 66 453 in
84 416 137 451 suo
153 418 309 465 principio
326 418 500 459 excipitur:
521 416 572 451 sed
586 417 628 451 est
642 416 791 451 voluntas
803 413 868 464 ipsa
876 427 911 450 ut
927 415 1029 450 libere
1039 427 1138 463 agens
1149 443 1158 457 ‚
1179 419 1213 450 &
1227 416 1421 463 potestatem

14 470 15 473 ’
32 464 157 502 habens
171 476 240 501 tum
259 468 294 501 in
310 463 378 502 suos
393 468 482 502 aetus
504 478 586 514 quos
605 465 693 500 elicit
711 495 721 509 ‚
745 477 814 501 tum
835 467 869 500 in
882 477 938 500 eos
954 468 1010 513 qui
1022 465 1063 498 ad
1077 463 1232 511 subjeceras
1250 463 1419 500 facultates

12 527 14 536 ²
32 524 208 563 pertinent.

30 587 33 589 ·
565 564 681 599 Tertia
699 565 727 597 C
730 563 873 607 onclufiO.
885 591 888 593 -

0 664 15 703 'l
57 663 281 701 indifferentia
290 666 544 709 contrarietatis,
559 675 614 699 aut
635 659 764 698 moralis
781 661 821 695 ad
839 659 924 696 bene
937 659 991 696 vel
1007 659 1094 696 male
1104 662 1278 711 agendum,
1287 676 1355 700 non
1372 663 1424 699 est*

11 717 15 736 ¹
32 714 75 749 de
89 717 215 748 rarione
233 711 399 749 libertatis.

67 761 163 797 Prob.
175 762 272 797 concl.
294 763 381 796 Tum
391 763 466 808 quia
480 759 591 796 sufficit
603 760 818 796 indifferentia
841 759 1106 796 contradictionis
1122 759 1173 795 seu
1190 764 1333 797 exercitii
1347 791 1358 805 ‚
1383 774 1423 798 ut

11 809 179 855 ‚voluntas
194 809 230 845 sit
243 810 376 844 domina
396 809 524 845 suoi-um
547 812 699 854 ac‘tuurn3
724 822 790 845 tum
816 813 890 859 quia
915 809 984 843 haec
1007 809 1224 845 indifferentia
1239 811 1278 845 ad
1293 811 1425 847 bonurn

10 865 66 897 *sc
79 859 198 894 malum
211 861 243 893 in
261 862 335 894 Deo
349 864 385 895 δέ
396 862 428 894 in
445 857 548 894 beatis
569 872 637 894 non
661 862 825 907 repetitur.
845 860 895 894 Est
912 860 1000 892 enini
1018 859 1130 892 nostrae
1149 859 1309 896 libertatis
1325 860 1420 895 defe-

32 910 100 944 &us
115 937 124 952 ‚
153 921 222 943 non
237 905 365 943 essentia
383 923 393 949 ·,
409 919 469 942 nec
488 907 572 941 male
597 909 722 955 agimus
737 907 792 942 nifi
815 921 890 942 cum
905 905 1086 942 intelleems
1106 907 1191 942 male
1207 910 1339 958 judicat.
1363 912 1423 944 Er-‘

31 968 85 992 ror
97 968 207 991 autem
221 955 275 990 vel
288 957 469 1003 ignorantia
481 968 547 990 non
561 955 606 989 est
617 956 658 989 de
668 953 797 990 effentia
808 955 965 990 libertatis
981 970 989 997 ;
1002 957 1048 988 uti
1061 968 1120 989 nec
1133 957 1173 990 de
1183 960 1315 992 rationis
1327 957 1424 1007 ipsius

32 1016 146 1040 natura
159 1005 202 1039 est
213 1015 249 1039 ut
262 1004 346 1038 male
359 1003 548 1039 concludat:
560 1009 592 1040 ὃ(
602 1001 762 1050 utriusque
780 1005 823 1038 est
841 1003 1050 1051 imperfectio
1059 1006 1204 1049 quaedam
1217 1035 1227 1049 ‚
1244 1007 1331 1053 quod
1345 1019 1421 1041 cum

31 1055 153 1088 animus
162 1053 202 1086 ad
216 1064 328 1086 verum
341 1055 377 1088 &
387 1051 511 1087 bonum
519 1052 634 1086 tendat
648 1080 657 1094 ‚
679 1050 722 1085 ab
735 1064 872 1098 utroque
890 1064 998 1086 tamen
1015 1050 1110 1096 poffit
1129 1053 1312 1090 deficerem».
1340 1057 1426 1090 Non·

30 1103 143 1150 itaque
167 1113 244 1136 vera
260 1101 303 1135 est
312 1101 450 1148 potestas
466 1128 476 1142 ,
495 1098 582 1148 quod
600 1111 752 1147 peccare,
773 1111 829 1134 aut
846 1098 915 1133 falli
930 1127 939 1142 ,
954 1108 1009 1132 aut
1020 1102 1150 1133 mentiri
1167 1102 1328 1148 possimus.
1348 1106 1426 1138 lmo¹

30 1153 122 1187 Deus
142 1155 176 1187 &
192 1148 282 1184 beati
294 1149 355 1185 hoc
368 1147 439 1183 sunt
450 1148 618 1183 liberiores
630 1177 639 1191 ,
652 1146 718 1194 quo
739 1153 841 1198 major
858 1148 900 1182 est
919 1159 1032 1182 eorum
1049 1150 1206 1197 cognitio.
1231 1150 1312 1201 Qt')
1331 1154 1427 1188 enim

29 1199 120 1248 plura
133 1209 295 1234 noverunt
311 1197 398 1233 bona
412 1226 423 1240 ‚
451 1196 493 1232 eo
524 1197 612 1246 plura
641 1196 743 1232 libere
761 1196 848 1232 velle
862 1195 998 1244 possunt.

64 1250 144 1285 Non
155 1246 292 1283 diffimih·
310 1249 434 1282 ratione
451 1258 562 1282 manet
576 1244 703 1280 libertas
720 1259 788 1281 non
807 1245 910 1282 soh‘nn
924 1248 957 1280 in
970 1247 1122 1295 perversis
1137 1248 1342 1294 hominibus,
1367 1251 1420 1286 sed

30 1299 131 1333 etiam
149 1297 361 1332 indamnatis.
390 1296 439 1331 Est
458 1298 545 1330 enim
560 1294 698 1330 liberum
721 1294 887 1330 arbitrium
901 1295 1038 1333 facultas
1055 1297 1205 1333 naturalis
1227 1311 1296 1346 quae
1313 1303 1420 1335 amitti

29 1358 96 1384 non
109 1345 225 1395 potest.
249 1344 350 1393 Qod
366 1345 516 1379 autemid
529 1343 661 1379 subinde
671 1356 790 1392 negare
804 1345 950 1380 videatur
964 1347 997 1383 S.
1015 1348 1144 1396 August.
1168 1359 1204 1382 ut
1219 1359 1291 1383 cuni
1312 1351 1345 1384 in
1361 1349 1419 1386 lib.

30 1395 72 1430 de
88 1394 159 1442 spir.
173 1399 207 1432 &
224 1394 278 1429 lit:
292 1395 388 1428 docet
400 1405 438 1427 ex
452 1392 612 1442 Apostolo
623 1420 633 1435 ,
658 1391 712 1426 ubi
721 1392 761 1437 est
767 1394 906 1439 spiritus
920 1397 1076 1437 Domini,
1096 1395 1142 1431 ibi
1156 1397 1208 1442 effi
1223 1395 1415 1435 libertatem.

32 1445 75 1477 Si
83 1455 155 1492 ergo
167 1470 178 1481 ,
204 1444 329 1489 inquit,
338 1442 516 1487 ftrvificnt
526 1444 649 1488 peccati
663 1467 670 1474 ,
693 1440 813 1486 quidfi’
826 1442 957 1484 jaffant
972 1442 1012 1475 de
1027 1443 1123 1477 libero
1141 1443 1276 1478 arbitrio
1292 1462 1302 1478 .·
1321 1452 1353 1482 &
1369 1449 1418 1482 in-

31 1491 80 1527 fra
93 1520 102 1535 ‚
119 1490 289 1538 postquam
298 1490 392 1524 fateri
409 1487 489 1524 visus
507 1489 555 1522 est
568 1491 607 1523 'in
619 1487 710 1522 malis
724 1487 909 1523 hominibus
923 1501 1055 1525 manere
1070 1490 1210 1526 liberum
1228 1491 1396 1529 arbitrium
1409 1525 1419 1538 ‚

32 1539 120 1587 quali
134 1538 269 1587 seipsum
287 1540 449 1586 corrigens
468 1534 608 1584 subjicit.
626 1538 836 1584 annquam,
852 1538 976 1584 inquit,
994 1551 1054 1572 non
1068 1538 1222 1584 estrhbera
1238 1542 1390 1577 voluntas
1407 1560 1418 1577 .-

32 1586 55 1623 ὲ
67 1601 126 1634 quo
139 1590 218 1623 enim
233 1589 363 1633 quisque
379 1586 521 1620 deviffus
534 1615 542 1628 ‚
563 1585 635 1619 huic
643 1587 759 1630 servus
782 1585 927 1619 addiaessus
939 1585 979 1629 cst
992 1603 1001 1628 3
1017 1586 1056 1621 ό·
1073 1591 1170 1622 omnis
1186 1590 1334 1635 qttifncit
1343 1602 1416 1638 pec-

33 1647 140 1672 catum
155 1664 166 1679 ,
199 1638 314 1680 fi’rvus
333 1634 372 1681 es}
386 1634 614 1683 peccati.1sta‚
639 1636 792 1682 inquam,
813 1646 889 1681 quae
897 1635 1078 1670 identidem
1099 1639 1205 1673 innuit
1216 1634 1418 1686 Augustinus,

31 1687 167 1722 minime
180 1683 250 1720 sunt
268 1684 477 1732 intelligenda
492 1683 532 1718 de
543 1682 694 1718 libertate
706 1682 863 1726 naturali,
885 1696 956 1731 quae
973 1684 1086 1719 dicitnr
1096 1684 1319 1731 aneceffitate,
1330 1701 1419 1735 quae-

31 1746 96 1782 que
111 1733 203 1768 malis
211 1738 299 1782 juxta
311 1738 343 1770 &
353 1732 449 1768 bonis
462 1735 636 1768 convenit:
650 1731 702 1767 sed
717 1731 759 1766 de
769 1730 921 1767 libertate
934 1732 954 1768 a
972 1745 1106 1781 peccato
1120 1762 1129 1777 ‚
1160 1735 1201 1768 de
1222 1747 1285 1781 qua
1310 1736 1418 1785 loqui.

33 1793 83 1818 tur
106 1780 271 1830 Apostolus
285 1811 295 1825 ,
319 1795 402 1816 mmc
425 1791 530 1815 autem
557 1780 688 1815 liberati
706 1779 726 1815 ὲ
736 1790 873 1864 1peccato
893 1810 904 1825 ‚
926 1783 1021 1827 servi
1045 1794 1153 1816 autem
1175 1783 1259 1828 fafli
1281 1785 1418 1826 justitia,

33 1832 244 1881 Qiaecontra
260 1829 478 1869 conclusiones
491 1830 610 1866 nostras
627 1829 727 1880 objici
749 1828 996 1878 olent,proxima
1006 1831 1184 1879 quaestione
1201 1831 1418 1870 diffolventur,

521 1929 617 1977 QU
642 1930 681 1964 AE
706 1929 727 1964 S
752 1930 783 1965 T
810 1931 824 1964 I
853 1932 888 1966 O
948 1932 991 1965 V.

564 2028 654 2077 Qid
668 2017 727 2074 ‚si-tr
740 2018 875 2063 libertas
892 2029 907 2060 ἒ

0 2163 4 2171 ,
34 2124 204 2210 NUiic
220 2125 345 2174 reliqua
366 2138 436 2174 quae
453 2124 493 2160 ad
507 2135 654 2161 naturam
671 2124 832 2162 libertatis*
843 2127 1019 2175 pertinent,
1034 2136 1249 2173 exequamur,
1269 2137 1336 2161 tum
1347 2139 1434 2174 quae‘

0 2180 5 2217 '¹
131 2187 241 2211 contra
256 2175 444 2211 sententiam
455 2175 597 2209 nostram
614 2172 720 2209 afferri
738 2175 862 2220 solent,
881 2173 1094 2211 diffolvemus.
1118 2176 1165 2210 Ac
1178 2174 1318 2222 primuni
1329 2179 1420 2213 exiis

0 2220 5 2253 l
38 2221 184 2268 quaesunt
200 2224 355 2273 explicata
366 2225 398 2258 id
411 2223 546 2260 efficitur
556 2253 566 2268 ,
581 2221 721 2258 liberum
735 2224 903 2259 arbitrium
913 2227 994 2258 circa
1011 2224 1115 2259 media
1129 2252 1138 2266 ‚
1158 2234 1227 2270 quae
1242 2224 1360 2259 ducunt
1376 2226 1416 2260 ad

4 2310 5 2314 Ἰ
39 2269 140 2306 finem
153 2299 163 2313 ,
176 2285 240 2308 non
256 2276 337 2308 circa
351 2272 451 2309 finem
466 2273 617 2309 ultimum
629 2301 638 2314 ‚
659 2283 715 2307 aut
738 2285 775 2307 ea
793 2285 862 2319 quae
876 2272 971 2307 nobis
994 2286 1064 2308 cum
1081 2271 1145 2306 fine
1160 2272 1310 2307 videntur
1332 2274 1416 2308 indi-

2 2322 4 2341 ³
38 2317 127 2353 vulfe
144 2324 320 2367 conjun&a‚
334 2326 462 2371 proprie
478 2321 606 2357 versari.
622 2323 735 2357 Nemo
755 2323 843 2356 enim
855 2320 1015 2355 deliberat
1028 2350 1037 2363 ‚
1059 2332 1112 2355 aut
1129 2320 1219 2368 eligit
1236 2320 1416 2365 sanitatem,

3 2380 4 2394 1
40 2378 94 2403 aut
107 2369 227 2451 vitane?
245 2381 298 2404 aut
310 2382 347 2404 ea
358 2370 421 2408 sme
437 2371 553 2420 quibus
566 2371 653 2408 beati
671 2368 731 2407 effe
747 2384 814 2408 non
826 2368 985 2419 possumus
1000 2387 1010 2415 ;
1035 2372 1084 2406 uti
1096 2381 1158 2406 nec
1170 2372 1242 2416 quis
1257 2370 1417 2406 deliberat

218 2430 274 2453 om.
292 2420 318 2455 Ι.
1124 2420 1158 2454 O
1181 2431 1201 2452 0
