1857 2745
364 149 429 180 57’.
807 131 1234 170 METAPHYSICAE
1285 158 1290 164 .

351 183 409 219 suo
426 184 516 218 bono
539 182 678 225 fruitur,
699 183 731 217 id
748 183 836 218 arae
851 182 1079 230 comple-&itur
1093 209 1103 223 ‚
1128 183 1225 227 eique
1245 190 1359 214 amore
1374 179 1518 217 inhaerer.
1543 180 1642 233 Qod
1661 184 1765 220 etiam

355 244 463 268 motus
482 232 526 266 est
543 233 669 278 corpori
683 260 692 275 ‚
711 232 776 267 hoc
791 230 954 266 voluntati
969 231 1015 264 est
1027 228 1213 279 prosecutio
1228 257 1238 272 ,
1260 240 1314 262 aut
1327 227 1404 276 fuga
1423 242 1431 264 t
1448 241 1549 264 unum
1571 231 1687 268 deserit
1703 247 1765 270 vo-

353 281 461 316 luntas
473 292 509 315 ut
526 280 614 314 aliud
627 284 774 327 acquirat
791 298 801 326 3
824 283 912 316 varia
928 280 1036 316 media
1050 307 1060 323 ,
1094 290 1249 326 tanquam
1267 275 1366 325 spatia
1381 281 1538 325 percurrit
1552 307 1562 321 ,
1592 291 1629 314 ut
1653 283 1684 316 in
1707 282 1764 316 suo

354 328 420 364 fine
434 329 592 377 quiescat.
609 330 717 377 Atque
730 341 766 365 ut
775 341 892 377 corpus
906 330 1052 364 nostrum
1073 329 1147 363 dum
1163 327 1369 376 progreditur
1384 354 1394 368 ‚
1423 327 1554 363 alternis
1574 330 1710 376 quiescit
1729 335 1764 367 δε

355 390 513 415 movetur
526 393 533 414 z
546 378 584 414 sic
598 379 747 414 voluntas
767 392 823 429 per
841 380 948 414 media
959 380 997 413 ad
1012 377 1110 413 finem
1123 377 1213 412 suurn
1227 376 1398 413 contendit
1412 405 1422 419 ‚
1443 389 1478 411 ut
1495 378 1610 412 mediis
1629 378 1700 426 ipsis
1716 381 1765 415 in-

358 429 490 462 terdum
509 441 565 476 per
586 426 646 464 aff<
655 430 722 464 &us
741 428 811 463 suos
834 428 991 463 inhaereat
1004 426 1262 474 aliquantulum:
1279 425 1362 459 adeo
1374 436 1410 460 ut
1425 437 1530 461 motus
1541 427 1716 464 voluntatis
1731 431 1764 463 in

354 475 457 513 finem
473 475 508 511 lit
527 477 617 512 velut
633 478 759 513 alterna
771 480 890 525 quietis
908 478 1058 513 mutatio.
1079 478 1157 511 Sive
1176 478 1263 510 enim
1278 473 1430 509 voluntas
1451 473 1586 523 obje&o
1605 475 1657 511 suo
1678 478 1764 513 frua-

354 537 405 562 tur
420 543 430 571 ·‚
447 525 510 561 sive
528 539 567 562 ex
583 540 649 562 uno
664 529 695 563 in
713 526 799 562 aliud
811 538 956 562 excurrat
971 543 981 571 3
996 524 1060 561 five
1076 536 1146 560 rem
1164 522 1322 559 desiderio
1338 522 1601 572 prosequatur-‚St
1612 527 1645 560 in
1660 525 1760 562 finem

355 575 500 623 aliquem
521 589 578 624 per
594 587 683 610 certa
694 578 803 611 media
820 578 943 612 nitatur
957 593 966 619 3
983 574 1047 611 sive
1062 574 1182 623 eligat,
1199 579 1233 611 &
1244 585 1344 608 unum
1360 572 1454 607 alteri
1465 574 1628 621 praeferar,
1640 575 1765 623 ubique

357 626 420 659 erit
430 627 554 672 quietis
572 628 711 661 mutatio
724 655 733 669 ,
753 638 808 661 aut
822 638 915 673 quies
929 625 998 673 ipsa
1006 637 1075 661 non
1087 621 1191 658 otiosa
1204 652 1214 667 ‚
1245 621 1297 657 sed
1311 622 1417 657 vitalis
1434 627 1467 659 ὅ(
1480 622 1620 659 neruosa.
1639 627 1702 659 Vix
1714 636 1763 659 ta.

356 687 434 709 men
450 672 501 709 hic
512 676 653 709 occurrit
662 677 781 710 entitas
800 675 907 723 aliqua
923 687 1009 710 nova
1020 703 1029 718 ‚
1051 679 1084 711 δέ
1095 670 1223 721 phyfica
1243 671 1263 707 ἒὶ
1283 672 1454 707 voluntate
1467 677 1501 708 ὃ(
1511 672 1645 721 objecsto
1655 674 1764 709 distin-

354 725 410 759 ἀεὶ
430 737 437 758 :
462 725 512 758 uti·
523 735 595 758 cum
613 724 790 759 incedimus
804 752 814 768 ‚
841 730 874 761 &
897 725 1015 773 pedem
1040 735 1140 757 unum
1177 732 1268 755 certo
1286 720 1360 755 loco
1381 719 1545 769 infigimus
1559 751 1569 765 ,
1590 723 1665 758 dum
1683 722 1765 758 alter

357 771 522 807 attollitur
537 801 547 816 ,
573 772 700 808 nullum
725 786 780 809 ens
801 772 969 822 physicum
983 774 1121 808 occurrit
1136 782 1250 820 praeter
1268 770 1406 818 pedem,
1426 775 1460 807 δέ
1474 769 1583 807 locum
1596 784 1695 820 quem
1705 784 1765 807 ος.

356 833 457 869 cupat
469 850 479 863 ‚
505 832 561 857 aut
573 833 690 858 mutat.

399 885 426 906 2.
443 872 522 905 Hoc
536 873 649 919 utique
665 871 712 906 est
724 869 889 907 voluntati
903 873 1067 920 proprium
1076 882 1112 906 ut
1125 868 1256 919 seipsam
1277 868 1474 903 determinet
1487 870 1603 916 :quod
1621 883 1689 905 non
1705 870 1763 906 ha-

360 917 421 954 bet
437 932 512 955 cum
525 919 713 969 corporibus
732 914 919 957 corrmiune‘.
938 924 1028 957 Nam
1045 919 1102 955 ubi
1118 921 1264 968 potentia
1278 947 1287 960 ,
1313 918 1366 952 seu
1384 919 1474 952 aekus
1492 920 1613 965 primus
1635 921 1702 954 inte
1728 931 1763 954 er

363 968 410 1003 est
422 969 649 1018 &completus
659 998 670 1014 ‚
690 980 757 1004 rum
773 982 888 1018 corpus
900 968 1074 1004 necell'ari'o
1092 980 1242 1003 movetur
1253 996 1263 1011 ‚
1279 972 1313 1003 &
1326 968 1436 1015 primae
1454 965 1553 1000 causae
1572 933 1762 1004 concursgm

360 1019 464 1067 exigit
476 1047 486 1062 ‚
500 1031 567 1054 non
580 1021 659 1054 item
671 1018 823 1054 voluntas
846 1047 855 1062 ‚
873 1029 944 1066 quae
970 1016 1081 1067 positis
1105 1016 1256 1053 omnibus
1276 1016 1316 1050 ad
1333 1016 1496 1063 agendum
1522 1016 1763 1064 praerequifitis‚

363 1067 469 1101 adhuc
487 1079 600 1104 manet
613 1067 814 1104 indifferens.
833 1069 896 1103 Sed
913 1067 968 1102 illa
981 1068 1213 1102 determinatio
1233 1071 1338 1113 neque
1359 1066 1394 1100 in
1415 1063 1602 1112 corporibus
1618 1094 1628 1110 ‚
1651 1079 1762 1114 neque

362 1117 395 1149 in
407 1115 473 1163 ipsa
482 1115 653 1152 voluntate
665 1128 700 1151 ut
718 1129 806 1152 nova
818 1119 936 1152 entitas
950 1119 980 1151 ei
1002 1115 1197 1151 succrescens
1214 1116 1343 1162 concipi
1357 1112 1572 1150 debet..Tum
1591 1117 1681 1150 enirn
1700 1130 1761 1151 vo.

366 1162 471 1198 luntas
480 1163 543 1198 sese
553 1165 753 1200 determinat
766 1194 775 1207 ‚
792 1177 866 1200 cum
876 1164 968 1200 bono
983 1164 1149 1213 proposito
1167 1163 1296 1212 quasise
1313 1165 1492 1212 permittit,
1514 1168 1548 1200 &
1569 1162 1611 1197 ab
1630 1176 1671 1199 eo
1687 1165 1762 1200 ille..

366 1213 416 1247 &a
431 1211 560 1248 ultrose
574 1214 674 1250 dedit.
688 1215 772 1249 Cum
785 1225 895 1248 autem
907 1213 986 1248 illud
998 1213 1123 1248 bonum
1133 1216 1240 1248 minus
1257 1213 1456 1254 videt-ur‚aut
1467 1224 1534 1246 non
1545 1210 1615 1247 satis
1623 1214 1761 1264 cognos-

365 1262 448 1295 citur
465 1273 501 1296 ut
515 1260 638 1297 bonum
650 1292 659 1306 ‚
681 1274 751 1297 tum
765 1262 916 1297 voluntas
940 1264 974 1297 in
987 1262 1019 1295 id
1037 1261 1114 1296 ferri
1137 1274 1202 1296 non
1220 1261 1333 1309 potest.
1360 1262 1446 1296 Cum
1464 1260 1586 1295 bonum
1612 1275 1651 1297 ex
1669 1266 1761 1299 omni

364 1321 456 1358 parte
472 1313 671 1346 conveniens
692 1311 754 1346 sine
776 1310 839 1345 ulla
858 1310 934 1345 mali
949 1311 1150 1346 admixtione
1170 1312 1359 1358 proponitur
1375 1338 1384 1352 ‚
1416 1321 1484 1343 tum
1500 1309 1654 1345 voluntas
1674 1315 1707 1347 in
1726 1313 1760 1347 id

364 1357 538 1394 necess'ario
557 1362 620 1395 tuit
632 1387 641 1399 ‚
665 1372 726 1395 nec
746 1359 878 1408 seipsam
894 1359 1114 1395 determinat:
1135 1371 1211 1393 nam
1227 1358 1269 1392 ab
1286 1358 1375 1406 ipsius
1391 1357 1514 1405 obJecti
1528 1357 1676 1395 bonitate
1698 1360 1758 1395 ab-

364 1410 488 1455 ripitur.

404 1460 518 1504 ltaque
536 1468 571 1492 ur
584 1456 717 1506 seipsam
733 1457 886 1493 voluntas
907 1458 1125 1501 determinet,
1158 1468 1223 1493 nec
1241 1455 1408 1506 objectum
1425 1470 1463 1493 ut
1478 1461 1641 1508 ingratum
1659 1464 1691 1496 &
1710 1462 1759 1496 in..

366 1505 522 1541 sufficiens
539 1521 546 1543 :
569 1519 677 1554 neque
691 1519 726 1542 ut
741 1508 958 1555 undequaque
973 1506 1097 1542 bonum
1122 1508 1260 1555 proponi
1280 1535 1289 1550 ‚
1310 1505 1362 1540 sed
1388 1508 1498 1543 medio
1518 1509 1662 1556 quodam
1685 1509 1759 1544 loco

366 1555 427 1590 else
439 1555 541 1590 debet
555 1584 564 1598 ,
590 1567 656 1602 quo
676 1556 824 1592 voluntas
840 1556 971 1605 seipsam
984 1559 1015 1591 ei
1036 1556 1137 1591 libere
1150 1557 1327 1604 permittat.
1354 1557 1516 1602 Quamvis
1534 1560 1622 1593 enim
1639 1556 1674 1592 fit
1687 1571 1759 1593 ma-

363 1607 441 1653 joris
454 1604 532 1638 boni
549 1616 651 1652 capax
663 1635 672 1649 ‚
691 1605 777 1641 suam
793 1618 901 1641 tamen
926 1608 992 1640 vim
1005 1605 1089 1654 quasi
1105 1605 1285 1647 contrahit,
1319 1617 1386 1652 quo
1408 1604 1469 1641 sese
1488 1606 1579 1642 bono
1599 1606 1758 1643 allicienti

367 1654 595 1688 accommodet
610 1670 619 1697 ·‚
633 1665 737 1702 eaque
749 1654 807 1690 fibi
829 1653 883 1704 ipfi
899 1653 985 1703 quasi
1001 1657 1156 1690 terminos
1168 1655 1308 1701 imponit
1321 1683 1330 1697 ‚
1354 1666 1412 1689 nec
1427 1660 1525 1704 majus
1535 1655 1688 1703 quiddam
1701 1669 1758 1692 ex-

368 1706 458 1750 petit.
479 1703 583 1750 Qrod
599 1705 712 1751 utique
732 1703 801 1739 fieri
812 1705 914 1753 potest
926 1734 936 1747 ‚
958 1703 1037 1739 licet
1055 1703 1139 1739 nulla
1149 1706 1265 1738 entitas
1276 1715 1363 1738 nova
1373 1703 1535 1740 voluntati
1545 1705 1757 1754 superveniat:

367 1765 433 1786 non
453 1754 540 1786 enim
550 1751 604 1785 illa
624 1751 856 1789 determinatio
870 1754 911 1788 est
926 1754 1005 1800 quid
1015 1753 1204 1788 distinctum
1219 1752 1239 1787 a
1254 1751 1423 1788 voluntate
1437 1782 1447 1797 ,
1468 1759 1502 1792 &
1514 1753 1606 1790 bono
1620 1754 1758 1791 illicien-

368 1813 402 1835 te
416 1814 423 1835 :
442 1805 579 1835 maxime
592 1799 612 1834 fi
623 1801 808 1837 concursum
826 1805 891 1838 Dei
902 1805 1011 1850 exigat
1025 1801 1249 1839 &antecedat.
1268 1801 1370 1847 Qod
1383 1800 1499 1838 sienim
1514 1801 1589 1838 esset
1607 1805 1755 1851 quaedam

368 1851 487 1884 entitas
498 1879 507 1894 ,
527 1849 595 1884 haec
612 1849 843 1887 fine-concursu
854 1852 966 1886 divino
987 1851 1074 1886 foret
1082 1850 1254 1900 producta:
1268 1863 1340 1886 cum
1351 1849 1540 1900 supponatur
1553 1854 1618 1890 Dei
1626 1865 1757 1890 concur-

367 1898 436 1935 sum
455 1902 592 1947 exigere.

368 1952 374 1957 ”
398 1950 490 1983 Hinc
501 1952 591 1985 Deus
607 1948 766 1986 voluntati
776 1952 919 2000 exigenti
929 1949 1113 1986 concursum
1125 1950 1211 1985 suuni
1223 1950 1327 1999 potest
1336 1963 1410 1986 eum
1424 1951 1600 1999 denegate:
1614 1948 1666 1984 sed
1677 1962 1754 1986 eum

369 2011 435 2033 non
446 1999 548 2045 exigit
565 1998 716 2034 voluntas
728 2028 737 2043 ,
756 1999 812 2035 nisi
829 2013 900 2035 cum
924 1999 970 2034 est
988 2000 1215 2035 determinata.
1243 2002 1467 2047 Neque.enim
1482 1997 1571 2034 causa
1588 1997 1691 2033 libera
1704 2001 1755 2035 in-

370 2047 427 2081 star
441 2046 540 2080 causae
556 2046 733 2082 necellhriae
749 2048 935 2083 concursum
951 2051 1015 2084 Dei
1030 2048 1168 2096 postulat
1182 2078 1191 2092 ‚
1217 2061 1288 2085 cum
1307 2049 1349 2084 est
1363 2051 1394 2084 in
1407 2050 1479 2084 aestu
1492 2048 1752 2097 priinocomple-

371 2107 421 2132 ta:
441 2108 517 2130 nam
530 2094 638 2144 positis
656 2096 808 2131 omnibus
829 2098 872 2131 adv
895 2097 1056 2146 agendum
1077 2097 1291 2145 praerequifitis
1311 2098 1417 2145 potest
1442 2096 1545 2131 adhuc
1564 2110 1630 2131 non
1642 2109 1753 2143 agere.

371 2145 482 2186 Quare
495 2142 617 2180 necesse
628 2144 674 2179 est
684 2157 717 2181 ut
732 2149 795 2194 jam
811 2146 847 2181 fit
857 2146 1072 2181 determinata
1083 2175 1092 2189 ‚
1102 2159 1174 2181 cum
1184 2147 1330 2181 divinum
1347 2145 1532 2181 concursum
1552 2147 1657 2194 exigit.
1668 2149 1752 2194 Ergo

370 2193 675 2242 determinat⁴oipsa
689 2195 866 2230 voluntatis
888 2195 1033 2230 divinum
1051 2196 1235 2231 concursum
1257 2196 1432 2231 antevertit
1450 2210 1458 2237 3
1488 2207 1594 2240 neque
1611 2194 1696 2230 adeo
1709 2195 1752 2230 est

371 2245 488 2277 entitas
504 2243 650 2290 quaedam
663 2243 790 2292 physica
800 2243 963 2279 voluntati
977 2243 1205 2293 superveniens
1219 2273 1227 2286 ,
1241 2256 1310 2290 quae
1321 2245 1400 2277 citra
1420 2246 1484 2278 Dei
1496 2242 1685 2279 concursum
1703 2243 1752 2279 es-

370 2290 400 2324 se
418 2305 483 2326 non
495 2289 607 2340 posset.
631 2293 682 2328 Est
699 2295 795 2340 igitur
813 2293 905 2329 velut
918 2295 1006 2330 auus
1019 2293 1146 2330 secundi
1160 2295 1285 2329 initium
1296 2321 1307 2336 ‚
1323 2297 1408 2342 cujus
1420 2293 1694 2342 complementum
1707 2305 1750 2328 ex

372 2342 435 2373 Dei
457 2339 610 2375 concursu
636 2343 770 2376 accedit-

406 2401 431 2431 ξ.
451 2390 535 2424 Cum
554 2389 678 2426 bonum
693 2391 891 2440 propositum
905 2404 1039 2428 omnem
1057 2391 1230 2429 voluntatis
1249 2393 1461 2440 capacitatem
1475 2420 1486 2437 ,
1512 2403 1608 2428 omne
1629 2389 1749 2425 deside.

1665 2451 1753 2476 rium-
