1857 2745
119 208 223 236 tenus
238 195 301 232 hoc
316 194 435 231 animal
455 193 586 230 sumitur
604 206 664 243 pro
683 194 853 230 individuo
877 196 1054 243 generice,
1070 205 1138 228 non
1157 203 1266 229 tamen
1289 163 1522 243 complectit&

130 260 235 283 totam
253 245 420 282 essentiam
433 245 523 292 hujus
536 244 683 279 animalis
699 273 709 288 ‚
721 242 742 278 si
753 243 888 279 sumatur
898 256 956 292 pro
974 243 1120 293 [iugulari
1141 242 1254 291 aliquo
1274 249 1308 280 &
1321 245 1519 280 determina-

127 307 163 331 to
177 295 326 334 animali,
351 298 383 332 in
397 307 462 343 quo
480 293 526 329 est
538 293 653 345 gradus
663 295 830 344 genericus
846 293 1011 331 animalis:
1027 306 1095 331 non
1105 293 1194 330 enim
1206 293 1253 328 est
1273 305 1342 329 tora
1361 307 1395 330 v.
1410 306 1441 343 g.
1457 297 1520 332 Pe..

118 347 169 382 ατί
185 345 329 383 essentia.

602 426 950 464 ARTICULUS
1002 428 1063 464 11.

306 509 377 558 Qae
390 507 429 544 ό·
442 510 549 556 qualis
553 509 598 556 fit
609 508 812 555 Vnivershlis
827 509 859 543 in
875 510 1016 556 quinque
1030 507 1183 554 inferiora
1201 506 1323 553 divisio.

225 591 302 628 Une
312 593 462 638 quaeritur
473 604 515 627 an
528 589 582 626 illa
595 588 706 625 divifio
720 587 906 625 universalis
921 587 957 624 fit
966 591 1105 624 univoca
1115 617 1124 631 ,
1144 587 1207 622 hoc
1217 588 1260 622 est
1270 617 1279 631 ,
1307 601 1348 624 an
1361 601 1402 624 ex
1423 602 1515 638 aequo

227 643 369 688 quinque
386 639 621 676 universalibus
640 641 724 674 ratio
739 668 748 683 ,
768 649 824 674 aut
846 649 1022 686 conceptus
1044 637 1229 672 universalis
1247 641 1423 673 conveniat
1442 657 1450 684 3
1474 653 1519 675 an

120 690 229 736 potius
242 718 252 732 ‚
270 700 306 723 ut
321 689 447 724 videtur
460 688 623 725 nonnullis
635 717 645 732 ,
670 691 826 736 praecipua
853 687 995 735 quadarn
1014 689 1141 721 ratione
1158 699 1257 735 genus
1279 693 1313 724 &
1333 687 1451 736 species
1469 689 1517 723 di-

119 748 232 771 cantur
245 737 454 780 universalia,
481 738 606 784 reliqua
634 748 760 771 tantum
775 738 952 783 improprie
967 764 977 778 ‚
1011 740 1046 771 &
1071 748 1128 784 per
1149 735 1332 784 analogiam
1351 738 1515 784 quandam

111 784 305 820 <universalis
319 798 460 829 nomen,
477 791 512 823 &
524 787 697 821 notionem
709 786 915 833 participent.
933 784 1003 831 Qi
1020 787 1182 819 rationem
1194 784 1383 820 vuniversalis
1400 790 1517 822 univo-

110 845 189 870 -cam
203 834 348 883 respeQu
362 836 510 883 quinque
521 833 751 869 universalium
767 833 910 869 statuunt
925 861 936 876 ,
956 833 1057 868 iidem
1069 833 1247 869 universale
1259 832 1321 869 effe
1339 848 1437 884 genus
1457 835 1518 870 res-

117 885 215 932 pectu
231 886 376 932 quinque
391 883 618 919 universalium
633 911 643 926 ,
662 895 698 918 ut
715 883 836 918 animal
851 881 995 931 respestu
1008 882 1149 918 hominis
1164 889 1197 920 8<
1212 882 1342 928 belluae,
1355 884 1516 920 arbitram-

113 943 190 977 tur;
211 933 267 968 alii
283 944 397 968 contra
414 932 564 969 sentiunt.
586 933 675 968 Cum
686 944 798 968 autem
811 943 860 967 res
875 944 943 967 non
958 929 996 966 fit
1017 934 1131 982 magni
1142 937 1302 968 momenti
1314 961 1323 976 ‚
1345 936 1453 981 paucis
1469 934 1515 969 est

116 981 329 1030 expedienda.
1232 1013 1238 1021 .

154 1032 202 1065 Ac
217 1033 323 1078 primo
334 1031 470 1078 quidem
486 1031 519 1065 id
538 1030 634 1066 facile
645 1030 852 1066 concedimus
869 1058 879 1073 ,
896 1028 1076 1065 universale
1088 1028 1150 1064 effe
1162 1043 1262 1078 genus
1272 1031 1383 1066 saltem
1394 1034 1514 1079 imper-

110 1078 239 1114 -feetum
257 1077 409 1128 respectu
433 1079 649 1115 inferiorum:
673 1091 747 1115 nam
776 1079 817 1113 de
841 1080 989 1127 quinque
1009 1078 1242 1114 universalibus
1271 1080 1456 1129 praedicatur
1481 1084 1514 1116 in

116 1128 197 1175 quid
221 1127 431 1177 incomplete.

154 1190 185 1213 ι’)
194 1177 230 1212 ld
245 1179 346 1212 etiam
365 1177 536 1214 verisimile
549 1178 677 1214 videtur
688 1178 718 1212 id
737 1191 802 1214 non
813 1176 874 1214 esse
884 1188 981 1226 genus
993 1178 1124 1226 proprie
1134 1177 1258 1212 dictum
1272 1191 1280 1212 ε
1300 1190 1372 1213 cum
1388 1178 1513 1216 nullum

114 1238 216 1274 genus
234 1227 416 1275 perfedkum
429 1228 606 1263 includatur
624 1227 806 1262 formaliter
825 1230 857 1263 in
873 1226 1065 1261 differentiis
1080 1225 1203 1260 suorum
1220 1227 1410 1262 inferiorum
1435 1243 1442 1264 :
1462 1242 1514 1262 ra-

118 1274 242 1310 tionale
259 1289 325 1311 non
341 1276 475 1311 includit
488 1275 671 1312 formaliter
687 1276 828 1313 animal:
847 1276 900 1312 sed
917 1274 1097 1311 universale
1113 1275 1285 1311 includitur
1307 1279 1339 1311 iu
1360 1276 1514 1312 differen-

116 1326 168 1358 tiis
181 1323 304 1359 suomm
324 1325 519 1361 inferiorum
536 1341 544 1362 :
565 1339 641 1361 uam
653 1324 838 1362 differentia
852 1324 919 1374 ipsa
941 1325 986 1359 est
1012 1337 1109 1360 unum
1126 1337 1168 1359 ex
1186 1328 1333 1373 quinque
1349 1325 1512 1363 universa-

114 1372 199 1409 libus
212 1388 220 1410 ε
234 1386 312 1423 ergo
327 1374 504 1410 universale
519 1388 590 1411 non
606 1375 649 1409 est
657 1387 757 1423 genus
776 1377 908 1425 proprie
923 1375 1048 1410 dietum
1061 1379 1096 1411 &
1110 1373 1301 1422 perfectum.

477 1475 845 1512 DISPUTATIO
891 1473 1112 1510 ALTERA

533 1574 588 1605 De
603 1567 840 1616 universalibus
853 1568 1041 1616 sigillatim.

119 1668 352 1753 Explicatis
369 1668 522 1704 omnibus
543 1697 552 1711 ,
581 1679 649 1716 quae
660 1667 700 1700 ad
719 1678 863 1702 naturam
874 1695 883 1708 ,
900 1668 1118 1714 proprietates
1129 1670 1161 1702 ὃ(
1176 1666 1366 1705 divifionem
1381 1672 1511 1707 univer.

191 1716 262 1751 salis
274 1716 338 1752 visa
350 1717 418 1754 sum
429 1719 612 1767 pertinere,
641 1727 726 1751 nunc
743 1715 807 1765 ipsa
825 1714 1016 1750 universalia
1035 1714 1189 1758 seor-fimi,
1218 1723 1253 1755 ὃς
1280 1730 1318 1753 ex
1338 1721 1450 1755 ordine
1468 1724 1511 1755 im

114 1764 187 1801 sunt
204 1768 415 1815 exponenda,
437 1779 474 1802 ut
484 1765 566 1802 nihil
581 1778 694 1800 eorum
707 1777 778 1812 qua:
791 1765 914 1813 aliquid
941 1764 1065 1800 habent
1077 1765 1228 1800 utilitatis
1246 1796 1256 1810 ,
1268 1770 1475 1804 omittamus.

457 1875 804 1922 Quffisrro
862 1872 1097 1908 PRtMA.

674 1964 730 1996 De
748 1973 874 2012 genere.

214 2065 352 2112 Uinque
365 2063 593 2100 universalium
613 2063 846 2097 tra-&ationem
865 2059 886 2096 ὲ
900 2073 1022 2110 genere
1039 2063 1162 2098 orditur
1181 2059 1378 2115 Porphyrius
1392 2089 1402 2102 ,
1426 2062 1515 2109 quod

119 2063 348 2161 Qreliquis
359 2115 452 2150 velut
466 2113 714 2150 fundamentum
729 2110 940 2146 substernatur
958 2125 967 2147 :
991 2124 1067 2147 nam
1094 2111 1134 2145 ad
1147 2113 1193 2145 rei
1204 2111 1370 2146 erientiam
1382 2107 1421 2144 fic
1441 2123 1515 2160 per-

116 2164 218 2207 tinet,
235 2175 272 2198 ut
280 2162 317 2198 fit
326 2166 470 2212 primum
483 2169 516 2201 &
526 2165 628 2210 magis
640 2160 779 2197 obvium
792 2163 839 2195 tei
859 2159 1010 2209 qu'usque
1028 2159 1235 2198 attributum,

145 2212 193 2246 Ac
211 2215 354 2260 primum
363 2214 498 2261 quidem
514 2214 618 2249 varias
632 2213 760 2260 generis
779 2209 882 2245 refert
901 2213 1108 2260 acceptiones
1130 2226 1138 2252 3
1158 2221 1226 2244 tum
1252 2209 1330 2244 illud
1351 2220 1516 2256 utcunque

117 2259 252 2304 definit,
275 2275 312 2296 ac
322 2263 447 2299 dividit.
472 2266 581 2299 Genus
590 2270 622 2295 τ’)
636 2262 794 2308 accipitur
810 2273 868 2308 pro
887 2260 981 2308 stirpe
997 2272 1053 2295 aut
1071 2259 1192 2295 familia
1209 2273 1216 2294 ε
1234 2271 1271 2294 ut
1283 2272 1356 2294 cum
1380 2259 1516 2294 dicimus

116 2310 368 2352 Heraclidarum
381 2326 503 2358 genus3
521 2322 656 2358 tumque
678 2308 762 2345 illius
779 2308 912 2344 familiae
923 2321 1018 2358 caput
1035 2308 1194 2344 Hercules
1207 2311 1358 2343 nimirum
1369 2336 1379 2352 ‚
1407 2314 1440 2346 ὃ(
1460 2310 1516 2355 qui

118 2356 159 2391 ab
176 2370 219 2392 eo
233 2358 302 2394 sunt
317 2352 446 2396 oririndi
464 2361 700 2409 intelliguntur.
717 2366 751 2393 2⁰
765 2361 828 2393 Pro
838 2361 944 2406 patria
958 2358 1106 2406 cujusque
1121 2357 1283 2394 interdum
1296 2356 1427 2392 sumitur
1450 2370 1457 2391 ι
1476 2355 1514 2390 fic

118 2405 214 2442 Plato
229 2420 348 2457 genere
366 2409 568 2446 Atheniensis
580 2439 591 2454 ‚
611 2407 798 2446 Aristoteles
823 2408 960 2457 stagirita
970 2407 1094 2443 dicitur.
1134 2416 1172 2454 30.
1201 2409 1314 2442 Genus
1329 2406 1349 2442 ἐι
1369 2405 1518 2441 Philoso-.

1240 2458 1279 2492 M
1328 2457 1359 2502 iij
