1857 2745
404 146 465 181 3¹4
862 126 1323 167 PH'I'LOS‘OPHIA

405 181 517 218 adsunt
530 194 598 216 tuni
620 192 657 216 ex
667 191 761 229 parte
771 176 973 223 intellectus,
987 190 1055 214 tum
1070 191 1109 214 ex
1119 191 1210 228 parte
1230 180 1341 229 organi
1351 206 1362 222 ,
1385 188 1425 213 ac
1444 178 1643 227 potiffimum
1659 179 1728 216 usus
1751 180 1792 219 δέ

405 242 606 266 exercitatio.

437 280 519 313 Haec
533 274 693 313 conclufio
705 288 778 311 cum
787 288 827 312 ex
842 276 890 312 his
902 288 975 324 quae
992 277 1026 312 in
1040 276 1101 311 hac
1113 276 1331 326 disputatione
1345 277 1386 311 de
1399 288 1512 314 natura
1523 275 1696 313 habituum
1704 279 1789 314 dixi-

403 339 474 362 mus
484 355 495 371 ,
506 338 577 362 tum
586 328 689 361 etiam
698 336 737 361 ex
756 327 793 361 iis
808 335 882 374 quae'
891 328 924 361 in
937 327 1059 374 Logica
1069 325 1138 362 sunt
1150 328 1366 363 demonstrata
1378 353 1389 369 ,
1407 325 1502 360 facile
1516 325 1688 376 colligitur.
1703 327 1789 364 Illud
1830 331 1832 334 ’

404 377 496 412 enim
507 376 687 421 identidem
697 377 882 412 monuimus
893 387 965 410 eam
975 373 1046 410 effe>
1053 374 1160 424 legem
1170 375 1213 410 ab
1227 376 1374 412 Authore
1385 386 1505 410 naturae
1522 376 1606 411 inter
1615 389 1733 425 corpus
1754 382 1790 414 &

404 436 565 470 mentem,
578 426 784 462 constitutam
795 454 805 468 ,
820 436 857 460 ut
873 435 978 460 certos
992 427 1136 474 corporis
1155 438 1260 461 motus
1280 425 1428 473 quaedam
1437 428 1664 473 perceptiones
1677 425 1793 462 conse-

405 478 614 523 quantur',ac
623 472 770 511 vicifflm,
783 476 874 511 Nam
884 475 990 509 omnis
1012 473 1082 509 fere
1101 487 1195 524 perce
1221 475 1318 510 tionis
1340 476 1470 509 initium
1491 472 1533 508 ab
1559 474 1736 510 affieffione
1755 476 1794 519 in

405 523 508 560 sensus
521 536 647 573 organo
658 527 704 559 im
729 524 811 560 ressa
827 525 964 560 ducitur.
993 523 1046 559 Est
1068 536 1178 559 autem
1205 524 1294 560 ensus
1319 535 1392 559 cum
1410 533 1506 558 motu
1521 522 1676 558 fibrarum
1692 552 1703 568 ,
1721 536 1794 572 quae

403 572 614 611 substantiam
631 537 758 609 cerebri
783 584 957 622 pertexunt
975 600 984 611 ,
1001 574 1047 607 ita
1067 575 1253 621 conjunaus
1265 602 1274 618 ‚
1299 583 1334 608 ut
1353 584 1406 607 ma
1430 584 1489 607 nus
1509 570 1664 608 fibrarum
1684 583 1793 608 motus
1812 614 1818 618 Ἴ

403 621 525 659 senfiim
533 635 700 672 vegetum,
716 623 896 672 languidior
910 633 1019 657 motus
1028 621 1151 658 sensum
1164 622 1359 657 debiliorem
1370 585 1499 657 efficiat.
1511 624 1593 670 Quat
1603 633 1711 657 autem
1722 620 1795 659 sen·
1826 641 1827 644 ¹

403 671 450 708 sus
466 675 600 720 attingit
610 701 620 717 ,
632 673 748 708 eadem
760 684 852 709 mens
861 672 965 708 statim
978 670 1143 720 cognoscit
1159 689 1168 716 3
1186 684 1259 719 quae
1272 669 1407 706 confuse
1419 671 1662 719 &imperit-&e
1670 669 1794 709 sensum
1826 687 1827 692 ¹

403 719 548 757 afficiunt
559 723 694 766 ,eadem
714 734 806 758 mens
821 720 954 758 confusa
966 733 1100 769 quoque
1119 723 1308 769 cognitione
1324 722 1484 768 percipit:
1504 732 1574 768 quae
1592 720 1795 758 distinete&

403 770 541 807 validius
559 769 683 807 sensum
698 773 888 807 interiorem
903 781 1119 808 commovent
1132 798 1143 814 ,
1159 770 1224 805 haec
1241 781 1334 805 mens
1355 769 1508 804 distinete
1532 771 1634 818 magis
1655 774 1690 807 &
1708 768 1796 805 clare

403 831 552 870 percipit.

440 870 506 904 Sed
517 881 630 905 tamen
644 871 729 904 inter
739 869 862 906 sensum
880 874 914 907 &
928 880 1075 905 mentem
1088 867 1152 904 hoc
1166 868 1296 903 videtur
1313 865 1375 904 effe
1389 865 1580 901 discriminis
1591 895 1601 910 ,
1616 867 1706 914 quod
1724 866 1796 903 sen.

404 917 453 953 sus
471 917 514 953 ab
534 918 600 968 ipsa
620 918 798 954 affectione
819 921 958 967 organi,
976 930 1074 965 quam
1093 916 1149 951 alii
1176 915 1314 965 speciem
1340 926 1481 959 vocant,
1497 914 1632 951 affectio
1653 914 1734 951 vero
1751 916 1794 952 ab

402 966 536 1017 objecto
546 965 805 1011 d'eterminetut3
823 974 885 1002 nee
907 965 1089 1015 poffit'ullo
1105 965 1206 1000 modo
1223 963 1325 1000 sensus
1344 962 1386 998 ab
1405 963 1470 1012 ipsa
1489 963 1666 1000 affeaione
1681 967 1796 1015 organi

403 1016 537 1051 confusa
545 1017 587 1052 ad
597 1017 777 1051 distinctam
793 1016 964 1065 progredi:
980 1027 1071 1050 mens
1089 1026 1171 1049 veto
1186 1013 1269 1049 hanc
1286 1013 1389 1048 habet
1407 1015 1672 1063 praerogativam,
1688 1026 1724 1049 ut
1749 1027 1794 1050 ex

401 1063 941 1114 confusa‘perceptioneadclaram
951 1069 986 1100 δι
997 1063 1180 1098 distinctam
1196 1061 1258 1097 sese
1266 1073 1463 1110 promoveat
1475 1089 1485 1103 ,
1504 1074 1640 1109 tumque
1648 1063 1796 1100 distincta.

405 1115 440 1148 in
453 1125 579 1161 organo
590 1116 656 1147 ima
681 1115 833 1148 inationis
852 1113 1003 1160 vestigia,
1017 1123 1074 1146 aut
1090 1109 1312 1159 phantasmata
1322 1111 1490 1159 imprimit.
1513 1113 1604 1147 Nam
1625 1113 1745 1146 mentis
1758 1117 1796 1149 &

405 1161 508 1197 sensus
520 1161 646 1197 indivul
661 1169 689 1197 ε’
698 1159 768 1196 sunt
784 1160 980 1197 functiones.
993 1163 1038 1196 Ex
1050 1159 1169 1208 quibus
1180 1157 1461 1204 efficitut,habitus
1477 1172 1561 1209 pene
1570 1172 1684 1195 omnes
1694 1162 1729 1196 in
1739 1172 1795 1196 or-

404 1224 491 1260 gano
501 1212 746 1259 imaginationis
756 1207 954 1258 potissimum
962 1207 1080 1244 ineffe:
1096 1208 1148 1244 sed
1161 1207 1248 1244 usum
1269 1220 1381 1243 eorum
1397 1209 1437 1242 ad
1453 1220 1597 1243 mentem
1617 1211 1792 1258 pertinere.

408 1261 499 1296 Nam
509 1260 529 1295 a
538 1258 672 1294 confuso
684 1258 772 1294 sensu
784 1270 875 1294 mens
887 1260 923 1293 in
933 1257 1101 1293 confuffim
1114 1260 1254 1306 primum
1265 1287 1276 1302 ,
1300 1269 1371 1294 tum
1380 1259 1413 1292 in
1428 1257 1606 1292 distinctam
1619 1260 1668 1292 rei
1683 1271 1723 1293 co
1747 1260 1796 1295 nia

406 1312 534 1344 tionem
543 1309 669 1343 ducitur
679 1323 687 1344 :
697 1320 736 1343 ex
755 1318 821 1355 qua
837 1311 940 1353 major
955 1309 987 1342 in
1000 1306 1136 1343 cerebro
1153 1311 1311 1351 motuS‚&
1330 1306 1447 1341 fortior
1459 1309 1506 1340 rei
1516 1308 1708 1354 imaginatio
1718 1272 1794 1342 ἐξ)-

407 1359 484 1394 inde
508 1361 621 1395 oritur.
645 1358 745 1396 Unde
759 1362 792 1394 &
809 1355 934 1391 facilius
962 1358 1174 1392 ratiocinatur
1199 1358 1255 1404 qui
1276 1354 1367 1404 plura
1393 1366 1498 1389 retum
1521 1354 1683 1390 simulacra
1694 1384 1704 1400 ‚
1737 1369 1794 1392 aut

408 1405 629 1455 phantasmata
638 1405 774 1441 cerebro
791 1405 891 1441 habet
902 1405 1046 1455 impressa
1064 1417 1072 1438 ε
1086 1408 1177 1440 citius
1195 1409 1282 1439 enim
1300 1405 1427 1439 invenit
1446 1404 1533 1451 quod
1549 1406 1661 1451 quaetit
1678 1421 1687 1447 5
1701 1405 1793 1453 plura

408 1455 541 1491 confuse
557 1454 722 1504 cognoscit
739 1482 750 1498 ‚
766 1468 804 1490 ex
815 1453 933 1502 quibus
951 1454 1136 1490 distinetam
1148 1453 1280 1502 adipisci
1291 1455 1517 1503 cognitione-m
1526 1451 1654 1488 facilius
1666 1454 1779 1501 potest.

909 1551 1096 1587 Solvuntur
1113 1547 1310 1594 objeaiones.

443 1653 528 1701 Opp.
545 1665 566 1688 1.
583 1650 728 1686 Habitus
753 1650 874 1685 suntin
891 1661 928 1684 ea
946 1647 1125 1693 facultate,
1152 1652 1202 1685 cui
1216 1647 1408 1685 facilitatem
1428 1650 1577 1699 praebent
1589 1679 1599 1693 ,
1619 1654 1655 1687 δε
1674 1660 1796 1698 augen-

410 1712 460 1736 tur
478 1713 534 1748 pei·
554 1703 644 1736 actus
665 1700 751 1735 illius
786 1698 951 1746 facultatis
975 1701 1131 1748 repetitos
1149 1712 1157 1734 τ
1177 1711 1255 1748 ergo
1282 1698 1411 1734 habitus
1430 1698 1668 1735 intellecmales
1685 1700 1796 1734 inten-

409 1750 526 1785 duntur
541 1763 598 1799 per
618 1751 706 1785 actus
726 1748 932 1792 intellectus,
946 1748 1065 1795 quibus
1086 1747 1205 1797 species
1225 1747 1320 1782 altius
1336 1750 1370 1783 in
1392 1760 1503 1783 mente
1519 1748 1585 1797 ipsa
1603 1750 1795 1796 imprimun-

412 1811 462 1833 tur
474 1829 482 1842 ‚
507 1813 574 1834 non
595 1811 652 1848 per
668 1798 805 1833 clariora
821 1809 875 1833 aut
892 1797 1094 1833 distinctiora
1112 1796 1356 1847 phantasmata,
1383 1811 1457 1846 quae·
1469 1797 1539 1833 sunt
1558 1809 1648 1833 extra
1662 1796 1794 1832 intelle-

411 1850 498 1883 &um
516 1848 631 1896 posita.

446 1899 534 1944 Resp.
550 1900 639 1946 Neg.
652 1909 720 1933 ant.
736 1899 824 1933 Nam
840 1898 1012 1946 prudentia
1027 1907 1098 1943 quae
1111 1894 1317 1930 voluntatem
1334 1897 1418 1942 regit
1430 1923 1440 1937 ,
1453 1900 1486 1930 &
1504 1905 1587 1927 artes
1597 1904 1712 1928 omnes
1723 1892 1794 1927 vul-

410 1961 454 1996 go
468 1949 500 1981 in
515 1946 582 1995 ipso
596 1947 766 1982 intelleem
787 1946 1010 1981 collocantur:
1030 1942 1153 1978 tametfi
1181 1945 1264 1976 vires
1283 1941 1440 1990 subjectas
1458 1942 1637 1990 perficiunt.
1676 1944 1795 1989 Itaque

411 2010 484 2031 cum
505 1999 587 2031 vires
603 1998 645 2030 im
663 1995 732 2030 sunt
745 1999 828 2030 inter
843 1995 871 2030 se
883 2004 1064 2034 connexce,
1083 1990 1222 2026 ut'fimul
1237 2003 1289 2025 eas
1303 2004 1397 2039 agere
1416 1989 1539 2026 necesse
1550 1988 1586 2024 fit
1599 2019 1609 2034 ,
1629 1995 1641 2036 (
1651 2001 1687 2025 ut
1699 1998 1793 2026 mens

411 2059 483 2080 cum
516 2048 736 2093 imaginatrice
763 2044 807 2077 est
829 2044 1020 2091 conjrmdka,
1049 2042 1060 2083 )
1090 2039 1237 2075 habitum
1265 2042 1424 2088 ptaecipue
1439 2042 1473 2074 in
1497 2039 1597 2074 altera
1613 2052 1653 2074 ex
1671 2041 1712 2074 iis
1729 2052 1793 2088 po-

411 2095 520 2130 tentiis
531 2088 626 2129 inesse
640 2092 712 2128 satis
735 2092 843 2127 fuerit.
865 2092 950 2126 Cum
963 2092 1049 2125 enim
1076 2088 1201 2123 cerebri
1218 2090 1351 2138 vestigia
1366 2088 1438 2124 sunt
1455 2088 1602 2123 distincta
1614 2118 1623 2132 ,
1634 2101 1699 2124 non
1714 2100 1793 2123 con-

411 2143 498 2186 fusa3
513 2142 533 2178 fi
551 2155 642 2178 mens
658 2143 698 2176 ad
712 2154 749 2176 ea
758 2138 1104 2188 diligentius'attendat
1117 2167 1127 2181 ‚
1142 2138 1302 2173 distinaas
1314 2140 1538 2186 perceptiones
1554 2136 1713 2172 formabit
1726 2165 1735 2180 ‚
1751 2148 1790 2171 ex

409 2192 528 2240 quibus
567 2197 600 2228 &
623 2191 706 2226 clam
727 2189 850 2237 judicia
873 2187 1050 2223 efficientur
1075 2202 1083 2222 :
1103 2199 1172 2222 tum
1200 2189 1289 2222 enim
1309 2188 1397 2222 reete
1420 2187 1595 2235 judicamus
1614 2215 1623 2229 ,
1643 2199 1716 2220 cum
1741 2197 1792 2220 res

413 2242 491 2289 ipsas
513 2241 658 2276 distinete
676 2239 866 2288 percipimus
880 2266 890 2281 ‚
912 2242 945 2274 δε
969 2239 1058 2272 unius
1076 2238 1123 2270 rei
1144 2237 1184 2271 ad
1199 2235 1331 2271 alteram
1346 2234 1574 2270 habitudinem
1592 2233 1792 2284 perspe&am

413 2289 571 2324 habemus
602 2295 636 2327 &
658 2289 882 2333 exploratam:
899 2286 988 2334 quod
1017 2288 1130 2333 utique
1144 2299 1210 2321 non
1234 2297 1292 2334 per
1305 2284 1369 2319 sola
1395 2284 1614 2332 phantasmata
1627 2314 1636 2328 ‚
1652 2283 1703 2318 sed
1723 2283 1793 2319 for-

415 2349 448 2372 te
471 2351 526 2385 per
544 2338 648 2373 lucem
660 2337 752 2386 ipsius
763 2337 908 2371 veritatis
921 2334 1145 2383 consequimur
1161 2347 1202 2369 eo
1220 2334 1320 2368 modo
1338 2346 1404 2380 quo
1415 2333 1466 2368 suo
1487 2333 1562 2368 loco
1578 2332 1792 2382 exposuimus.

415 2389 533 2435 Neque
553 2388 586 2421 id
609 2399 761 2436 negamus
784 2395 934 2421 mentem
949 2385 1124 2421 humanam
1156 2395 1213 2433 per
1240 2382 1370 2419 habitus
1391 2382 1623 2419 intellectuales
1642 2393 1728 2417 certa
1742 2393 1794 2415 ra·-
