1857 2745
333 127 392 160 2¹4
633 102 946 142 LOGICAE
995 103 1173 140 PARS·
1207 102 1437 141 TERTIA.

380 161 506 208 Qarta
520 158 565 193 est
576 159 694 206 petitio
710 155 874 203 principii,
887 166 963 188 cum
984 154 1015 188 id
1027 153 1126 203 ipsum
1146 154 1234 201 quod
1249 156 1283 189 in
1297 154 1511 202 quaestionem
1523 154 1625 199 venit,
1633 163 1670 190 ut
1680 160 1752 189 ceri

345 224 416 248 tum
429 209 632 256 supponimus
643 222 652 248 3
669 216 703 239 ut
714 203 735 238 si
749 202 888 252 probate
900 202 981 237 velis
991 202 1090 238 solem
1100 201 1265 252 quiescere
1275 233 1285 248 ,
1308 201 1396 251 quod
1414 214 1498 238 terra
1508 216 1680 240 moveatur
1692 233 1702 248 ,
1718 205 1757 239 id·

345 262 432 296 enim
444 257 490 291 est
502 256 541 290 de
552 268 620 302 quo
630 251 835 303 potiffimum
846 254 995 301 quaeritur
1006 264 1048 288 an
1060 264 1143 288 terta
1154 253 1405 288 moveatur.Sed
1416 255 1449 289 in
1459 253 1523 289 hoc
1534 252 1669 303 persaepe
1677 266 1753 302 pec-

345 319 465 350 camus,
480 306 569 352 quod
588 305 793 352 incognitum
812 315 870 352 per
884 302 971 337 aliud
994 314 1086 350 :eque
1102 304 1308 352 incognitum
1347 301 1463 337 robare
1484 315 1639 338 conemur
1653 317 1662 339 ι
1676 316 1753 339 cum

345 357 453 393 omnis
465 367 500 388 v<
508 367 541 388 ri
552 355 792 400 argumentatio
803 364 842 387 ex
854 363 1013 400 percepto
1026 357 1060 389 &
1070 354 1204 401 cognito
1219 354 1251 388 in
1267 351 1311 387 ob
1327 353 1390 387 curi
1404 354 1557 388 notitiam
1567 365 1626 387 nos
1637 352 1752 387 ducat:

348 413 383 444 ὅ(
395 417 504 441 tamen
519 401 539 438 fi
557 401 728 452 plerosque
749 401 949 451 syllogismos
968 400 1120 437 severiori
1139 404 1282 438 examini
1307 400 1511 450 subjiciamus
1525 430 1535 444 ,
1559 402 1591 436 id
1617 399 1756 449 liquebit

350 459 510 504 majorem
525 450 780 501 propositionem
792 480 802 495 ,
830 464 900 498 quae
917 462 952 485 ut
967 449 1144 499 plurimum
1159 450 1254 486 latius
1271 462 1362 499 patet
1373 479 1383 494 ,
1409 464 1478 488 non
1497 450 1632 486 secunda
1654 448 1770 486 modo·-

350 501 573 554 propositione
589 531 598 545 ‚
623 502 674 536 sed
687 503 787 536 etiam
802 500 867 548 ipsa
882 498 1086 536 conclufione
1101 497 1163 537 effe
1172 499 1403 536 obscuriorem.

400 555 505 600 Hujus
520 553 649 601 generis
663 549 735 586 sunt
751 552 861 585 omnia
880 562 965 598 pene
985 549 1136 598 exempla
1159 548 1334 599 figurarum
1354 554 1387 587 &
1411 548 1585 584 modorum
1599 578 1610 593 ,
1639 559 1706 597 quae
1723 549 1770 584 in·

352 601 567 650 Compendio
581 599 688 637 afferri
700 598 850 643 solent,&
860 598 976 647 quibus
996 612 1055 635 nos
1067 597 1124 648 ipsi
1136 597 1178 634 ufi
1196 598 1357 643 sumuS,ne
1374 597 1395 634 ἐι
1406 600 1543 646 receptis
1553 608 1765 648 argumenta-

355 656 485 689 tionum
503 649 650 685 formulis
664 648 813 685 recedere
832 650 1029 684 videremur.
1051 651 1104 683 Sic
1114 651 1147 684 in
1159 647 1223 684 hoc
1240 646 1545 698 syllogism0,nullus
1562 647 1643 696 lapis
1655 647 1702 682 est
1713 648 1763 681 vi-

351 714 435 739 vens
446 730 455 744 ,
483 701 588 734 omnis
606 699 734 734 adamas
751 699 798 733 est
822 698 903 748 lapis
919 712 926 733 :
953 711 1031 747 ergo
1049 697 1155 734 nullus
1170 698 1302 733 adamas
1317 698 1361 732 est
1378 699 1492 733 vivens
1507 707 1772 746 :argumentumz

355 751 490 800 quidem
506 749 553 783 est
562 750 726 796 optimum
742 777 752 791 ,
766 753 800 784 &
813 750 874 782 rite
889 747 1066 783 concludit.
1086 749 1177 784 Nam
1188 758 1264 795 apta
1281 747 1325 781 est
1341 748 1426 781 inter
1438 745 1672 795 propositiones
1683 758 1771 781 con-⁷

355 801 472 837 nexio:
488 796 541 833 sed
560 797 715 846 probatio
725 798 768 832 est
778 796 874 846 plane
887 795 1052 845 sophistica
1064 825 1074 840 ‚
1091 802 1125 834 &
1141 795 1311 833 manifesta
1334 797 1485 845 principii
1502 798 1632 844 petitio.
1649 793 1776 831 Multoe

357 851 447 884 enim
467 845 575 883 minus
594 847 677 881 mihi
693 858 809 881 notum
822 847 865 881 est
883 846 1009 882 nullum
1024 845 1167 894 lapidem
1183 849 1300 882 vivere
1317 874 1328 890 ,
1356 845 1457 892 quam
1473 846 1685 881 adamantem
1703 840 1778 879 effe·-

355 901 432 934 vitae
441 909 608 946 expertem
622 913 630 938 3
646 894 752 942 sicque
766 894 926 930 conclusio
938 908 997 944 pei·
1008 894 1131 942 aliquid
1149 893 1310 929 obscurius
1325 923 1334 937 ,
1356 896 1424 928 imo
1439 906 1497 941 per
1514 894 1547 928 id
1570 893 1672 942 ipsum
1688 905 1778 942 pro*

358 946 454 982 batur
466 975 475 990 ‚
488 946 579 993 quod
594 947 627 980 in
642 945 814 992 quaestione
829 943 1091 980 versatur..Nam
1104 943 1170 979 haec
1188 942 1364 992 propositio
1383 971 1392 985 ‚
1423 941 1553 978 adamas
1573 956 1640 981 non
1657 944 1742 978 vivit
1753 970 1777 986 ,,

360 996 421 1031 hic
438 994 653 1043 propositione
666 995 849 1030 continetur
860 1022 869 1036 ‚
892 992 995 1028 nullus
1011 992 1091 1041 lapis
1115 994 1199 1028 vivit
1215 1006 1223 1028 :
1249 998 1282 1029 δε
1300 992 1363 1026 hoc
1373 990 1474 1039 ipsum
1486 993 1529 1027 est
1541 992 1629 1040 quod
1647 990 1769 1040 proba-

361 1049 452 1080 tione
469 1056 554 1092 cget.
572 1045 730 1090 Atque,ut
743 1045 871 1089 optime
888 1042 1106 1077 animadverit
1115 1043 1164 1075 vir
1178 1040 1780 1088 doitiffimusfflropofitiones·univer-v

364 1092 441 1129 sales
457 1093 496 1126 de
512 1091 607 1125 rebus
626 1104 696 1137 quae
714 1089 770 1124 sub
785 1089 907 1124 sensum
918 1092 1106 1132 veniunt‚ex
1121 1088 1367 1138 particularibus
1384 1089 1610 1138 pendent‚n0n
1624 1088 1771 1126 viciffimz

397 1141 564 1176 Interdum
578 1142 662 1174 inter
675 1150 903 1187 argumentum
918 1167 928 1182 ,
940 1137 992 1172 seu
1003 1138 1147 1173 medium
1157 1168 1166 1182 ,
1180 1144 1212 1175 &
1225 1149 1371 1173 extrema
1381 1167 1391 1183 ,
1407 1149 1463 1173 aut
1474 1139 1561 1174 nulla
1577 1138 1636 1182 est,
1652 1150 1709 1173 aut
1719 1150 1781 1174 tes>

364 1194 433 1227 nuis
449 1189 626 1225 admodum
641 1189 816 1223 connexio.
838 1189 925 1223 Hinc
944 1198 1059 1235 quarta
1077 1190 1179 1222 oritur
1194 1187 1358 1222 cavillatio
1371 1216 1381 1231 ,
1402 1200 1471 1234 quae
1488 1187 1509 1223 ὲ.
1522 1200 1642 1236 genere
1660 1189 1693 1223 in
1710 1198 1776 1237 geo

367 1253 425 1276 nus
448 1237 589 1274 transitio
599 1239 724 1273 dicitur.
739 1239 790 1273 Ut
804 1235 825 1271 sl
844 1237 885 1272 ad
896 1250 934 1271 ea
944 1249 1014 1284 quae
1030 1235 1099 1271 sunt
1116 1236 1192 1272 fidei
1208 1235 1375 1285 probanda
1392 1235 1537 1286 Phyficas
1558 1239 1698 1272 rationes
1713 1236 1778 1271 ad-

367 1289 538 1325 hibeamus
552 1317 561 1331 ,
584 1299 656 1335 quae
681 1287 833 1321 illustrare
855 1287 990 1333 quidem
1015 1285 1235 1336 Theologicas
1261 1288 1441 1330 veritates,
1468 1299 1536 1322 non
1553 1286 1784 1322 demonstrare

366 1337 560 1387 poffiint.Sic
573 1336 657 1372 male
666 1338 738 1384 quis
749 1336 1042 1371 demonstrationes
1053 1336 1307 1370 Mathematicas
1317 1335 1357 1369 ad
1367 1347 1416 1370 res
1427 1335 1576 1384 politicas
1587 1334 1774 1371 adhiberet.-

386 1390 494 1435 Atque
506 1388 584 1422 hinc
594 1388 708 1433 quinta
719 1391 752 1422 ὅ(
763 1386 905 1420 maxime
914 1383 1027 1419 usitata
1040 1384 1167 1419 fallacia
1178 1385 1305 1419 ducitur
1314 1384 1334 1420 ὲ
1346 1396 1414 1420 non
1425 1383 1513 1420 causa
1524 1396 1583 1433 pro
1594 1382 1774 1428 causa,cum

369 1436 488 1472 scilicet
501 1435 680 1470 caus-eloco
695 1432 858 1470 afferimus
869 1463 878 1477 ‚
893 1434 981 1480 quod
997 1433 1088 1468 nullo
1099 1434 1201 1468 modo
1219 1432 1315 1468 causae
1331 1432 1432 1468 habet
1449 1437 1612 1469 rationem
1627 1445 1635 1466 :
1652 1445 1690 1467 ut
1698 1445 1775 1468 cum

371 1498 557 1533 temporum
568 1486 766 1518 mutationes
779 1482 821 1516 ad
832 1482 941 1516 lunam
952 1482 1263 1532 revocamuS.Q0d
1273 1483 1388 1517 vitium
1403 1484 1436 1517 in
1446 1484 1483 1516 iis
1497 1480 1700 1530 potissimum
1713 1480 1779 1517 dis..

369 1533 494 1583 cipliuis
504 1533 581 1568 inest
591 1562 600 1577 ,
612 1545 685 1579 quae
698 1532 891 1580 conjesturis
901 1533 1003 1579 magis
1018 1542 1148 1565 utuntur
1162 1560 1172 1575 ,
1204 1530 1302 1578 quarn
1325 1532 1420 1565 certis
1436 1529 1788 1568 demonstrationibusz·

370 1582 486 1619 verum
499 1596 564 1617 non
576 1595 642 1617 tam
655 1580 822 1617 cavillatio
840 1580 885 1615 est
905 1591 961 1614 aut
979 1579 1158 1629 sophisma,
1178 1581 1276 1628 quim]
1290 1592 1378 1615 error
1389 1609 1400 1625 ,
1415 1593 1490 1616 cum
1505 1579 1619 1617 falsam
1644 1579 1778 1617 effecstiii
1855 1575 1857 1596 ¹

379 1631 502 1668 causam
522 1643 677 1680 aptamus.
1736 1656 1754 1661 ,,
1855 1630 1857 1643 “

407 1684 496 1730 Saepe
507 1684 605 1716 etiam
618 1680 741 1716 causam
757 1681 852 1715 nimis
865 1690 1028 1714 remotam
1041 1678 1271 1728 &generalem
1282 1679 1465 1715 adducimus
1480 1694 1487 1716 :
1503 1690 1540 1716 ut
1556 1693 1629 1716 cum
1641 1679 1780 1716 metalla.
1854 1667 1857 1738 l

373 1731 394 1768 ἓι
406 1730 469 1766 sole
488 1730 622 1765 foi-miti
637 1730 848 1766 decernimus.
864 1731 1016 1765 Omnino
1030 1731 1119 1764 enim
1133 1728 1246 1764 vitiosa
1272 1729 1315 1764 est
1332 1731 1587 1778 argumentatio,
1611 1742 1684 1766 cum
1707 1729 1780 1766 nul-

375 1782 422 1816 lus
442 1779 485 1814 est
513 1782 676 1815 rationum
699 1778 844 1815 delectus
861 1796 871 1823 3
889 1790 1027 1826 cumque
1052 1780 1089 1812 iis
1105 1781 1227 1814 utimur
1243 1808 1253 1823 ,
1275 1791 1345 1826 quae
1368 1790 1429 1814 nec
1445 1779 1608 1814 doctiores
1630 1791 1689 1815 nos
1707 1777 1780 1815 effi
1855 1803 1857 1818 .

375 1833 484 1873 ciunt,
511 1842 571 1864 nec
585 1841 654 1863 rem
666 1841 737 1877 quae
761 1828 929 1878 probanda
943 1828 990 1863 est
1007 1827 1210 1871 illuminant3
1230 1840 1302 1862 cum
1318 1830 1503 1875 peregrinas
1517 1834 1551 1864 &
1563 1839 1751 1865 communes
1763 1838 1778 1871 ,’
1855 1825 1857 1834 ’

376 1892 443 1916 non
455 1881 598 1928 proprias
611 1883 644 1915 &
656 1877 752 1913 rebus
766 1877 836 1927 ipsis
854 1889 1005 1926 cognatas
1026 1879 1170 1912 rationes
1186 1875 1380 1911 adhibemus
1399 1891 1410 1918 3
1428 1888 1500 1909 cum
1520 1876 1662 1922 denique
1679 1876 1779 1912 effata

378 1929 525 1977 quaedam
543 1939 599 1963 aut
620 1930 784 1962 axiomata
797 1926 839 1961 ab
855 1926 1006 1961 omnibus
1022 1924 1163 1960 concessa
1176 1926 1402 1972 praemittimus
1412 1952 1424 1968 ,
1446 1923 1562 1960 verum
1578 1925 1618 1960 ad
1633 1924 1778 1975 proposi-⁷

381 1990 446 2013 tam
463 1978 669 2025 quaestionem
686 1976 931 2011 accommodari
948 1987 986 2008 ea
999 1987 1065 2010 non
1082 1971 1219 2022 possunt.

414 2030 513 2062 Sexta
527 2025 693 2061 cavillatio
704 2024 723 2061 ἐι
735 2023 908 2073 multiplici
925 2024 1179 2072 interrogatione
1193 2021 1401 2071 proficiscitur
1417 2036 1425 2057 ε
1445 2034 1518 2057 cum
1536 2022 1655 2058 scilicet
1670 2024 1780 2073 plures

381 2077 568 2125 quaestiones
578 2077 621 2110 ita
637 2086 878 2123 proponuntur,
901 2085 937 2107 ut
958 2085 1018 2108 una
1036 2078 1069 2109 δε
1086 2071 1219 2120 simplex
1235 2072 1394 2108 videatur.
1412 2074 1463 2108 Ut
1476 2070 1496 2106 fi
1514 2074 1585 2119 quis
1599 2076 1780 2123 interroget

380 2139 422 2161 an
444 2125 487 2160 sol
504 2131 537 2163 δε
556 2137 639 2159 terra
655 2136 859 2160 moveantur.
872 2122 1064 2171 Exemplum
1077 2120 1327 2157 alibiattulimus
1344 2122 1384 2156 de
1394 2121 1597 2156 Menedemo
1611 2152 1621 2166 ‚
1650 2125 1710 2169 qui
1725 2135 1781 2158 ro-

381 2177 471 2222 ganti
484 2188 525 2210 an
539 2186 666 2223 patrem
679 2173 799 2208 caedere
814 2171 964 2215 desiisset,
978 2183 1054 2220 apte
1067 2170 1243 2219 respondit,
1259 2183 1319 2206 nec
1333 2170 1451 2214 cecidi,
1467 2183 1527 2205 nec
1545 2172 1666 2206 caedere
1682 2170 1782 2217 desn‘;

382 2235 454 2257 cum
465 2227 552 2259 enim
567 2224 782 2273 interrogatio
791 2223 833 2258 est
844 2221 1066 2270 multiplex,ea
1076 2221 1122 2256 est
1134 2221 1318 2262 dividenda,
1331 2225 1365 2257 ὃς
1375 2222 1547 2266 unicuique
1563 2223 1678 2269 partim
1696 2219 1783 2256 seor..

385 2271 452 2306 sum
471 2273 512 2306 est
526 2272 785 2321 r<spondendum
798 2272 904 2319 :hujus
918 2272 1045 2320 generis
1063 2273 1334 2319 interrogationes
1348 2269 1494 2317 captiosae
1510 2281 1579 2304 tum
1596 2268 1699 2305 solent
1719 2282 1782 2305 nos

388 2320 623 2368 decipere,ciim
634 2323 792 2370 gradatim
802 2321 923 2367 aliquid
932 2321 1058 2355 additur
1068 2332 1123 2355 aut
1132 2322 1295 2355 minuitur.
1305 2321 1392 2355 Nam
1404 2322 1436 2354 in
1447 2331 1559 2354 tenues
1569 2325 1603 2356 ὃ(
1612 2331 1720 2354 acutas
1731 2331 1782 2353 re-

385 2381 455 2404 rum
466 2370 662 2406 diffirentias
679 2371 804 2406 intendi
815 2373 940 2406 animus
952 2369 1045 2406 facile
1056 2383 1121 2405 non
1133 2369 1298 2418 potest-Ac
1309 2369 1348 2404 de
1357 2371 1461 2418 prima
1470 2380 1562 2419 parte
1572 2366 1784 2420 Philosophiae

384 2431 455 2464 quae
467 2422 627 2458 rationem
643 2418 743 2472 ipsam
753 2419 880 2471 perficit
892 2425 926 2460 δε
937 2422 1031 2471 regit,
1055 2431 1198 2459 tantum.
