1857 2745
364 155 429 180 200
900 137 928 175 L
953 139 988 176 O
1013 137 1043 175 G
1072 140 1086 174 1
1112 140 1146 177 C
1161 142 1200 176 AE

363 190 510 239 quotidie
527 189 561 227 in
578 189 764 239 plantatum
777 190 813 226 8<
822 187 1011 224 animalium
1029 189 1154 225 fabrica
1166 188 1401 240 deprehendit;
1424 199 1482 237 per
1495 185 1611 225 tubum
1624 188 1778 240 opticuni

365 253 439 288 quae
457 238 525 273 sunt
540 236 752 274 remotissima
764 266 774 282 ‚
798 243 833 273 «Sc
852 239 885 273 in
905 238 1017 274 medio
1037 239 1124 275 coelo
1137 239 1256 275 retrusa
1270 269 1280 284 ,
1308 239 1410 274 oculis
1427 239 1675 286 quodammodo
1698 239 1776 276 suba

361 291 528 337 jiciiintur.
542 291 636 338 Saepe
655 289 756 323 etiam
771 299 820 322 res
846 286 918 336 ipsae
932 300 1006 336 quae
1019 287 1122 323 sensus
1138 287 1266 338 fugiunt
1279 319 1289 334 ‚
1315 288 1369 324 vel
1385 300 1448 337 prce
1463 289 1563 323 nimia
1581 286 1777 334 subtilitate,

366 337 421 372 vel
436 337 523 384 quod
535 351 592 387 per
606 338 783 386 interjecta
797 349 934 386 corpora
949 339 1053 372 videri
1066 351 1134 374 non
1146 337 1265 387 poffint
1279 368 1289 383 ,
1306 350 1360 373 aut
1374 338 1459 385 quod
1483 337 1637 386 rapidiori
1663 338 1776 374 feran-

364 397 417 421 tur
430 397 526 420 motu
537 417 547 432 ,
561 399 617 423 aut
627 399 740 422 contra
750 386 884 421 tardiori
899 398 992 422 motu
1007 388 1177 423 incedanr;
1192 388 1257 422 liaec
1267 418 1276 432 ‚
1300 389 1445 435 inquam,
1464 386 1547 422 fiunt
1560 385 1718 422 sensibilia
1734 399 1778 425 ex

365 433 458 485 lignis
473 464 483 478 ‚
499 448 555 472 aut
569 435 743 473 effeffibus
754 466 763 481 ,
777 436 968 471 antidoneis
986 437 1212 474 instrumentis,
1242 440 1294 472 Sic
1309 439 1390 471 a'e'ris
1406 448 1517 472 natura
1532 447 1596 471 aut'
1606 448 1778 472 contextus

366 483 424 520 sub
439 484 550 520 oculos
563 499 630 521 non
641 486 728 521 cadit
741 501 747 519 ;
767 484 820 520 sed
832 485 916 520 illius
929 487 979 520 vis
994 484 1143 530 elastica,
1168 498 1205 522 ut
1217 497 1337 522 vocant
1349 516 1358 530 ,
1382 498 1447 533 qua
1461 484 1582 520 scilicet
1593 484 1711 534 pressus
1728 485 1780 521 se.

366 533 472 583 ipsum
489 534 610 570 dilatat
624 540 658 572 &
673 536 809 570 restituit
819 563 828 578 ,
851 535 978 584 pondus
992 539 1025 571 &
1038 535 1108 571 aliae
1121 535 1313 571 affeetiones
1325 548 1383 584 per
1394 535 1577 578 machinas,
1592 546 1662 581 quae
1680 544 1785 584 pneue‘

370 585 501 620 maticae
522 585 690 628 dicuntur,
716 584 756 619 ad
772 582 874 619 sensus
894 585 1015 619 nostros
1034 584 1282 632 quodammodo
1295 585 1512 633 perducuntur
1533 612 1543 627 ‚
1575 594 1612 618 ut
1629 582 1684 618 suo
1703 585 1791 622 loce.»>

369 632 593 669 ostendemus,
617 636 742 670 Aurum
755 634 972 668 adulteratum
987 645 1025 669 ex
1045 633 1155 669 colore
1169 634 1305 670 discerni
1326 635 1464 682 nequit,
1485 632 1538 667 sed
1559 644 1599 668 ex
1612 633 1758 681 pondere
1766 644 1790 680 ,Ἀ

369 681 451 718 sono
465 712 475 726 ,
493 681 653 720 solutione
664 686 699 718 in
708 695 793 731 aqua
809 682 889 718 forti
906 682 1036 732 probari
1047 686 1170 731 poterit
1185 701 1195 728 ·,
1212 690 1246 721 ὃς
1260 684 1349 731 quod
1368 696 1435 719 non
1451 694 1520 717 erat
1536 680 1700 726 senfibile,
1717 695 1782 730 poa

372 731 432 767 test
445 729 584 768 sensibus
601 761 612 776 ,
634 744 690 768 aut
702 735 819 768 rationi
835 731 948 768 saltem
959 731 1082 781 subjici.
1104 733 1190 783 Qae
1204 734 1339 781 quidem
1352 734 1386 769 in
1397 730 1536 781 Phyficis
1545 730 1785 781 fientapertioss

371 791 426 818 ra:
443 781 497 817 ista
508 784 602 818 enirn
615 781 707 818 velut
728 783 762 817 in
779 781 907 818 transitu
920 784 1120 831 attingimuS.

408 844 445 876 70
457 831 522 866 Sed
532 830 576 867 εὸ
593 834 754 880 praecipue
765 832 870 867 tendit
878 833 984 867 omnis
996 831 1158 879 inquisitio
1176 830 1280 868 nostra
1298 859 1309 875 ,
1338 829 1536 879 ut'cujusque
1549 832 1596 865 rei
1613 828 1719 865 forma
1728 829 1783 866 ins

371 882 533 916 veniatur.
556 882 649 916 Nam
658 879 754 915 causae
765 892 875 918 retum
890 881 1074 915 materiales
1086 886 1118 917 &
1130 880 1310 916 effectrices
1328 892 1395 915 non
1407 881 1493 914 aliud
1512 879 1580 914 fere
1600 878 1700 926 quam
1722 880 1782 914 tri.-

374 939 448 964 tum
463 941 582 965 naturae
605 932 639 966 in
658 929 824 978 operando
848 933 929 973 iter,
962 934 996 966 &
1018 928 1107 964 velut
1125 933 1194 977 ejiis
1212 927 1675 964 consuetudinemostendunt
1693 942 1701 964 t
1725 927 1783 963 sed
1825 965 1834 974 ,-

373 977 556 1014 formarum
576 978 816 1028 contemplatio
835 981 938 1028 magis
948 978 1096 1013 constans
1115 978 1266 1021 videtur,
1282 982 1316 1015 δι
1328 975 1422 1012 latius
1435 988 1525 1026 patet
1539 976 1644 1025 :leges
1657 978 1784 1026 quippe

375 1039 497 1062 naturae
514 1028 590 1063 fixas
603 1027 871 1070 &immutabiles
889 1026 1148 1075 comprehendit.
1177 1029 1225 1062 Ac
1242 1039 1350 1061 rerum
1362 1027 1496 1073 quidem
1514 1026 1630 1060 formae
1643 1037 1785 1074 compo:

377 1074 438 1110 fitae
451 1078 505 1110 vix
516 1078 657 1112 inveniri
673 1074 799 1123 poffunt
814 1087 869 1112 :ut
887 1087 958 1122 qiiae
971 1074 1008 1109 sit
1019 1075 1124 1109 forma
1137 1077 1203 1109 auri
1218 1103 1228 1118 ‚
1247 1086 1302 1109 aut
1317 1074 1443 1122 plumbi
1457 1087 1557 1109 nemo
1576 1074 1670 1110 facile
1686 1075 1783 1111 evol..

377 1135 453 1158 vet:
469 1123 521 1159 sed
533 1137 640 1159 rerum
655 1123 767 1158 formae
780 1123 938 1171 [implices
952 1152 962 1166 ,
981 1134 1018 1157 ut
1029 1122 1144 1166 calidi,
1160 1123 1250 1158 fluidi
1265 1152 1274 1167 ‚
1301 1122 1385 1158 firmi
1402 1151 1412 1167 ,
1429 1121 1501 1167 fixi,
1520 1122 1663 1158 volatilis
1675 1152 1685 1168 ‚
1705 1137 1781 1159 moi.

379 1173 429 1208 tfis
444 1172 535 1221 ipfius
552 1173 638 1222 leges
656 1172 728 1208 sunt
738 1178 861 1219 majore
881 1171 1022 1206 utilitate
1044 1172 1253 1220 inquirendae.
1277 1173 1352 1220 Qa
1371 1172 1503 1219 quidem
1522 1174 1647 1207 ratione
1669 1174 1723 1208 via
1740 1173 1783 1210 ad

378 1221 545 1258 scientiam
562 1235 673 1257 rerum
681 1221 876 1257 naturalium
887 1221 990 1256 multo
1008 1220 1060 1254 est⁴
1078 1220 1337 1270 compendiosior
1350 1251 1359 1265 ,
1376 1221 1478 1268 quarn
1491 1219 1574 1255 fires
1595 1220 1674 1270 ipsas
1687 1235 1783 1258 coms

378 1270 495 1321 positas
509 1270 668 1321 sigillatim
682 1269 917 1319 persequamur.
936 1273 1021 1314 Qiae
1030 1268 1092 1305 {int
1106 1282 1157 1306 ex.
1170 1283 1216 1319 gr.
1230 1269 1343 1305 formae
1363 1269 1512 1305 sonorum
1530 1273 1564 1305 in
1581 1269 1706 1320 siugulis
1720 1285 1783 1308 vo·-

380 1319 520 1365 cabulis,
539 1323 594 1356 vix
608 1319 762 1369 explicari
778 1319 881 1369 potest
900 1333 907 1355 :
931 1318 983 1353 sed
1002 1332 1071 1367 quae
1082 1321 1161 1354 aeris
1176 1319 1316 1363 collisio,
1339 1321 1393 1367 qui
1411 1319 1503 1354 sonus
1518 1332 1783 1369 unamquamque

379 1368 526 1404 litterani
542 1372 719 1419 exprimat,
742 1369 867 1404 facilius
884 1366 1115 1415 consequemur
1134 1382 1142 1405 :
1161 1381 1302 1416 cumque
1319 1370 1344 1402 ii
1366 1367 1461 1402 nobis
1485 1370 1689 1405 innotuerint
1711 1369 1782 1406 soni

379 1417 536 1467 simplices
548 1448 557 1463 ‚
582 1421 639 1466 qui
664 1417 796 1468 fingulas
811 1416 981 1466 alphabeti
995 1417 1118 1452 litteras
1132 1415 1296 1461 efficiunt,
1330 1428 1399 1452 tum
1421 1417 1601 1452 diffionum
1617 1417 1684 1453 soni
1699 1447 1709 1462 ,
1727 1431 1784 1456 aut

381 1468 498 1503 formae
512 1481 561 1503 ma
589 1471 612 1502 is
627 1466 811 1516 conipofitae
830 1469 922 1502 citius
932 1465 1175 1514 cognoscentur.
1192 1469 1273 1502 Non
1283 1465 1423 1500 dissimili
1433 1468 1560 1500 ratione
1578 1466 1690 1501 frustra
1699 1467 1783 1516 lapi-

381 1518 460 1551 dum
472 1529 528 1551 aut
546 1482 730 1565 psantarum
748 1515 870 1551 formas
886 1513 1077 1562 compositas
1092 1516 1283 1561 inquirimus
1298 1542 1309 1557 ,
1337 1512 1484 1550 nisi'ante
1503 1513 1729 1563 simpliciores,
1744 1528 1782 1554 ut

383 1565 479 1600 calidi
498 1595 508 1609 ,
534 1566 664 1614 frigidi,
683 1566 807 1602 duri&
821 1563 959 1614 liquidi,
992 1574 1092 1612 atque
1117 1563 1196 1599 alias
1215 1576 1406 1600 communes
1429 1575 1603 1613 corporum
1633 1564 1784 1611 afflictior

381 1626 438 1650 nes
460 1613 552 1650 simus
567 1614 769 1662 consequuti.
1474 1637 1502 1658 ρ

419 1666 458 1699 8⁰
476 1665 524 1699 Ac
545 1664 651 1699 forma
673 1664 807 1712 quidem
828 1661 962 1712 simplex
974 1693 983 1708 ‚
1006 1677 1074 1700 non
1092 1676 1164 1698 raro
1180 1675 1220 1699 ex
1235 1662 1405 1700 effeffiici's
1427 1668 1462 1701 δε
1481 1662 1660 1698 materialis
1683 1663 1782 1702 causae

382 1715 570 1762 cognitione
590 1712 759 1750 elucescit:
777 1712 828 1748 sed
843 1712 921 1762 saepe
935 1716 981 1749 ita
992 1714 1034 1748 est
1051 1713 1194 1757 occulta,
1211 1725 1247 1748 ut
1263 1726 1330 1749 non
1348 1711 1403 1747 nifi
1417 1724 1504 1747 certa
1517 1714 1643 1747 ratione
1663 1718 1697 1750 &
1710 1726 1785 1749 me..

384 1762 488 1797 rhodo
506 1761 602 1811 poffit
619 1765 771 1799 inveniri.
789 1763 951 1809 Qaeritur
965 1777 996 1800 v,
1038 1775 1060 1797 r.
1084 1775 1157 1810 quae
1175 1761 1212 1797 fit
1225 1762 1340 1797 caloris
1351 1773 1483 1805 natura,
1496 1774 1564 1809 quae
1581 1762 1698 1799 forma.
1711 1765 1785 1799 Pria.

383 1811 475 1847 mrim
485 1824 522 1846 ea
536 1812 643 1848 forma
657 1812 827 1862 speetanda
845 1812 888 1847 est
906 1814 938 1847 in
955 1814 992 1847 iis
1010 1776 1159 1861 &abjeffis
1170 1841 1181 1856 ,
1201 1814 1234 1847 in
1250 1811 1366 1860 quibiis
1382 1811 1489 1846 elucet
1510 1814 1651 1847 maxime
1664 1841 1675 1856 ,
1693 1814 1785 1850 urin

381 1859 525 1897 flssimma:
541 1873 676 1910 tumque
692 1863 896 1898 inveniemus
911 1875 977 1898 non
986 1861 1088 1898 modo
1097 1862 1240 1897 calorem
1248 1865 1293 1896 ita
1306 1858 1447 1895 effecum
1457 1871 1550 1895 motu
1558 1862 1786 1907 conjun&um,'

382 1922 417 1945 ut
428 1909 630 1945 audlo⁵inotii
643 1911 729 1946 calor
745 1923 898 1959 augeatur
913 1926 922 1947 ε
936 1911 989 1946 sed
1002 1913 1101 1945 etiam
1109 1910 1252 1945 calorem
1263 1912 1297 1944 in
1309 1919 1399 1942 motu
1407 1906 1467 1943 effe
1476 1907 1612 1957 pofitum
1621 1938 1630 1952 ,
1640 1921 1785 1958 eumque

383 1972 511 1995 motum
522 1957 584 1994 eise
599 1959 805 2008 expanfivum
823 1965 856 1995 &
873 1958 1098 2006 perturbatum
1109 1986 1119 2001 ‚
1145 1970 1184 1992 ex
1197 1956 1403 2006 dissipatione
1412 1959 1553 2006 corporis
1569 1957 1762 1994 inflammati
1771 1972 1788 2007 ,³
1838 1991 1840 1993 ,

385 2021 424 2045 ex
442 2009 574 2045 fervidis
586 2008 766 2056 liquoribus
781 2037 790 2052 ,
811 2014 845 2045 &
860 2007 931 2042 aliis
942 2005 1115 2042 effeetibus
1124 2006 1332 2055 colligemus:
1346 2019 1486 2054 qiiaeque
1502 2007 1542 2042 ad
1554 2006 1696 2044 calorem
1705 2020 1782 2057 per.

385 2061 513 2101 tinent,
537 2071 578 2093 eo
589 2070 657 2105 quo
669 2058 811 2092 dicemus
829 2056 908 2092 alibi
922 2057 1024 2092 modo
1035 2056 1132 2094 facile
1152 2056 1385 2105 consequemur
1400 2069 1409 2092 z
1432 2068 1518 2092 nunc
1541 2059 1630 2093 enim
1645 2069 1695 2093 res
1713 2068 1783 2095 tam

383 2106 450 2142 late
469 2107 547 2142 fusas
563 2106 724 2155 explicare
740 2120 806 2142 non
822 2104 983 2156 possumus
996 2135 1005 2149 ,
1019 2109 1195 2155 praecipuos
1208 2107 1362 2142 duntaxat
1381 2106 1696 2143 demonstrationum
1708 2106 1784 2149 fon·⁴

384 2168 433 2192 tes
452 2158 593 2191 indicare
611 2156 794 2192 voluimus:
815 2160 901 2205 cujus
919 2169 999 2192 vero
1024 2154 1082 2191 {int
1101 2156 1250 2191 utilitatis
1262 2184 1269 2194 ,
1293 2156 1419 2190 idoneis
1437 2155 1515 2190 locis
1531 2156 1663 2204 planum
1676 2154 1744 2191 fiet.
1769 2162 1783 2203 ’ζ

420 2215 456 2250 90
465 2205 686 2240 Iiiterimillud
700 2206 914 2241 admonemus
923 2235 933 2250 ‚
957 2205 1080 2241 nullum
1091 2204 1151 2240 effe
1162 2206 1202 2240 ad
1216 2206 1442 2254 cognitionem
1456 2217 1561 2240 rerum
1572 2210 1673 2253 majus
1690 2212 1786 2241 coms

385 2256 539 2299 pendium
552 2283 560 2297 ‚
581 2255 682 2302 quam
704 2253 724 2289 si
743 2255 784 2290 ad
801 2257 961 2291 unitatem
973 2255 1086 2290 formae
1103 2254 1231 2304 alicujus
1250 2267 1285 2288 ea
1302 2266 1490 2289 revocemus
1503 2284 1512 2298 ,
1534 2267 1607 2303 quae
1629 2257 1663 2290 in
1686 2257 1785 2294 variis

389 2301 459 2337 sunt
469 2305 600 2352 disjecta
612 2303 774 2354 siibjtffis,
785 2307 836 2340 Sic
855 2307 943 2340 enim
953 2304 1076 2341 infinita
1089 2317 1195 2353 prope
1206 2310 1239 2342 δι
1249 2316 1330 2352 vaga
1347 2315 1451 2337 rerum
1468 2305 1634 2353 indagatio
1652 2304 1693 2339 ad
1713 2316 1782 2340 cet·

388 2362 435 2385 tas
451 2352 538 2387 velut
559 2352 726 2397 alphibeti
739 2354 879 2398 litteras,
893 2367 930 2390 ut
948 2357 1027 2390 varii
1047 2365 1219 2390 contentus
1243 2353 1284 2388 ad
1308 2365 1426 2401 paucos
1442 2364 1535 2389 tonos
1549 2353 1671 2388 utiliter
1686 2354 1782 2390 tedu-

386 2404 639 2453 auium-‚Atque
648 2403 706 2441 ubi
715 2404 816 2443 semel
825 2404 933 2443 forma
953 2404 1082 2455 aliqua,
1103 2415 1139 2442 ut
1152 2403 1238 2441 calor
1249 2413 1303 2439 aut
1311 2401 1453 2440 fluiditas
1462 2433 1474 2452 ,
1498 2402 1780 2455 perspectafuerit,

1709 2456 1781 2501 jain
