1857 2745
1 2078 4 2178 j

2 2189 3 2226 i

619 92 661 127 M
681 93 716 129 O
731 93 764 128 R
783 92 812 129 A
827 93 855 128 1.
873 92 889 127 1
907 91 942 128 S.
1402 105 1438 137 25

66 151 145 189 Non
161 146 250 182 enim
266 143 379 180 oculus
392 171 402 187 ‚
414 141 468 179 sed
481 141 589 178 anima
599 141 666 191 ipsa
676 141 730 178 vel
746 144 936 190 imaginatio
950 140 1119 180 oculorum
1139 142 1320 181 ministerio
1329 171 1340 188 ,
1358 114 1459 194 pede}

66 204 214 236 &totum
228 206 343 243 corpus
362 204 476 228 movet
493 204 531 226 ac
548 193 653 240 regit3
670 202 770 240 atque
783 191 835 225 illa
851 190 1034 240 sympathia
1051 195 1135 229 inter
1156 196 1318 229 rationem
1342 198 1375 230 δε
1396 209 1458 232 vo-

64 246 224 283 luntatem
237 258 303 280 non
313 241 413 278 efficit
427 253 464 277 ut
475 240 626 276 voluntas
641 240 682 276 ab
701 239 881 277 intellectu*
890 241 1056 289 dirigatur.
1093 243 1207 291 Qaeri
1228 245 1317 278 enim
1337 245 1456 281 metito

64 294 173 344 potest
182 307 225 328 an
235 293 383 329 voluntas
401 290 582 327 intellectui
598 290 747 326 reluerari
757 300 876 337 queat?
890 288 979 338 quod
992 288 1015 325 fi
1027 304 1094 328 non
1110 291 1205 342 poffit
1229 306 1237 328 e
1262 297 1330 340 jam
1343 295 1457 343 utique

61 343 213 381 voluntas
223 355 289 378 non
302 344 364 377 erit
377 339 519 388 suijuris,
533 353 600 376 non
613 342 674 375 erit
691 338 889 376 indifferens,

110 390 211 441 Qd
222 389 243 426 fi
255 394 373 426 mentis
385 390 511 437 judicio
520 402 699 438 repugnare
711 387 807 438 poffit
819 389 970 424 voluntas
980 418 990 433 ‚
1013 391 1183 436 quomodo
1202 403 1240 426 ea
1262 403 1361 426 unum
1373 391 1457 427 alte-

61 445 90 478 ri
104 450 304 489 anteponet?
319 439 422 476 Nulla
432 440 476 474 est
490 441 578 474 enirn
595 440 1000 488 reiincognitaeappetitiO.
1013 440 1115 486 Qiod
1132 439 1152 474 fi
1164 453 1264 476 unum
1273 439 1366 474 alteri
1377 453 1457 488 prae..

60 491 148 535 fert,
162 501 248 525 certa
265 488 373 536 aliqua
390 490 517 524 ratione
535 489 668 525 ducitur.
681 491 764 536 Ergo
780 489 902 524 neceffe
920 488 967 522 est
985 499 1021 522 ut
1041 488 1191 524 ultimum
1218 491 1353 523 rationis
1371 489 1456 537 judi-

58 541 146 576 cium
155 538 304 575 voluntas
325 537 492 586 sequatur:
508 536 564 572 nifi
578 537 797 586 forteimpetu
807 549 876 573 ruat
887 540 922 572 in
936 538 969 571 id
991 538 1083 584 quod
1100 535 1195 574 libet.
1218 536 1346 572 Verum
1375 539 1457 585 quid

59 587 165 624 libeat
179 616 190 632 ‚
219 587 393 634 dijudicate
407 599 473 622 non
490 587 616 635 potest,
628 586 685 622 nifi
697 599 788 622 mens
801 586 893 622 velut
907 585 1016 622 facem
1029 587 1182 635 praeferat
1197 601 1205 623 z
1225 600 1262 621 ac
1271 586 1328 622 nisi
1342 588 1458 622 volun..

60 647 108 673 tas
123 637 232 673 ultimi
243 634 398 683 judiciifit
411 634 525 683 sequax
537 665 547 680 ,
562 638 726 685 impotens
743 638 822 679 erit,
834 636 1026 671 irrationalis
1038 665 1048 680 ‚
1067 642 1102 674 &
1118 635 1305 672 inconsulta.
1320 636 1384 670 Sed
1398 648 1458 671 ne..

59 698 126 733 que
146 685 250 734 potest
265 685 297 719 id
308 684 395 730 quod
410 685 470 720 fuit
480 684 499 720 ὲ
515 687 640 720 ratione
648 685 863 734 praescriptum
878 697 912 720 re
937 686 1060 730 udiare‚
1073 685 1222 721 aurillius
1234 686 1366 721 decreta
1380 698 1458 734 pro-

59 733 139 769 bare
149 734 206 771 vel
214 733 402 782 improbare
419 747 427 768 :
443 732 524 769 nihil
536 735 624 768 enim
634 733 783 782 perspicit
792 763 803 777 ‚
816 746 900 768 caeca
913 699 1120 783 supponitur,
1132 747 1242 783 neque
1255 734 1339 770 adeo
1349 735 1456 784 potest

58 795 162 819 unum
170 796 245 818 curn
266 781 370 817 altero
383 810 394 825 ‚
421 781 512 830 quod
525 784 691 831 proprium
709 784 844 818 rationis
867 796 982 819 munus
992 785 1035 819 est
1049 814 1060 829 ‚
1080 795 1290 833 componere.

102 833 204 880 Qiod
214 844 324 868 autem
335 833 444 875 aiunt,
464 830 567 866 solum
588 832 744 879 loquendi
763 832 896 867 modum
909 836 1083 882 negotium
1096 833 1193 869 nobis
1212 831 1362 868 faceffere
1372 861 1381 876 ,
1397 843 1457 867 ve-

58 893 131 916 rum
144 882 192 916 est
210 909 220 924 ‚
246 879 268 915 si
290 883 335 914 ita
352 879 472 914 usitatae
486 879 641 926 loquendi
653 883 770 915 rationi
783 881 956 917 serviamus
967 912 977 927 ,
994 895 1032 918 ut
1045 896 1092 917 res
1104 881 1182 931 ipsas
1196 885 1283 918 inter
1303 881 1332 917 se
1346 882 1458 915 distin..

56 932 128 978 gui,
154 941 225 977 quae
238 926 364 964 diversis
380 927 486 962 efferri
500 927 603 962 solent
611 927 799 964 nominibus
811 956 821 971 ,
835 928 1015 977 persuasum
1030 930 1218 975 habeamus,
1229 937 1264 968 &
1278 943 1326 964 res
1346 930 1457 965 nostro

58 978 223 1026 cogitandi
240 977 360 1020 modo,
378 988 415 1012 ut
425 978 639 1024 cogitationes
654 977 734 1025 ipsas
752 977 870 1013 usitatis
893 979 1032 1015 vocibus
1044 982 1184 1016 omnino
1205 980 1403 1015 addicamus.
1421 979 1458 1012 Id

57 1028 146 1062 enim
164 1039 298 1061 omnem
308 1037 392 1073 pene
406 1026 640 1073 cogitationem
652 1027 793 1060 nostram
819 1028 1004 1065 conturbat.
1034 1027 1115 1075 Qo
1145 1031 1241 1078 igitur
1265 1040 1336 1062 rem
1351 1054 1361 1069 ,
1384 1039 1457 1074 quae

56 1072 169 1124 suapte
188 1086 302 1110 namra
319 1086 386 1108 non
408 1073 452 1107 est
467 1073 550 1106 adeo
566 1074 726 1121 impedita
742 1101 752 1114 ,
783 1073 882 1121 quarn
900 1074 1039 1109 dilucide
1057 1076 1125 1111 fieri
1140 1078 1264 1124 poterit
1276 1103 1287 1117 ‚
1306 1076 1458 1122 expedia-

57 1136 129 1160 mus
142 1152 152 1168 ,
172 1136 211 1159 ex
227 1126 264 1158 iis
277 1135 350 1171 qux
368 1132 455 1156 certa
470 1120 543 1156 sunt
558 1126 592 1158 &
612 1121 754 1157 confess'a
769 1151 778 1165 ‚
795 1134 881 1169 *quae
897 1124 1045 1160 videntur
1058 1123 1245 1160 obscuriora
1266 1136 1421 1159 eruamus.

94 1175 240 1209 Primum
252 1174 363 1220 itaque
374 1171 462 1205 idem
474 1170 517 1205 est
531 1169 656 1205 animus
665 1174 722 1218 qui
738 1171 929 1206 immediate
943 1178 976 1210 &
987 1176 1134 1222 proxime
1149 1173 1221 1209 vult
1233 1178 1268 1211 &
1279 1172 1434 1221 intelligit
1446 1201 1457 1216 ,

58 1223 178 1270 quique
195 1221 377 1256 intellectus
391 1225 424 1256 ὃ(
439 1218 591 1254 voluntas
602 1220 666 1254 dici
676 1219 767 1256 solet.

46 1296 48 1298 -
81 1271 167 1306 Cum
180 1270 364 1306 intelle&us
375 1280 444 1304 rem
455 1267 636 1316 simpliciter
649 1271 784 1317 percipit
794 1282 830 1306 ut
839 1282 1034 1313 veram,tum
1044 1270 1109 1305 suas
1121 1280 1248 1306 tantum
1259 1282 1366 1318 partes
1377 1273 1456 1318 agit:

56 1318 109 1355 sed
120 1319 178 1355 ubi
189 1319 312 1354 bonam
322 1320 460 1368 percipit
473 1317 667 1366 autjudicat‚
678 1319 786 1354 statim
799 1323 962 1369 appetitus
972 1332 1028 1354 aut
1045 1319 1192 1355 voluntas
1207 1331 1455 1354 commovetur:

58 1379 129 1404 tum
153 1371 242 1404 enim
257 1370 342 1403 intra
359 1366 437 1402 fines
452 1365 573 1415 objecti
587 1366 763 1402 voluntatis
780 1381 818 1403 ea
834 1382 884 1404 res
902 1371 1094 1404 continetur.
1112 1372 1195 1416 Ergo
1206 1369 1292 1403 idem
1307 1369 1354 1402 est
1366 1371 1455 1417 prin-

56 1419 178 1465 cipium
190 1424 223 1454 &
235 1418 430 1464 cognitionis
444 1421 477 1452 ὃς
494 1417 659 1462 appetitus
677 1433 686 1458 ;
704 1428 840 1463 quaeque
858 1419 974 1452 dicitur
997 1417 1174 1452 voluntatis
1191 1417 1318 1452 funetio
1336 1445 1345 1459 ,
1380 1430 1455 1453 cuni

58 1468 195 1500 rationis
206 1467 336 1500 actione
356 1466 401 1497 ita
418 1463 560 1497 cohaeret
571 1491 580 1505 ‚
598 1474 635 1497 ut
647 1475 746 1498 unum
759 1470 792 1500 &
807 1466 894 1499 idem
909 1464 944 1499 fit
954 1464 1116 1511 utriusque
1133 1467 1324 1512 principium
1335 1492 1344 1507 ‚
1365 1470 1455 1514 cogi-

61 1517 189 1549 tatione
203 1543 213 1557 ,
230 1526 298 1548 non
313 1511 423 1548 natur&
442 1509 615 1547 diversum.

93 1565 139 1598 Ex
151 1575 219 1610 quo
228 1560 362 1596 efficitur
372 1559 573 1595 voluntatem
585 1561 689 1594 minus
702 1562 830 1609 proprie
850 1573 962 1595 caecam
975 1562 1111 1595 vocitari
1125 1575 1132 1596 :
1149 1573 1223 1595 nam
1234 1560 1322 1596 idem
1334 1562 1377 1595 est
1386 1566 1459 1597 nni-

58 1624 128 1647 mus
147 1613 204 1659 qui
218 1622 254 1645 ut
269 1609 393 1645 bonum
407 1608 567 1656 intelligit
580 1607 720 1644 &nobis
737 1612 954 1652 conveniens,
970 1621 1027 1644 aut
1048 1608 1168 1644 malum
1190 1621 1224 1644 ut
1237 1612 1368 1645 noxium
1382 1624 1455 1658 per-

56 1662 138 1707 cipit
150 1689 159 1703 ‚
178 1661 284 1694 statim
300 1659 339 1693 ad
356 1657 440 1693 illius
450 1657 707 1705 prosecutionem
723 1663 755 1696 &
769 1658 862 1706 hujus
876 1658 987 1707 fugam
1005 1657 1034 1692 se
1049 1658 1190 1707 applicat
1205 1685 1212 1698 ,
1239 1670 1347 1705 neque
1364 1663 1388 1693 is
1399 1673 1458 1695 ca:-

57 1721 113 1744 cus
126 1710 189 1743 dici
203 1706 304 1743 debet
315 1737 323 1750 ,
337 1720 410 1742 cum
421 1719 487 1740 rem
500 1707 709 1753 incognitam
719 1706 870 1755 prosequi
887 1719 942 1742 aut
962 1707 1071 1755 fugere
1086 1720 1152 1742 non
1170 1705 1274 1754 poffit.
1303 1709 1411 1755 Atque
1430 1713 1455 1744 is

58 1770 149 1800 error
160 1758 234 1792 hinc
243 1759 346 1791 oritur
358 1785 367 1799 ,
376 1755 463 1803 quod
473 1754 677 1790 intellectum
694 1761 728 1792 δε
739 1756 943 1791 voluntatem
955 1785 965 1800 ,
977 1768 1013 1791 ut
1024 1767 1072 1790 rcs
1085 1754 1220 1790 diversas
1230 1759 1370 1803 concipio.
1376 1771 1457 1801 mus·‚

59 1818 98 1840 ac
114 1806 275 1841 voluntati
290 1804 446 1840 attributa
458 1816 528 1850 quae
548 1802 636 1838 simul
654 1803 713 1839 effe
725 1818 791 1839 non
812 1804 959 1852 possunt,
988 1806 1123 1839 omnino
1149 1803 1326 1838 tribuamus
1343 1819 1350 1838 :
1370 1809 1458 1852 quod

59 1857 214 1890 nimirum
224 1866 304 1888 caeca
320 1852 355 1887 sit
368 1883 376 1896 ‚
390 1859 423 1890 &
444 1852 626 1887 intellectus
641 1865 749 1888 tamen
762 1853 1057 1888 lumineirradietur
1071 1870 1079 1896 3
1097 1854 1186 1900 quod
1201 1864 1315 1899 expers
1326 1857 1459 1890 rationis

55 1904 179 1952 qu³cia
196 1903 384 1940 intelleorus
402 1901 579 1951 perpendat
591 1930 600 1944 ,
628 1914 729 1938 unum
740 1902 831 1937 alteri
849 1913 1027 1951 anteponat
1041 1930 1051 1945 ,
1078 1901 1186 1939 &alia
1202 1913 1273 1948 quae
1286 1900 1374 1950 supra
1386 1906 1460 1938 atti-

60 1954 176 2001 gimus.

101 2001 229 2037 Deinde
239 2000 260 2036 fi
274 2000 423 2037 voluntas
437 2001 476 2035 ad
490 1999 748 2050 cognoscendum
758 2014 826 2035 non
837 2000 881 2035 est
892 1999 911 2036 a
921 2011 1035 2036 natura
1044 2010 1230 2049 comparata
1241 2028 1250 2042 ,
1276 2012 1341 2034 non
1360 2003 1461 2049 magis

62 2049 111 2084 illi
126 2052 246 2085 caecitas
265 2079 274 2093 ,
300 2050 398 2097 qussini
420 2048 547 2084 :uiribus
565 2050 611 2083 est
630 2048 811 2086 tribuenda.
1072 2074 1075 2077 -

101 2099 268 2134 Postremo
285 2097 305 2133 fi
322 2098 490 2141 voiuntas,
505 2110 538 2132 ut
551 2097 683 2132 facultas
699 2111 798 2142 caeca,
823 2103 858 2135 δε
881 2097 922 2132 ab
934 2099 1102 2135 intellectu
1121 2096 1243 2131 diversa
1257 2097 1460 2146 supponatur,

66 2147 218 2194 explicari
239 2150 291 2183 vix
304 2149 424 2195 peterit
437 2148 521 2183 unde
535 2149 669 2183 actionis
683 2146 832 2194 cujusque
844 2149 1038 2195 principium
1047 2149 1177 2182 ducatur
1200 2160 1207 2181 :
1230 2160 1294 2180 non
1313 2149 1397 2180 enirn
1410 2149 1460 2181 in-

68 2196 242 2244 telligimus
262 2225 271 2239 ,
292 2195 347 2231 nisi
365 2209 437 2230 cum
453 2197 615 2238 volumus·‚
625 2208 700 2230 nam
711 2208 865 2230 uromnes
878 2196 1020 2232 fatentur
1030 2225 1039 2239 ,
1050 2195 1197 2230 voluntas
1208 2194 1408 2230 intellectum
1420 2197 1459 2229 ad

66 2244 328 2291 cognoscendum
345 2258 458 2280 movet
473 2252 506 2283 δι
525 2245 723 2279 determinat
741 2244 813 2280 :sed
825 2257 930 2291 neque
941 2245 1090 2280 voluntas
1112 2243 1289 2290 quidquam
1313 2245 1460 2292 aggredi-

68 2302 119 2326 tur
135 2322 144 2335 ‚
173 2295 260 2339 quod
271 2306 334 2328 non
350 2293 395 2327 fu(
405 2296 445 2328 rit
455 2295 497 2329 ab
510 2293 677 2329 intellectu
690 2293 967 2341 praemonstratcm
981 2308 988 2328 ε
1011 2294 1096 2328 unde
1109 2304 1185 2339 ergo
1203 2293 1317 2340 agendi
1332 2295 1460 2328 initium

67 2341 199 2376 ducetur
222 2351 232 2376 2
258 2340 381 2387 quanto
406 2342 530 2380 facilius
554 2344 600 2378 est
617 2343 753 2380 eundem
767 2344 910 2378 animum
933 2341 1093 2389 utriusque
1109 2343 1243 2376 aetionis
1257 2343 1460 2389 principium,

1251 2391 1313 2436 li]
