1857 2745
494 129 846 168 TRACTATUS
883 128 1149 169 TERTIUS.
1462 133 1532 173 609

135 177 286 227 ‘plantam
305 177 397 214 fuilse
416 208 426 223 ‚
444 190 513 215 turn
537 179 700 223 belluam,
728 180 860 215 tandem
873 179 1040 216 hominem
1053 195 1060 216 :
1073 183 1154 227 Ergo
1176 176 1234 213 ubi
1250 178 1334 213 vivit
1352 187 1408 211 aut
1423 175 1532 218 sentit,

140 232 211 274 jam
222 229 333 262 anima
347 228 576 264 intelleEtualis
589 228 686 262 adest.
705 230 758 264 Sic
767 230 929 264 moriente
941 229 1073 265 homine
1084 240 1148 263 una
1165 239 1238 263 cum
1253 226 1361 262 anima
1380 224 1530 261 rationali

136 275 275 323 zreliquae
285 275 326 319 ‚fi
338 289 408 324 quae
423 277 481 313 sint
491 307 500 320 ‚
514 276 688 312 discedunt.

182 324 333 368 Confirm.
348 326 429 360 [llud
443 328 577 361 minime
588 323 711 360 necelse
724 325 769 360 est
778 338 815 362 ut
824 328 979 363 moriatur
991 325 1124 368 animal,
1139 329 1173 361 δε
1193 322 1331 358 sentiens
1347 324 1457 357 anima
1476 334 1526 356 re-

144 372 238 408 cedat
251 401 261 415 ‚
274 386 347 408 cum
364 376 472 409 anima
485 373 648 409 rationalis
666 374 844 410 infunditur
857 390 866 412 ε
883 386 952 410 tum
962 377 1050 409 enim
1063 374 1162 409 foetus
1178 370 1341 420 perficitur
1356 398 1366 413 ,
1380 384 1448 406 non
1473 372 1528 404 de-

144 422 287 465 struitur3
305 436 366 457 nec
397 423 487 458 series
510 424 565 457 illa
583 425 824 471 corruptionum
842 423 910 460 ullo
933 424 1044 458 nititur
1066 422 1290 458 fundamento.
1321 421 1412 454 Hinc
1429 419 1526 453 foetus

145 468 330 518 baptizatur
341 500 351 515 ,
363 484 401 507 ex
418 485 486 520 quo
498 481 604 508 motus
625 483 680 506 aut
697 474 774 506 vitae
788 474 983 521 principium
1000 474 1034 507 in
1052 484 1094 506 eo
1105 471 1275 518 percipitur
1293 483 1300 504 :
1327 481 1364 502 ac
1384 467 1404 502 fi
1427 480 1528 515 expe..

147 519 270 553 &emus
292 520 368 556 dum
385 534 498 570 corpus
519 522 559 555 ad
582 520 766 556 funstiones
785 524 899 557 animae
913 520 1077 556 rationalis
1097 519 1133 554 sit
1149 530 1224 566 apte
1241 516 1424 566 dispositum
1436 545 1445 559 ,
1459 528 1527 550 non

144 567 356 617 quadraginta
373 571 440 605 dies
453 597 463 614 ,
476 582 510 605 ut
526 569 658 613 volunt,
668 568 721 604 sed
734 569 841 619 plures
854 572 1035 607 annivetunt
1047 567 1248 618 expefihmdi.

644 667 831 703 Solvuntur
856 666 1047 713 objefflones.

195 764 278 814 Opp.
294 778 318 801 ι.
346 767 425 803 Non
443 765 618 801 infunditur
638 770 747 802 anima
761 768 843 816 prius
861 777 959 813 quam
977 777 1097 814 organa
1120 765 1178 800 sint
1194 763 1400 799 conformata
1416 775 1425 797 ι
1450 773 1527 809 ergo

145 814 229 859 ptius
251 816 334 848 vivit
349 820 382 851 &
406 814 500 849 sentit
516 814 631 859 faetus,
653 827 751 863 quam
769 817 878 850 anima
898 815 1049 849 rationali
1073 814 1275 849 informetur.
1287 814 1364 862 Jam
1383 822 1527 858 quaerunt

144 861 224 907 quid
236 861 294 897 fiat
303 863 343 897 de
360 865 520 912 principio
536 865 609 898 vitae
619 869 651 900 δι
663 863 773 907 sensus,
788 877 862 898 cum
876 863 1012 898 advenit
1026 864 1135 898 anima
1147 876 1156 897 z
1168 861 1356 905 firemanet,
1370 872 1448 908 ergo
1457 871 1525 893 non

146 921 209 944 una
222 909 274 945 sed
292 910 397 959 plures
411 911 482 946 sunt
491 914 604 947 animae
620 911 658 956 3si
676 914 812 956 recedit,
826 912 896 947 sunt
912 914 1008 959 igitur
1024 912 1130 960 plures
1143 909 1318 947 succeffive.

192 958 383 1008 Respondet
405 963 455 994 vir
479 960 676 996 doctissimus
700 964 733 996 P.
761 960 854 995 Fabri
884 960 1002 995 foetum
1031 962 1138 1009 primo
1166 962 1279 994 vivere
1303 987 1313 1003 ‚
1347 970 1418 994 tum
1458 957 1526 993 sen-

147 1008 251 1042 tiente
280 1010 386 1043 anima
405 1009 517 1043 donari
542 1023 550 1045 :
580 1008 632 1044 sed
661 1022 731 1057 quae
762 1012 848 1058 ptius
869 1007 932 1043 fuit
952 1011 1131 1057 vegetatrix
1153 1010 1260 1043 anima
1281 1037 1291 1051 ‚
1315 1019 1372 1042 aut
1397 1008 1526 1049 forma,

145 1067 219 1091 cum
252 1056 316 1092 sola
341 1055 415 1092 effet
430 1086 440 1101 ‚
460 1061 525 1105 jam
550 1056 592 1093 -fit
617 1060 764 1106 potentia
789 1085 800 1102 ,
834 1069 890 1092 aut
925 1057 1060 1092 facultas
1094 1059 1209 1092 animae
1230 1056 1397 1092 sentientis
1425 1084 1435 1099 ‚
1479 1057 1526 1088 ei-

147 1116 212 1151 que
240 1104 412 1153 subjicitur.
467 1107 555 1141 Cum
568 1118 678 1142 autem
712 1109 820 1142 anima
841 1106 1017 1142 „rationalis
1042 1118 1164 1141 creatur
1185 1132 1195 1149 ‚
1217 1119 1285 1141 non
1306 1107 1390 1153 perit
1410 1105 1526 1151 princi-

144 1155 236 1200 pium
259 1153 338 1189 illud
367 1156 462 1197 vitae,
484 1167 540 1190 aut
551 1154 652 1190 sensus
675 1185 685 1199 ‚
729 1155 780 1190 sed
803 1155 915 1189 formae
937 1158 1099 1190 rationem
1128 1167 1195 1190 non
1217 1153 1354 1201 amplius
1371 1152 1526 1195 obtinet;

145 1202 257 1249 estque
270 1205 416 1252 potentia
426 1206 539 1238 animae
547 1205 731 1247 rationalis,
744 1206 793 1238 cui
802 1202 903 1238 subest
920 1215 956 1238 ut
974 1203 1089 1237 for-mae
1099 1217 1110 1238 .:
1127 1206 1194 1237 non
1204 1204 1292 1236 enim
1304 1212 1381 1236 ante
1392 1200 1453 1235 fuit
1464 1200 1526 1235 ho-

145 1264 218 1294 mo,
231 1264 326 1299 quam
349 1254 458 1286 anima
477 1255 510 1287 in
521 1265 657 1301 corpore
669 1264 843 1295 crearetur,
859 1256 1001 1288 &unum
1014 1250 1074 1286 else
1088 1252 1228 1286 hominis
1240 1262 1302 1285 una
1319 1250 1426 1285 forma
1447 1262 1527 1284 con-

144 1299 255 1336 stituit.
271 1304 353 1348 Qae
366 1300 524 1348 responsio
539 1300 608 1336 satis
626 1302 672 1335 est
693 1300 872 1349 probabilis
886 1329 896 1343 ,
909 1299 1023 1334 saltem
1035 1302 1066 1334 in
1082 1312 1193 1334 eorum
1208 1300 1372 1346 opinione,
1387 1300 1443 1345 qui
1455 1300 1527 1332 ani-

144 1361 232 1383 mam
244 1348 435 1384 rationalem
445 1350 591 1383 nondum
602 1348 705 1383 adeffe
723 1349 839 1384 volunt
850 1375 859 1386 ,
869 1360 941 1382 cum
954 1349 1037 1382 vivit
1052 1353 1085 1384 &
1101 1347 1196 1382 sentit
1210 1347 1322 1388 foetus,
1331 1347 1436 1380 donec
1452 1359 1525 1393 pars

144 1397 267 1431 cerebri
280 1397 387 1430 media
404 1397 542 1431 formata
557 1397 664 1432 fuerit.
685 1397 764 1431 Illud
780 1398 869 1431 enim
882 1395 953 1430 satis
965 1396 1007 1430 est
1016 1394 1186 1430 verifimile
1201 1412 1210 1438 3
1229 1395 1327 1442 (quid
1342 1397 1429 1429 enim
1439 1394 1526 1429 aliud

144 1446 177 1479 in
193 1456 280 1480 tanta
293 1458 398 1479 retum
407 1445 599 1480 obscuritate
613 1447 708 1492 quaeri
727 1444 854 1493 potest)
882 1457 950 1480 non
965 1456 1039 1479 ante
1053 1456 1164 1492 corpus
1183 1442 1244 1478 effe
1261 1444 1366 1478 menti
1379 1443 1526 1477 humanae

144 1505 372 1542 praeparatum,
385 1496 482 1541 quam
500 1496 660 1542 praecipua
676 1498 789 1530 animae
798 1492 885 1527 sedes
897 1493 995 1527 fuerit
1009 1492 1152 1528 absoluta
1167 1508 1175 1529 :
1196 1505 1264 1527 tum
1284 1493 1373 1525 enim
1392 1491 1524 1526 demum

146 1544 254 1590 potest
266 1542 326 1578 effe
356 1541 505 1590 urrusquc
517 1545 615 1590 partis
635 1546 668 1577 in
686 1542 822 1578 alteram
840 1540 1035 1577 efficientia:
1049 1544 1137 1579 Nam
1154 1541 1196 1576 ab
1216 1553 1255 1575 ea
1266 1551 1356 1589 parte
1376 1551 1525 1575 mutuum

143 1590 186 1624 ab
198 1594 309 1626 animo
328 1594 360 1626 in
370 1603 483 1638 corpu<¹
501 1594 731 1627 commercium
743 1593 870 1639 incipit.

179 1640 313 1684 Instant.
328 1642 480 1675 Potentia
489 1652 544 1675 aut
561 1640 696 1675 facultas
706 1639 788 1675 nihil
801 1641 848 1674 est
865 1640 950 1675 aliud
961 1651 1060 1687 quam
1074 1637 1220 1672 accidens
1235 1652 1243 1673 :
1258 1637 1310 1672 sed
1331 1637 1436 1672 forma
1462 1635 1525 1671 foe-

144 1699 192 1722 tus
204 1700 379 1736 antequam
396 1689 550 1724 adveniat
559 1692 666 1724 anima
678 1688 842 1723 rationalis
851 1719 862 1733 ,
876 1689 1001 1731 nonest
1015 1687 1161 1722 accidens
1172 1686 1349 1733 quoddam:
1361 1697 1439 1733 ergo
1456 1684 1526 1719 fieti

145 1749 212 1771 non
240 1738 342 1785 potest
373 1749 408 1772 ut
427 1738 571 1786 potentia
590 1737 626 1773 sit
644 1749 700 1772 ant
726 1737 860 1772 facultas
891 1740 1005 1772 animae
1021 1734 1194 1770 rationalis.

188 1786 275 1833 Refp.
292 1789 360 1820 vim
380 1786 468 1820 illam
486 1785 642 1821 sentiendi
656 1788 689 1821 in
702 1786 835 1821 homine
847 1789 1030 1835 potentiam
1045 1785 1108 1818 dici
1121 1813 1131 1826 ,
1141 1797 1208 1818 non
1222 1782 1308 1830 quod
1323 1780 1360 1816 sit
1376 1784 1525 1820 accidens

145 1832 308 1882 physicum
323 1864 330 1876 ‚
347 1834 398 1869 sed
412 1836 487 1881 'qnia
497 1836 538 1869 est
548 1835 637 1869 velut
649 1835 898 1870 instrumentum
915 1837 1026 1870 animae
1036 1863 1046 1878 ‚
1057 1835 1149 1879 eique
1161 1831 1526 1880 subordinatum,quod-

146 1895 211 1930 que
221 1882 250 1917 se
259 1884 298 1917 ad
316 1884 475 1931 agendum
491 1897 557 1918 non
567 1882 843 1926 determinagsed
862 1882 905 1918 ab
927 1882 1044 1918 altiore
1055 1881 1175 1929 pendet
1189 1882 1347 1928 principio
1367 1895 1376 1917 ε
1400 1893 1438 1916 ac
1457 1880 1528 1916 for-

147 1941 180 1965 te
200 1931 284 1966 nihil
307 1934 349 1967 est
359 1944 469 1980 praeter
485 1931 648 1980 spirituum
663 1944 864 1968 contextum,
884 1935 921 1966 In
937 1930 1043 1966 bestiis
1060 1930 1173 1965 formae
1190 1928 1397 1964 substantialis
1424 1928 1526 1964 habet

146 1980 306 2015 rationem
319 1995 327 2017 :
341 1994 416 2016 narn
428 1979 566 2028 speciem
579 1983 616 2015 iis
634 1979 749 2016 tribuit
764 2009 773 2023 ‚
787 1985 822 2017 ὃς
836 1981 877 2015 est
891 1982 1033 2029 primum
1049 1980 1214 2013 affionum
1235 1979 1428 2026 principium
1445 1993 1453 2014 :
1471 1978 1526 2012 sed

147 2025 203 2062 ubi
217 2031 324 2064 anima
332 2029 495 2065 rationalis
508 2028 679 2073 accerserit,
689 2029 762 2063 huic
775 2031 913 2065 omnino
926 2028 1098 2077 subjicitur,
1107 2039 1166 2062 nec
1180 2026 1317 2074 amplius
1329 2027 1456 2070 formae,
1472 2026 1525 2061 sed

148 2079 301 2124 potentiae
316 2078 561 2121 tantummodo,
577 2079 843 2114 autinstrumenti
865 2090 979 2113 munus
997 2076 1092 2119 obit,
1107 2088 1215 2123 neque
1237 2073 1298 2110 effe
1312 2104 1323 2118 ,
1343 2088 1399 2110 aut.
1432 2087 1526 2110 natu-

148 2137 216 2164 ram
234 2124 411 2174 specificam
426 2128 551 2162 homini
562 2126 676 2162 tribuit
689 2142 697 2162 :
712 2126 836 2161 tametsi
853 2126 1065 2173 quarumdam
1083 2126 1311 2173 operationum
1335 2126 1525 2172 principium

149 2173 191 2207 est
205 2187 213 2207 :
225 2175 308 2209 unde
325 2181 358 2212 &
372 2179 520 2224 potentia
529 2178 686 2223 operatrix
705 2175 768 2209 dici
781 2177 894 2222 potest.

188 2222 271 2266 Ορρ.
284 2237 308 2258 2.
324 2227 464 2260 animam
478 2223 670 2259 sentientem
680 2223 699 2259 a
709 2223 894 2271 parentibus
910 2223 1041 2265 traduci,
1052 2236 1120 2258 non
1134 2225 1214 2258 item
1233 2221 1436 2259 rationalem:
1449 2235 1526 2272 ergo

149 2268 297 2323 sentienti
315 2274 426 2307 animae
441 2273 580 2318 fuccedit
593 2272 763 2308 rationalis,
779 2274 864 2307 Hinc
883 2270 1066 2307 Aristoteles
1091 2283 1188 2321 negat
1194 2270 1292 2316 fimul
1315 2273 1437 2305 animal
1451 2271 1528 2317 fieri

157 2326 195 2356 (θ’
215 2319 379 2355 hominem.

183 2368 271 2416 Regfp.
286 2369 386 2404 Simul
400 2382 466 2407 non
486 2368 554 2406 fieri
566 2371 685 2407 animal
706 2375 741 2408 δε
756 2369 922 2408 hominem
938 2370 1043 2419 quoad
1070 2372 1287 2419 operatione-S,
1306 2370 1526 2423 C.-quantum

1203 2419 1327 2465 Gggg
1352 2419 1382 2465 fij
