1857 2745
436 132 842 174 TRACTATU'S
879 130 1128 175 PRIMUS.
1427 125 1496 185 483?

546 234 603 268 De
624 232 726 268 motas
745 231 973 281 affeffionibus.

106 365 108 367 .
192 335 223 368 Is
239 333 409 382 explicatis
423 332 463 367 de
475 329 586 367 motus
600 342 713 365 natura
726 359 736 376 ‚
755 343 841 367 nunc
852 331 893 367 de
912 331 995 367 illius
1009 334 1178 381 ptaecipuis
1192 329 1420 367 affeetionibus
1431 332 1485 367 di-.

196 384 333 418 cendum
345 383 398 419 est.
412 381 499 416 Cum
516 392 625 415 autem
636 392 743 416 motus
754 379 790 416 sit
804 393 847 417 ex
868 392 976 416 earum
987 393 1092 417 terum
1103 394 1223 430 genere
1236 393 1304 428 quae
1318 380 1457 415 crescere
1467 409 1479 425 ,

90 443 151 467 aut
164 433 264 467 minui
282 460 291 473 ,
309 431 376 480 plus
388 428 531 465 minusve
541 428 693 477 suscipere
711 430 858 465 dicuntur
867 457 876 469 ‚
889 435 923 468 δε
940 430 980 464 de
993 429 1109 477 quibus
1120 433 1220 478 quaeti
1232 430 1334 479 potest
1347 458 1356 472 ,
1372 442 1477 477 quan-

95 490 133 514 tae
159 478 219 515 fint
234 509 245 524 ‚
268 480 353 516 suam
372 484 396 514 is
417 478 518 515 habet
535 480 747 526 quantitatem
762 507 772 522 ‚
793 491 863 526 quae
879 491 916 515 ex
929 479 1045 527 duplici
1057 478 1258 528 potissimum
1277 481 1383 526 capite
1397 477 1476 514 sumi

91 527 216 571 debet,
235 541 273 564 ex
287 530 418 566 materia
429 530 579 564 nimirum
590 556 599 570 ‚
610 539 665 561 aut
676 528 818 576 pondere
829 527 921 577 ipfius
935 531 1096 577 corporis,
1111 535 1146 566 ὃς
1163 541 1202 564 ex
1216 528 1392 562 velocitate
1401 541 1476 562 mo-

90 576 158 614 tt‘lS.
179 576 258 626 Qo
275 580 362 613 enirn
380 589 492 626 corpus
509 581 608 626 majus
622 576 683 620 est,
705 576 768 611 hoc
780 579 877 614 etiam
887 576 988 613 habet
1003 583 1161 627 majorem
1186 577 1294 612 motus
1307 580 1475 624 quantita-

92 635 170 663 tem.
185 628 316 674 Corpus
329 627 416 673 quod
425 627 553 660 alterius
567 625 614 659 est
630 625 782 673 duplum,
799 624 821 661 fi
834 638 1007 673 utrumque
1016 627 1131 663 eadem
1143 626 1320 662 velocitate
1337 637 1475 660 movea-

89 685 161 718 tur,
179 677 268 723 quod
289 681 389 724 majus
408 675 454 710 est
467 704 478 718 ,
499 674 669 711 &alterius
685 674 816 723 duplum
828 703 837 719 ‚
859 675 989 724 duplam
1003 677 1115 711 itidem
1130 675 1242 711 motus
1256 676 1475 722 quantitatem

86 722 134 757 est
149 723 331 759 habiturum
348 739 356 761 ι
378 727 499 760 namin
511 728 575 772 ejus
587 734 679 773 parte
688 724 821 759 dimidia
831 735 955 761 tantum
963 726 1025 760 etit
1040 737 1149 761 motus
1160 753 1171 768 ‚
1194 735 1354 774 quantum
1364 724 1395 758 in
1409 726 1474 758 nii-

86 784 169 807 nore
185 785 327 822 corpore.

128 824 207 859 Nou
225 821 364 858 diffimssi
378 823 502 858 ratione
514 820 533 855 fi
550 822 614 856 duo
628 834 763 870 corpora
784 820 919 870 aequalia
938 821 1088 870 inaequali
1116 822 1292 859 velocitate
1315 824 1469 867 deantur,

85 870 170 905 adeo
180 882 216 906 ut
224 884 324 906 unum
342 872 384 905 du
410 870 442 905 lo
462 870 604 906 velocius
620 900 629 915 ,
649 871 749 918 quam
760 871 896 906 alterum
920 883 1092 906 moveatur
1104 901 1113 915 ‚
1131 874 1292 919 quantitas
1308 872 1420 907 motus
1436 875 1470 908 in

86 918 254 954 velociore
264 919 360 967 dupla
379 884 487 954 illitum
505 919 560 954 est.
573 922 662 956 Nam
676 919 696 954 si
712 932 784 955 eam
794 919 933 955 habeam
945 923 1013 955 vim
1030 933 1092 967 qua
1109 919 1245 969 globum
1259 922 1344 955 intra
1361 924 1470 956 minu-

85 977 157 1001 tum
166 970 255 1002 unius
275 967 358 1002 hotae
369 967 466 1015 usque
475 968 515 1001 ad
533 979 664 1004 centum
679 969 776 1016 pedes
788 970 954 1016 projiciam
970 980 1023 1004 :ut
1032 970 1150 1004 eodem
1161 980 1307 1017 tempore
1319 969 1415 1016 usque
1426 969 1469 1004 ad.

85 1028 157 1052 200.
179 1017 276 1064 pedes
294 1029 366 1051 eum
378 1015 561 1063 impellam,
580 1019 612 1051 vi
637 1019 772 1051 motrice
784 1046 794 1060 ,
807 1016 857 1051 seu
879 1020 1028 1063 potentia
1043 1017 1137 1066 dupla
1150 1018 1230 1052 mihi
1242 1030 1322 1066 opus
1339 1020 1419 1053 erit:
1433 1024 1469 1056 δε

84 1063 180 1111 dupla
197 1077 326 1111 quoque
338 1068 370 1099 in
383 1065 547 1099 velociore
568 1077 703 1112 corpore
719 1069 780 1100 etit
804 1065 916 1100 motus
945 1068 1119 1112 quantitas,
1144 1069 1197 1101 Sic
1218 1069 1314 1115 igitur
1333 1069 1466 1102 minoris

82 1113 236 1160 ponderis
254 1116 304 1148 vis
313 1115 427 1161 majori
439 1112 614 1147 velocitate
632 1112 754 1161 pensati
765 1113 880 1162 potest.

118 1162 231 1209 Atque
245 1174 283 1196 ex
298 1161 365 1196 hoc>
376 1161 464 1197 velut
473 1163 631 1210 principio
647 1162 841 1197 Mechanica
863 1163 967 1196 omnis
988 1167 1022 1198 &
1035 1164 1155 1198 Statica
1166 1174 1237 1209 qua:
1253 1164 1337 1197 circa
1358 1174 1463 1198 tetum

82 1210 228 1258 pondera
246 1210 406 1254 versatur,
431 1212 567 1245 omnino
580 1210 722 1258 profluit.
746 1209 793 1247 Eo
806 1212 926 1258 quippe
942 1211 1106 1246 machinas
1121 1211 1314 1246 adhibemus
1325 1240 1334 1254 ,
1361 1223 1396 1246 ut
1409 1224 1466 1246 ea..

82 1270 152 1294 rum
166 1271 228 1307 ope
248 1272 364 1307 magna
385 1258 571 1294 attollamus
603 1260 767 1307 pondera,
794 1273 830 1295 ea
855 1271 964 1295 tamen
984 1259 1054 1308 lege
1074 1272 1109 1295 ut
1124 1260 1237 1295 eadem
1251 1263 1463 1308 proportione

81 1309 212 1352 minoris
224 1310 366 1357 corporis
382 1307 591 1343 velocitatem
608 1320 806 1358 augeamus..
832 1320 897 1356 qua
916 1308 998 1343 illius
1018 1309 1142 1358 pondus
1162 1337 1172 1354 ,
1189 1321 1244 1346 aut
1254 1311 1388 1343 materia
1399 1311 1464 1344 mi·

81 1368 142 1391 nor
157 1357 208 1393 est.

139 1407 191 1439 Sic
211 1407 245 1439 in
263 1405 359 1439 veae
371 1433 380 1448 ‚
399 1403 499 1452 vulgo
516 1405 545 1437 le
568 1405 686 1443 levier,

79 1463 136 1487 aut
149 1452 264 1488 statera
274 1482 284 1496 ,
298 1452 396 1501 vulgo
411 1453 443 1486 la
458 1454 605 1486 Romaim·
621 1480 627 1490 ,
649 1463 684 1487 ut

78 1513 231 1549 inagnum
250 1502 372 1551 pondus
389 1503 419 1536 C
432 1500 538 1536 attolli
555 1500 650 1549 poffit
666 1501 686 1536 a

77 1552 195 1585 minori
206 1554 249 1594 D,
265 1563 397 1599 augetur
406 1549 560 1585 velocitas
571 1562 686 1597 corpo-

50 1611 67 1617 ‘
76 1600 116 1632 ris
134 1601 181 1642 D,
196 1611 233 1634 ea
245 1602 371 1634 ratione
384 1611 446 1646 qua
459 1611 570 1647 corpus
583 1599 682 1646 ipsum

76 1649 181 1682 minus
193 1649 245 1683 est.
260 1648 342 1683 Illud
353 1646 389 1683 [it
401 1662 434 1683 v.
445 1660 491 1696 gr.
501 1647 682 1696 quadruplo

76 1698 200 1740 minus,
231 1696 281 1731 sed
307 1697 488 1744 quadruplo
509 1697 634 1744 longius
664 1695 682 1731 ὲ

76 1756 187 1779 centro
198 1773 206 1783 ,
229 1744 279 1780 seu
292 1745 395 1780 fulcro
409 1747 434 1780 A
445 1774 454 1788 ,
470 1746 570 1787 distet,
583 1744 683 1792 quam

76 1794 202 1840 pondus
215 1795 245 1829 C
256 1823 265 1837 ,
277 1805 449 1841 utrumque
464 1795 525 1828 erit
541 1796 574 1828 in
585 1795 685 1840 aequi-

78 1841 188 1884 librio,
208 1855 244 1876 ac
262 1855 413 1877 neutrum
431 1841 569 1878 alterum
584 1841 683 1877 attol-

74 1889 130 1926 let.
145 1891 209 1925 Sed
226 1903 378 1940 augeatur
388 1890 552 1939 paululum
565 1891 682 1925 distan-

73 1940 120 1973 tia
139 1942 168 1974 A
188 1943 219 1975 D
235 1969 244 1982 ,
263 1952 330 1976 tum
353 1940 476 1990 pondus
497 1943 528 1975 D
553 1939 683 1974 attollet
711 1966 714 1969 .

71 1989 196 2035 pondus
210 1989 239 2023 C
258 2003 266 2025 :
290 2002 362 2023 cum
391 1990 478 2024 enim
496 1989 685 2037 deprimitur

72 2038 159 2080 inE,
179 2036 268 2072 simul
289 2039 416 2086 pondus
435 2037 634 2072 Cattollitut
652 2039 685 2072 in

73 2087 98 2119 B
120 2088 143 2122 :'
165 2086 209 2120 est
237 2087 369 2135 quidem
395 2089 499 2121 minor
526 2088 686 2133 quantitas
704 2087 845 2122 materiae
860 2086 895 2120 in
915 2096 1050 2133 corpore
1069 2087 1102 2121 D
1124 2115 1134 2130 ‚
1167 2098 1239 2123 cum
1254 2084 1291 2123 fit
1312 2085 1455 2134 subquas

73 2133 220 2181 druplum
231 2138 371 2183 corporis
384 2135 413 2170 C
427 2150 434 2171 :
450 2135 500 2169 sed
510 2134 587 2169 illud
597 2147 685 2170 motu
698 2135 862 2170 velociore
886 2133 1004 2169 fertur:
1026 2147 1165 2184 cumque
1182 2149 1297 2184 corpus
1319 2136 1350 2170 C
1373 2147 1453 2170 con-

75 2180 142 2215 ficit
151 2183 283 2230 spatium
297 2185 360 2219 CB
371 2213 380 2228 ,
395 2196 508 2232 corpus
524 2187 554 2218 D
574 2184 713 2219 decurrit
731 2183 866 2232 spatium
881 2186 956 2218 DE.
978 2186 1090 2231 Itaque
1113 2185 1201 2231 quod
1218 2186 1354 2233 ponderi
1365 2186 1396 2219 D
1418 2185 1452 2219 in

72 2233 209 2264 materia
228 2233 314 2268 deest
326 2262 335 2275 ,
351 2233 385 2268 id
406 2237 439 2268 in
448 2233 620 2267 velocitate
638 2231 872 2282 compensatur.

109 2278 234 2313 Verum
250 2282 283 2314 in
301 2281 451 2316 omnibus
467 2282 623 2317 machinis
634 2282 667 2315 id
678 2282 803 2324 accidit,
821 2292 857 2315 ut
866 2280 994 2316 facilius
1005 2281 1137 2328 quidem
1151 2283 1295 2329 ingentia
1307 2281 1451 2330 pondera

74 2326 300 2371 subleventur,
319 2328 368 2362 sed
385 2329 530 2378 longiore
542 2342 698 2378 tempore.
711 2332 798 2366 Nam
817 2341 851 2363 ut
869 2331 993 2378 pondus
1013 2331 1042 2365 C
1059 2330 1155 2377 usque
1173 2330 1213 2364 ad
1228 2332 1251 2365 Β
1264 2330 1447 2372 attollatur,

73 2376 197 2411 neceffe
210 2377 252 2412 est
269 2388 304 2412 ut
321 2379 367 2413 vis
379 2381 495 2414 motrix
509 2381 543 2414 in
560 2383 591 2415 D
601 2378 698 2428 posita
708 2379 918 2428 quadruplum
931 2378 1067 2427 spatium
1084 2408 1093 2423 ,
1108 2392 1227 2427 nempe
1237 2382 1268 2416 D
1281 2381 1305 2414 E
1318 2391 1450 2428 percur-
