1857 2745
26 201 68 235 fiis
80 197 207 246 alicujus
219 196 308 233 caula
317 194 502 233 instituitur.
513 196 630 244 Itaque
644 196 723 231 illud
733 210 800 232 non
812 197 902 232 omni
918 207 957 231 ex
968 207 1058 246 parte
1070 208 1183 232 verum
1198 197 1255 233 est.
1354 163 1368 195 3
1392 163 1411 195 9

59 248 137 282 Iura
151 249 287 280 inventa
303 258 388 281 metu
400 245 508 291 injusti
519 246 646 294 fateare
655 246 765 292 neceffi·
783 245 836 291 est:
849 245 936 294 quasi
950 250 981 281 vi
992 247 1133 293 quadam
1150 246 1297 281 homines
1311 246 1350 280 ad
1366 251 1414 294 ju-

25 296 140 332 stitiam
154 294 325 330 colendam
333 295 512 344 adigantur.
523 294 558 328 Id
572 305 651 328 veto
661 295 724 329 dici
741 295 847 343 potest
858 296 897 329 de
909 297 946 328 iis
962 294 1089 342 legibus
1103 308 1176 343 quae
1190 298 1263 344 juris
1283 307 1415 330 natura-

24 343 63 380 lis
73 346 300 380 executionem
311 345 462 392 adjuvant
474 372 484 388 ,
493 356 628 392 quaeque
638 342 710 379 sunt
721 344 874 379 institutae
891 356 933 379 ne
960 342 1081 378 infirmi
1095 344 1116 378 ἐι
1129 344 1339 379 validioribus
1354 358 1414 393 op-

15 395 211 442 primantur.
227 394 315 429 Nam
327 391 347 427 fi
355 398 403 441 jus
414 405 513 428 omne
524 391 670 428 naturale
688 392 828 428 utilitate
844 393 1045 429 metiendum
1067 393 1112 426 est
1128 421 1137 435 ‚
1159 405 1219 427 nec
1239 395 1412 440 quicquam

22 452 137 490 praetet
153 442 326 477 commoda
342 442 449 477 nostra
470 441 646 490 speetamus
661 457 669 484 ;
685 440 706 476 fi
726 454 820 490 poena
834 453 963 477 tantum
976 454 1030 477 aut
1042 453 1146 477 metus
1158 441 1327 490 supplicii,
1346 450 1413 477 non

24 489 91 538 ipsa
110 490 274 538 turpitudo
294 490 436 526 deterret
454 490 496 526 ab
507 490 657 539 injuriosa
670 519 679 534 ‚
690 490 937 538 facinorosaque
955 493 1022 525 vita
1036 517 1044 529 ,
1066 503 1169 525 nemo
1183 519 1192 534 ,
1211 502 1246 525 ut
1260 493 1305 525 ait
1322 494 1350 524 C
1352 493 1415 524 ice-

20 550 64 579 -ro
77 567 87 582 ,
107 538 154 572 est
165 539 291 587 injustus
304 553 312 574 :
325 552 358 575 at
375 542 495 575 incauti
508 542 616 588 potius
629 539 773 575 habendi
788 539 858 576 sunt
873 537 1036 588 improbi:
1065 550 1142 574 nam
1165 540 1245 586 quid
1262 539 1361 573 faciet
1387 541 1415 576 is

24 587 126 623 homo
135 590 167 622 in
185 587 325 623 tenebris
339 619 348 633 ‚
368 591 424 636 qui
447 589 526 625 nihil
545 591 638 623 timet
658 588 715 624 nisi
732 589 844 624 testem
868 593 902 625 &
925 588 1089 637 judicem?
1122 588 1214 634 Qid
1234 590 1268 623 in
1288 587 1413 623 deserto

24 635 100 672 loco
117 638 239 681 nactus,
252 649 350 684 quern
360 638 463 674 multo
475 651 555 673 auro
565 637 700 685 spoliare
712 636 810 685 poffit
819 666 828 681 ,
842 636 1041 672 imbecillem
1053 665 1062 680 ,
1077 646 1174 683 atque
1194 635 1313 673 solum?

60 685 160 736 Qd
175 698 283 721 autem
299 691 346 735 jus
358 700 458 722 omne
468 687 612 723 naturale
622 699 695 723 vitae
706 685 950 726 conservatione
964 687 1134 728 contineri,
1147 691 1181 722 ὃ(
1197 698 1416 733 unumquem-

3 754 5 763 ι
22 745 89 781 que
101 732 162 769 effe
179 737 291 770 natura
304 736 444 783 judicem
458 737 615 772 idoneum
633 737 673 770 de
686 736 821 778 mediis,
841 733 959 783 quibus
981 735 1022 769 ad
1041 737 1113 770 vitae
1130 732 1413 769 conservationem

0 790 2 813 ἓ
27 781 135 818 usurus
146 784 259 828 est3ac
276 784 408 818 demum
433 786 467 819 in
487 796 603 819 naturae
621 785 703 818 statu
721 783 902 820 mensuram
916 785 992 832 jutis
1022 782 1122 818 solam
1140 781 1201 818 effe
1225 783 1413 826 utilitatem,

4 838 5 864 i
25 831 163 868 ferinum
180 832 334 880 quiddam
346 831 577 869 &insociabile
591 860 599 870 ,
612 838 732 882 nonjus
745 844 863 868 naturae
875 861 886 877 ,
899 846 966 868 non
994 831 1171 867 humanum
1188 832 1266 879 quid
1288 835 1415 880 cogita-

30 883 120 916 tione
130 881 300 930 depingit:
319 894 356 925 ac
369 882 497 917 demum
513 887 563 930 jus
583 893 701 916 naturae
717 885 742 916 is
762 882 905 931 appellat
925 881 1070 918 effiaenes
1091 885 1127 919 ὅ(
1145 879 1274 915 illicitos
1293 894 1415 916 concu-

26 928 189 978 piscentiae
205 942 331 973 motus,
342 943 408 965 non
426 931 513 979 leges
530 930 571 964 ab
587 930 732 965 Authore
746 942 864 965 naturae
875 932 991 965 animis
1001 929 1128 966 incisas:
1142 929 1309 964 hominem
1320 930 1414 965 deni-

22 990 94 1025 que
104 989 140 1012 ut
157 978 299 1013 belluam
317 979 357 1012 ad
372 991 471 1025 quam
483 981 584 1014 animi
598 981 697 1013 virtus
717 1007 726 1021 ,
742 989 797 1012 aut
815 978 961 1013 honestas
979 983 1013 1014 ὃ(
1034 979 1129 1012 decus
1140 978 1221 1014 nihil
1235 980 1414 1026 pertinent,

20 1025 125 1062 *nobis
138 1026 279 1062 exhibet.
296 1028 386 1073 Q1in
400 1032 434 1063 &
445 1029 548 1075 prima
563 1038 703 1068 naturae,
720 1038 756 1061 ut
778 1025 997 1073 loquebantur
1015 1028 1123 1060 Sto'i'ci
1145 1055 1155 1069 ,
1171 1039 1241 1073 quae
1264 1025 1352 1060 simul
1376 1039 1415 1061 ac

27 1086 141 1112 natum
160 1076 203 1110 est
211 1076 331 1110 animal
345 1103 355 1118 ,
373 1077 496 1123 appetit
510 1075 549 1109 ad
561 1074 605 1109 sui
619 1074 902 1109 conservationem
915 1102 926 1117 ,
944 1084 979 1108 ut
990 1077 1239 1121 quaeinteritum
1262 1074 1411 1116 afferunt,

26 1123 246 1172 refugit3male
262 1123 304 1159 ab
317 1136 357 1158 eo
374 1123 616 1171 confunduntur
629 1135 703 1156 cum
718 1122 790 1170 lege
800 1123 938 1159 naturali
952 1150 961 1165 ‚
984 1134 1049 1169 qua
1064 1124 1290 1170 praecipiuntut
1312 1123 1415 1158 hone·

30 1173 204 1221 sta‚turpia
225 1172 379 1221 &injusta
390 1167 615 1221 pthii‘ibentur.
641 1172 790 1207 Honesta
807 1183 888 1207 vero
912 1171 1048 1206 dicimus
1063 1183 1136 1218 quae
1167 1183 1285 1209 naturae
1313 1173 1414 1207 ratio-

28 1221 97 1258 nali
110 1223 319 1266 conveniunt,
336 1216 470 1268 qufe‘que
486 1235 550 1257 nos
564 1222 657 1257 redbae
674 1223 792 1256 rationi
803 1220 1036 1258 commendant
1048 1226 1065 1258 :¹
1075 1220 1208 1269 haecque
1223 1223 1344 1255 cariora
1354 1234 1416 1256 no-

29 1268 83 1306 bis
102 1267 163 1317 effe
181 1269 303 1306 debent
315 1299 326 1314 ,
340 1282 437 1318 quarn
450 1270 513 1319 ipsa
525 1282 634 1317 nature
652 1272 752 1308 initia.
767 1270 874 1306 Resta
884 1282 993 1306 autem
1008 1272 1091 1305 ratio
1103 1275 1136 1307 &
1149 1282 1259 1306 natura
1283 1268 1418 1307 societa-

31 1319 73 1354 tis
91 1331 130 1354 eo
141 1320 271 1364 tendit„
282 1332 319 1355 ut
343 1321 410 1355 vim
423 1332 556 1355 omnem
572 1318 747 1368 prohibeat
759 1350 769 1364 ‚
783 1333 846 1368 quq
857 1324 904 1367 jus
925 1319 1066 1355 alienum
1089 1318 1185 1355 tollit.

65 1368 229 1416 roirca
242 1370 302 1416 qui
309 1381 382 1404 eam
397 1367 456 1403 effe
470 1370 662 1417 praecipuam
679 1381 799 1404 naturae
815 1369 922 1417 legem
940 1368 1048 1403 statuit
1058 1398 1067 1411 ,
1083 1381 1118 1403 ut
1129 1369 1230 1403 homo
1242 1370 1357 1404 cunsta
1371 1369 1414 1404 ad

31 1414 78 1452 sui
87 1416 367 1453 conservationem
387 1417 508 1452 referat
525 1428 573 1460 ,ut
586 1421 634 1463 jus
645 1416 766 1452 habeat
777 1420 812 1452 in
821 1419 932 1452 omnia
944 1445 953 1459 ,
966 1419 990 1450 is
1001 1415 1073 1451 sane
1080 1421 1131 1462 jus
1152 1429 1252 1451 omne
1272 1418 1415 1453 naturale

33 1468 210 1514 pervertit,
223 1466 348 1501 divinas
367 1471 399 1502 δε
418 1465 571 1501 humanas
589 1466 677 1514 leges
693 1469 829 1501 omnino
852 1464 1009 1499 convellit
1027 1494 1037 1508 ‚
1055 1477 1091 1498 ac
1113 1465 1323 1512 Philosophiae
1343 1480 1418 1501 mo„

32 1514 188 1558 ralis,imo
201 1520 234 1552 &
245 1527 325 1549 verae
340 1514 503 1562 religionis
522 1513 732 1549 fundamenta
747 1513 924 1562 pelsundat.
958 1516 1078 1560 Neque
1096 1516 1182 1548 enim
1203 1513 1290 1562 leges
1304 1514 1324 1549 ἐι
1343 1517 1418 1549 Deo

33 1561 159 1601 sancitae
178 1566 338 1601 rationem
351 1563 523 1598 humanam
536 1591 546 1607 ‚
568 1574 623 1597 aut
640 1566 689 1610 jus
707 1561 855 1599 naturale
870 1560 1075 1611 ²perficerent
1088 1590 1098 1605 ‚
1128 1561 1182 1595 sed
1206 1565 1342 1598 omnino
1362 1563 1418 1597 de-

33 1611 199 1648 struerent.

83 1661 196 1707 Qiare
215 1659 399 1710 abjicienda
418 1661 464 1695 est
493 1660 545 1695 illa
562 1659 718 1708 sapientia
744 1671 873 1697 terrena
890 1689 899 1704 ,
913 1657 1248 1703 annualis,diabolica
1261 1690 1271 1704 ‚
1284 1673 1319 1697 ut
1341 1674 1415 1698 cum

36 1709 197 1759 Apostolo
211 1709 325 1756 loquar
335 1738 343 1752 ‚
354 1716 427 1756 quae'
439 1710 612 1745 human-am
623 1709 811 1744 societatem
827 1737 835 1748 ‚
857 1710 1050 1757 religionem
1065 1720 1210 1750 omnem,
1226 1711 1294 1744 imo
1311 1715 1357 1757 jus
1371 1713 1421 1759 ip-

35 1757 103 1794 sum
115 1770 235 1794 naturae
250 1760 378 1792 evertit.
414 1759 505 1806 Qas
517 1771 669 1793 vocamus
693 1760 827 1793 virtutes
841 1787 850 1801 ‚
864 1760 897 1793 in
915 1760 993 1792 statu
1005 1769 1126 1792 natutae
1137 1785 1146 1799 ‚
1163 1756 1183 1791 fi
1200 1758 1274 1793 huic
1292 1760 1422 1794 Antho-

35 1810 63 1842 ri
78 1808 246 1850 credimus,
263 1803 361 1840 effent
376 1809 463 1842 vitia.
483 1809 556 1842 Nec
571 1809 696 1841 crimini
711 1818 891 1841 verteretur
904 1819 1029 1854 patrem
1045 1806 1207 1848 occidere,
1222 1812 1256 1843 ὃ(
1274 1807 1317 1842 sui
1329 1820 1424 1843 com.-

36 1856 128 1892 modi
145 1855 234 1889 causa
245 1855 343 1888 alium
359 1854 492 1902 spoliare
506 1873 514 1897 ·‚
526 1853 630 1901 sicque
645 1867 746 1902 praece
768 1866 802 1888 tri
816 1861 849 1891 &
869 1854 998 1889 consilia
1018 1854 1193 1888 Salvatoris
1213 1858 1349 1892 omnino
1368 1868 1420 1890 re-

37 1916 216 1954 pugnarent
233 1902 359 1950 legibus
377 1902 418 1937 ab
435 1903 581 1939 Authore
606 1915 726 1938 naturae
753 1906 878 1939 ancitiS.
1420 1928 1423 1933 -

117 1953 178 1987 uod
195 1964 305 1987 autem
322 1954 367 1986 ait
380 1952 505 1987 nullum
519 1955 551 1987 in
569 1952 641 2000 lege
654 1963 773 1987 naturae
784 1951 1074 1989 effeintrodufflna
1089 1953 1285 1996 dominium,
1303 1952 1421 1989 falsum

18 2011 20 2014 ’
37 2003 72 2038 id
85 2004 218 2037 omnino
238 2002 296 2036 est:
315 2000 385 2035 sunt
402 2003 489 2037 enim
516 2001 667 2048 quaedam
687 2003 800 2048 cuique
822 2005 950 2049 propria
972 2031 981 2045 ‚
1005 2015 1075 2049 quae
1089 2001 1153 2037 sine
1176 2005 1288 2048 injuria
1309 2002 1423 2038 invadi

37 2062 105 2087 non
120 2048 244 2099 possunt
257 2079 267 2093 ,
286 2061 322 2087 ut
336 2052 402 2084 vita
419 2056 453 2087 δε
473 2049 614 2086 libertas.
633 2052 686 2085 Sic
707 2052 739 2084 in
754 2048 848 2084 rebus
865 2050 935 2097 ipsis
954 2053 986 2085 in
1012 2051 1121 2085 medio
1144 2050 1252 2098 positis
1264 2081 1273 2095 ,
1293 2054 1325 2086 in
1340 2051 1423 2086 statu

38 2110 160 2136 natutae
173 2103 222 2147 jus
241 2096 317 2135 effet
327 2101 534 2146 occupantis3
550 2104 583 2135 &
602 2097 622 2133 fi
638 2100 709 2146 quis
729 2099 760 2132 id
772 2102 847 2146 jutis
865 2100 957 2134 alteri
971 2101 1109 2147 eriperet
1122 2129 1132 2142 ,
1148 2100 1261 2148 injuste
1288 2111 1398 2148 ageret
1414 2112 1424 2135 :

40 2148 124 2182 adeo
140 2160 177 2183 ut
197 2147 229 2183 id
246 2147 357 2182 falsum
379 2150 516 2182 omnino
534 2147 580 2190 sit,
596 2152 646 2196 jus
668 2146 811 2181 naturale
832 2147 897 2183 sola
915 2147 1056 2182 utilitate
1081 2147 1140 2183 esse
1161 2149 1423 2196 ponderandum,

41 2198 144 2231 autin
162 2197 244 2231 statu
259 2200 445 2245 naturaefjus
462 2198 580 2244 cuique
597 2195 658 2231 ess'e
678 2198 711 2231 in
734 2199 857 2233 omnia.
879 2201 1003 2233 Verum
1027 2197 1084 2230 ista
1114 2209 1153 2230 ex
1178 2210 1255 2232 mox
1278 2197 1436 2240 dicendis

44 2242 124 2279 fient
141 2247 311 2292 apertiora.

92 2295 171 2327 Sunt
186 2297 220 2328 δε
236 2293 305 2333 aliae
320 2294 468 2340 quaedam
481 2306 607 2328 morum
626 2293 742 2342 regulae
752 2323 761 2337 ,
778 2306 895 2343 nempe
909 2295 960 2329 lex
974 2307 1046 2331 cum
1059 2296 1169 2330 divina
1182 2305 1261 2337 ‚tum
1272 2293 1420 2329 humana.

15 2349 16 2352 ’
45 2343 245 2388 Qanquam
260 2342 299 2375 ad
319 2342 425 2390 legem
441 2354 592 2377 aeternam
615 2348 647 2379 ἃ
671 2345 792 2377 rectam
819 2346 978 2378 rationem
993 2355 1036 2379 ere
1058 2343 1186 2392 possunt
1200 2346 1363 2378 revocati:
1382 2354 1429 2378 ne:

45 2390 123 2437 quid
145 2401 252 2424 tamen
265 2390 304 2423 ad
315 2403 443 2427 morum
454 2393 670 2440 cognitionem
683 2389 889 2429 neceffarium
899 2391 1030 2430 omifiss'c
1046 2393 1210 2431 videamur
1221 2421 1229 2434 ,
1240 2392 1279 2425 dc
1300 2393 1339 2425 iis
1353 2403 1424 2440 pcr-

16 2463 18 2507 *W
45 2450 148 2488 pauca
170 2439 323 2474 dicemus,
1198 2441 1227 2476 C
1240 2453 1255 2474 c
1266 2452 1282 2474 c
