1857 2745
364 117 426 151 ,44
832 97 1275 146 T'RA'CTATUS

361 164 434 188 cat:
453 162 513 185 nec
525 161 633 184 tamen
647 159 684 182 ea
699 147 742 182 est
756 159 884 183 tanturn
903 146 1128 182 denominatio
1147 146 1336 184 extrinseca.
1354 148 1444 185 Nam
1458 151 1562 199 paries
1584 149 1676 187 albus
1699 153 1755 201 qui

359 201 451 236 alteri
463 197 567 232 similis
587 198 705 231 dicitur
719 226 729 240 ,
741 199 846 246 potius
858 194 996 232 *aforma
1006 195 1179 232 intrinseca
1189 226 1199 241 ,
1209 195 1264 232 seu
1275 195 1316 231 ab
1327 196 1479 234 albedine
1488 198 1546 235 fibi
1563 200 1754 246 inhaerente,
1768 236 1771 238 ,

357 260 496 297 quaeque
511 246 557 280 est
576 245 663 281 causa
675 258 730 281 cur
747 246 842 281 alteri
851 243 960 282 similis
970 247 1095 280 dicatur
1107 274 1116 288 ,
1127 247 1228 294 quam
1240 245 1281 281 ab
1296 259 1429 282 externa
1441 247 1548 284 forma
1560 250 1761 288 denomina-

357 310 406 333 tur
417 312 424 333 ε
437 298 594 331 t:·rminus
613 298 735 344 quippe
747 296 788 330 est
798 307 927 331 tantum
937 295 1083 330 conditio
1093 294 1155 330 fine
1172 308 1237 343 qua
1254 309 1320 330 non
1342 295 1419 332 effer
1431 297 1556 333 relatio.

389 346 570 387 Postremo,
586 346 751 380 rein-onis
767 348 978 380 nominenon
996 344 1206 393 intelligimus
1216 358 1426 394 aggregatum
1436 347 1603 394 quoddam
1630 359 1688 396 per
1699 360 1754 383 ac-

355 396 464 431 cidens
480 394 593 443 exlubj
617 396 680 438 Cro,
696 394 914 429 fundamento
937 396 1131 431 &termino
1143 409 1150 430 :
1163 406 1375 443 praeterquam
1394 399 1481 431 enim
1500 398 1585 432 entia
1599 409 1656 445 per
1668 399 1753 431 acci-

355 446 465 480 cidens
476 443 495 479 a
505 447 676 493 categoriis
689 444 898 479 excluduntur
907 473 916 486 ,
933 457 999 478 non
1018 444 1117 478 video
1132 444 1299 491 quomodo
1311 448 1484 492 paternitas
1497 451 1529 482 δε
1544 445 1658 480 filiatio
1669 447 1765 481 intit.

353 495 385 530 se
400 495 547 543 opponi,
562 506 618 528 aut
628 493 647 529 ἐι
662 493 692 528 se
704 495 849 528 invicem
868 493 1020 542 distingui
1031 491 1156 541 poisent
1171 522 1180 536 ‚
1193 506 1266 527 curn
1281 506 1419 542 utraque
1438 507 1540 530 unum
1553 495 1684 531 &idem
1698 494 1755 530 fo-

353 555 404 579 ret
416 554 627 592 aggregatum
641 556 679 578 ex
691 541 835 592 subjecto
849 571 858 584 ,
873 542 1087 577 fundamento
1108 548 1141 578 ὃ(
1154 544 1302 577 termino.

392 596 508 640 Itaque
522 593 554 626 id
571 603 672 626 unum
685 592 781 626 restat
792 621 806 636 ,
820 604 855 626 ut
872 591 988 626 relatio
1003 591 1081 627 nihil
1102 591 1139 626 sit
1157 590 1211 626 nifi
1223 590 1492 637 fundamentum,
1514 604 1673 641 quatenus
1685 592 1751 627 res..

349 644 450 690 picit,
468 654 525 676 aut
547 653 705 677 connotat
716 644 896 677 terminum
909 640 989 684 3.seu
1004 670 1014 685 ‚
1027 653 1062 676 ut
1074 641 1248 689 loquuntur
1265 669 1275 684 ,
1294 642 1412 677 relatio
1425 654 1461 677 ut
1475 645 1509 678 in
1521 643 1614 677 reiro
1631 640 1702 676 casu
1716 647 1752 680 ὃς

351 690 526 727 intrinsece
541 690 796 726 fundamentum
812 690 1136 733 includit‚terminum
1154 692 1186 725 in
1201 688 1339 737 obliquo
1350 720 1360 734 ‚
1377 697 1411 728 δε
1425 691 1598 727 extrinsece
1624 703 1750 726 conno-

351 752 400 776 tat
412 772 422 786 ,
439 752 476 776 ut
493 741 534 775 de
547 739 710 776 relatione
730 738 999 775 transcendentali
1015 740 1165 775 diximus.
1189 741 1240 773 Sic
1263 739 1379 775 relatio
1397 740 1560 775 facultatis
1579 738 1687 774 vifivae
1709 740 1767 775 ad*

350 790 475 826 colores
495 790 541 824 est
558 790 674 825 eadem
687 789 823 824 facultas
836 818 845 832 ‚
855 800 1016 836 quatenus
1030 799 1188 823 connotat
1203 785 1409 823 effentialiter
1419 790 1551 825 colores.
1575 787 1682 824 Simili
1695 800 1748 822 ra..

351 842 444 875 tione
462 841 644 887 categorica
656 839 772 873 relatio
795 839 838 872 est
851 838 1101 872 fundamentum
1115 849 1152 871 ut
1161 835 1289 884 respicit
1299 836 1389 872 sunm
1406 842 1580 874 terminum
1595 867 1605 882 ,
1629 836 1682 872 sed
1694 849 1748 871 ac-

350 889 531 924 cidentario
545 900 673 923 tantum
688 917 697 932 ,
715 901 784 922 non
801 885 1007 923 effentialitcr
1025 901 1033 922 :
1048 897 1185 934 quaeque
1195 897 1308 920 contra
1319 886 1419 935 objici
1431 887 1577 936 possunt,
1588 892 1656 934 jam
1676 886 1748 922 sunt
1763 904 1766 905 ⁷

348 937 465 972 soluta.

386 988 483 1022 Circa
508 987 759 1023 fundamentum
774 984 940 1021 relationis
958 986 992 1021 id
1015 987 1115 1021 etiam
1135 986 1236 1032 quaeri
1253 983 1335 1019 solet
1346 1014 1356 1028 ,
1380 997 1421 1019 an
1439 998 1502 1020 una
1519 984 1635 1022 relatio
1652 983 1746 1033 possit

350 1034 411 1070 esse
424 1035 554 1069 alterius
571 1035 836 1070 fundamentum.

384 1085 472 1130 Resp.
503 1083 597 1120 Nihil
614 1082 744 1117 obstare
766 1083 938 1130 quominus
958 1093 1020 1116 una
1037 1081 1153 1119 relatio
1169 1097 1242 1119 cum
1259 1082 1360 1118 altera
1372 1082 1576 1118 conferatur:
1593 1081 1633 1117 sic
1648 1084 1742 1117 unius

349 1134 488 1168 hominis
519 1135 691 1181 paternitas
714 1144 786 1166 cum
799 1130 927 1165 alterius
951 1133 1169 1178 paternitate,
1191 1133 1245 1169 vel
1260 1145 1332 1166 curn
1347 1131 1411 1166 alia
1425 1132 1585 1166 relatione
1599 1132 1743 1166 conferri

350 1183 465 1230 porest3
483 1194 618 1228 tumque
636 1193 772 1230 exurget
788 1179 904 1214 relatio
920 1181 1098 1215 identitatis
1112 1211 1121 1225 ‚
1139 1194 1194 1217 aur
1208 1180 1408 1217 diverfitatis.
1436 1183 1511 1217 Nec
1528 1181 1742 1216 metuendum

350 1232 395 1265 est
413 1244 453 1265 ne
471 1234 503 1265 in
519 1229 731 1266 relationibus
748 1231 842 1265 detur
876 1227 1053 1278 progressus
1071 1233 1104 1265 in
1122 1231 1286 1267 infinitum
1309 1260 1318 1273 ,
1344 1243 1418 1265 cum
1444 1242 1542 1267 novae
1563 1229 1738 1266 relationes

350 1293 416 1316 non
427 1280 486 1316 suit
499 1280 731 1329 homogeneae.‚
747 1278 799 1315 seu
810 1277 949 1326 ejusdem
960 1277 1097 1326 speciei,
1106 1279 1159 1315 sed
1172 1279 1317 1316 diversae.

796 1378 1180 1417 ARTICULUS
1232 1380 1312 1414 111.

844 1477 899 1510 De
910 1474 1046 1522 flcbjetflo
1064 1478 1249 1513 Relationis.

349 1574 472 1658 DE
486 1587 598 1610 natura
614 1575 779 1611 relationis
807 1575 942 1611 diximus
955 1605 965 1620 ‚
981 1587 1120 1622 eamque
1141 1573 1223 1610 nihil
1247 1573 1313 1609 effe*
1327 1585 1445 1622 praeter
1463 1575 1713 1611 fundamentum
1724 1603 1735 1619 ,

449 1636 603 1671 quatenus
626 1628 800 1660 terminum
819 1625 1112 1668 connotat,multis
1125 1626 1319 1673 argumentis
1335 1623 1544 1660 ostendimus.
1571 1627 1668 1661 Nunc
1688 1623 1737 1658 se-

349 1675 468 1719 quitur,
488 1685 522 1707 ut
533 1675 571 1708 de
582 1676 617 1707 iis
628 1687 699 1721 quse
712 1675 858 1722 adjundta
875 1673 946 1710 sunt
957 1674 1127 1716 relationi,
1138 1673 1179 1706 de
1192 1672 1336 1720 subjecto
1357 1674 1508 1707 nimirum
1535 1678 1568 1709 &
1592 1674 1748 1707 termino*

350 1720 529 1756 differamus
545 1752 553 1766 ,
573 1729 605 1760 &
618 1725 719 1757 varias
737 1752 745 1765 ,
772 1735 844 1770 quae
863 1726 989 1758 moveri
1015 1722 1118 1758 solent
1137 1719 1381 1769 quaestiunculas
1397 1749 1408 1764 ‚
1436 1720 1537 1769 quam
1549 1724 1732 1770 poterimus

348 1769 536 1806 brevissime
549 1778 580 1808 &
592 1783 739 1807 accurate
752 1773 983 1820 expendamus.

381 1823 488 1867 Atque
499 1833 534 1855 ut
548 1821 588 1855 ab
604 1820 671 1869 ipso
681 1820 825 1869 subjesto
835 1822 997 1857 ordiamur
1009 1852 1018 1866 ‚
1030 1818 1208 1857 meminisse
1226 1831 1358 1867 oportet
1372 1818 1565 1854 relationem
1582 1820 1732 1853 accidens

346 1870 512 1914 quoddam
523 1869 583 1904 effe
597 1870 852 1919 nietaphyficum
862 1900 872 1914 ‚
886 1871 1064 1917 quodlicet
1086 1869 1166 1904 nulli
1176 1868 1329 1902 inhaereat
1339 1866 1541 1914 subjedtQut
1552 1879 1622 1913 quae
1642 1867 1726 1916 phy-

344 1917 403 1952 fica
425 1920 572 1953 dicuntur
593 1919 771 1953 accidentia
783 1946 792 1959 ,
803 1929 912 1952 tamen
923 1918 1066 1965 subjecto
1075 1917 1168 1950 alicui
1180 1913 1276 1950 ineffe
1287 1944 1296 1958 ‚
1315 1916 1414 1962 idque
1425 1916 1634 1950 denominare
1652 1928 1730 1951 con-

344 1970 473 2015 cipitur.
488 1968 588 2004 Unde
597 1966 700 2002 solent
712 1968 777 2001 duo
791 1969 826 2001 in
842 1965 1000 2001 relatione
1014 1966 1205 2015 distinguere
1220 1993 1229 2007 ,
1246 1976 1345 1998 unum
1357 1962 1509 2009 generale
1529 1969 1563 2000 &
1583 1976 1656 1999 cum
1674 1977 1737 1999 re-.

343 2016 435 2063 liquis
447 2017 703 2065 praedicamentis
719 2019 996 2062 commune,quod
1011 2027 1132 2050 vocant
1145 2017 1197 2059 else
1212 2017 1245 2048 in
1258 2031 1266 2057 3
1278 2012 1363 2047 aliud
1375 2014 1404 2046 ei
1419 2014 1581 2062 proprium
1593 2042 1602 2056 ‚
1612 2019 1645 2050 δε
1656 2014 1735 2062 spe-—

344 2066 483 2109 cilicum,
497 2066 584 2113 quod
594 2068 646 2111 rffi
660 2066 705 2099 ad
721 2064 887 2114 appellant
899 2078 907 2099 :
919 2065 964 2099 est
976 2067 1062 2100 enim
1077 2065 1110 2098 id
1128 2063 1277 2098 relationi
1287 2063 1450 2111 proprium
1465 2073 1499 2096 ut
1515 2063 1554 2096 ad
1575 2061 1660 2097 aliud
1676 2075 1732 2097 re->

344 2115 475 2151 feratur.
493 2116 524 2149 Id
543 2118 653 2162 utique
672 2110 781 2162 palam
801 2114 848 2148 est
861 2113 1026 2148 relationis
1044 2113 1238 2162 subjectum,
1261 2111 1350 2160 quod
1365 2110 1407 2145 ab
1421 2124 1457 2145 ea
1473 2111 1700 2146 denominatur
1714 2139 1726 2155 ,

347 2163 406 2197 else
420 2163 624 2212 suppositum.
641 2166 693 2199 Sic
706 2164 806 2199 homo
816 2164 858 2198 est
868 2162 1044 2210 subhecturn
1055 2163 1140 2208 quod
1150 2175 1196 2205 ,ut
1203 2164 1304 2204 aiunt,
1324 2162 1535 2209 paternitatis,
1551 2172 1607 2195 ant
1616 2172 1724 2208 aequa-

345 2212 427 2246 litui
438 2227 443 2242 ι
454 2231 463 2257 ·,
475 2217 632 2261 quantitas
645 2227 722 2249 vero
736 2243 745 2256 ,
758 2212 808 2247 seu
821 2213 1066 2248 fundamentum
1080 2213 1122 2247 est
1135 2210 1314 2246 sumerum
1333 2224 1393 2256 qno
1403 2209 1605 2256 aequalitatis.

371 2263 447 2307 Jim
465 2265 613 2308 quaeritur
624 2293 633 2306 ‚
642 2277 683 2300 an
693 2267 780 2301 Deus
790 2261 969 2310 subje&um
981 2262 1145 2300 relationis
1156 2265 1183 2298 el
1199 2273 1216 2296 e
1232 2258 1326 2310 poffit
1338 2276 1347 2304 3
1362 2272 1403 2296 an
1413 2258 1570 2294 referatur
1580 2259 1621 2294 ad
1632 2271 1722 2302 crea.-⁴

347 2320 441 2345 turas.
468 2314 516 2346 Sit
527 2314 628 2361 igitur.

1612 2409 1721 2441 ‘Unica
