1857 2745
644 109 684 142 M
704 109 738 143 O
757 107 790 142 R
807 108 835 143 A
857 108 884 144 L
900 109 914 142 Ι
932 110 963 144 S.
1454 130 1483 155 ,ι-

101 161 142 197 de
153 158 245 194 rebus
259 157 469 207 expetendis,
490 167 546 192 aut
560 156 729 205 fugiendis,
753 159 841 194 Nam
857 158 897 191 ad
915 159 1037 194 rectam
1062 158 1336 194 deliberationem
1351 165 1384 197 ὃ(
1395 127 1478 209 judis

99 211 181 244 cium
189 210 371 256 optimum,
391 207 623 256 principiorum
642 206 814 242 moralium
830 207 1047 257 intelligentia
1070 213 1105 245 ὃς
1123 221 1229 243 rerum
1245 213 1478 257 praeteritarum

85 259 252 294 memoria
265 259 352 301 ‚imo
367 257 581 294 &dexteritas
593 256 743 304 quaedam
766 255 818 291 vel
836 255 981 301 solertia,
1006 258 1058 292 seu
1080 257 1217 293 facilitas
1238 261 1429 295 inveniendi
1444 269 1478 299 ἃς

97 308 299 355 excogitandi
314 307 445 350 media,
469 304 746 342 suntnecelsatiae:
765 304 881 353 quibus
900 309 1001 342 etiam
1021 319 1100 355 opus
1119 309 1162 342 est
1176 307 1216 342 ad
1231 310 1318 343 reete
1331 310 1479 357 judican-

83 356 191 399 dum,
208 367 276 391 tum
287 356 454 391 docilitate
466 385 476 399 ,
495 361 529 392 δι
542 356 685 403 quodam
698 356 910 391 ratiocinandi
926 354 981 391 usu
997 385 1008 400 ‚
1039 358 1096 404 qui
1112 359 1246 392 rationis
1268 371 1391 394 nomen
1418 359 1477 396 sibi

84 405 236 441 ·vindicat
248 420 256 441 :
270 418 308 440 ex
320 407 416 440 variis
434 407 524 441 enim
539 406 742 453 praecognitis
758 405 837 452 quid
848 404 935 440 fastu
952 404 986 441 fit
999 407 1160 455 optimum
1170 435 1181 450 ,
1194 405 1331 455 colligit.
1357 409 1408 443 Ad
1424 422 1476 444 re-

82 454 146 488 ¹&e
157 455 412 503 praecipiendum
424 483 434 498 ,
456 466 513 490 aut
528 454 752 502 imperandum
770 456 876 503 primo
892 454 1026 491 idoneus
1046 453 1118 490 finis
1133 457 1342 504 comparandi
1361 458 1476 493 modus

94 503 136 538 est
145 502 367 549 adhibendus,
386 506 477 541 &iis
492 517 561 552 quae
578 503 792 552 ptaevidentur
808 503 918 539 futura
940 505 1204 539 accommodatus
1225 518 1233 540 z
1260 506 1347 552 quod
1366 508 1476 554 utique

91 551 135 586 est
148 553 359 600 providentiae
374 570 383 597 ·,
400 565 471 589 tum
483 565 552 601 quae
565 555 700 603 negotio
720 553 877 601 adjuntfikae
891 553 962 589 sunt
980 554 1208 589 circunstantiae
1219 582 1229 597 ,
1253 552 1323 588 sunt
1337 554 1476 603 diligen,

81 599 155 635 :tius
167 600 370 651 inspiciendae
385 603 494 650 3quod
504 603 547 637 est
560 602 874 652 circumspectionis:
892 603 1022 639 tandem
1037 605 1143 638 cautio
1158 603 1201 637 est
1215 601 1400 638 adhibenda
1415 633 1425 647 ‚
1439 618 1475 641 ut

89 662 160 698 quae
173 649 282 687 obeffe
297 652 423 701 possunt
440 652 674 701 impedimenta
698 651 915 696 declinemus,
934 665 987 688 aut
1002 664 1239 689 removeamus

134 702 180 734 Ex
198 702 234 734 iis
247 703 426 750 prudentia:
435 700 581 750 partibus
592 702 738 749 quaedam
751 699 823 736 sunt
835 701 930 736 dotes
941 704 1041 737 animi
1058 702 1079 738 a
1093 713 1206 738 natura
1220 703 1400 737 conuenitae
1414 732 1424 747 ,
1440 715 1477 739 ut

87 746 215 784 solertia
227 778 238 793 ,
252 750 304 785 seu
316 751 506 794 dexteritas,
515 762 570 784 aut
582 752 682 785 animi
692 750 839 785 celeritas
850 751 891 785 ad
902 752 1011 786 media
1023 751 1237 800 excogitanda
1250 764 1258 786 ι
1275 731 1338 786 [ive
1351 751 1401 786 hae
1413 753 1475 787 dis.

78 800 248 845 :putationi
260 827 270 842 ‚
288 798 352 835 five
369 801 492 835 affloni
501 798 688 837 inserviant.
700 799 787 834 Cum
797 811 906 835 autern
916 813 987 848 quae
998 800 1099 836 latent
1112 830 1121 844 ‚
1146 805 1268 848 majore
1286 800 1474 850 circumspe-

78 847 197 881 -etione
207 848 395 897 indagamus
405 878 416 893 ‚
426 861 481 885 aut
491 848 679 885 infuturum
695 848 903 897 prospicimus
914 879 924 894 ‚
951 862 1018 885 turn
1029 853 1079 886 vis
1091 850 1146 885 illa
1158 848 1244 897 quasi
1256 847 1473 887 subolfacien-

75 895 140 938 rdi,
157 894 308 944 sagacitas
319 900 515 933 nominatur.
534 900 587 932 Sic
602 899 759 945 judicium
771 898 896 941 dicitur,
910 902 1035 982 ‹fftime
1052 900 1072 935 ἐι
1088 910 1202 934 natura
1221 911 1405 947 comparata
1422 913 1473 935 ra-

87 945 135 979 tio
155 957 249 980 :curn
261 945 380 981 scilicet
395 958 485 982 tanta
501 947 544 981 est
557 948 678 995 ingenii
692 949 739 981 vis
752 975 763 989 ‚
779 957 816 980 ut
827 949 915 980 acuti
941 958 1005 981 ima
1020 960 1160 996 quaeque
1185 949 1352 995 pervadat.
1370 951 1472 984 Doci-

86 991 159 1027 litas
178 993 224 1027 est
236 993 373 1030 facilitas
386 995 750 1043 percipiendi-,cumque
760 994 801 1028 ad
810 1007 918 1029 mores
943 998 1136 1031 transfertur
1147 1025 1158 1040 ,
1188 1008 1227 1030 ea
1246 997 1288 1031 est
1303 1009 1406 1044 prona
1428 999 1470 1033 ad

85 1040 270 1077 discendum
285 1044 435 1078 voluntas
447 1072 458 1084 ,
483 1055 546 1091 qua
557 1055 650 1078 mens
662 1045 843 1091 patientem
853 1042 983 1078 culturae
995 1057 1103 1080 aurem
1119 1046 1360 1080 accommodat.
1378 1049 1472 1095 lnge..

75 1091 175 1126 >nium
185 1090 265 1126 vero
280 1104 394 1128 omnes
409 1104 463 1126 eas
481 1094 574 1127 dotes
589 1091 817 1140 complestitur
833 1107 842 1134 3
856 1102 953 1138 atque
965 1092 1050 1128 illius
1065 1094 1124 1128 dos
1137 1095 1298 1141 praecipua
1312 1094 1358 1128 est
1372 1098 1471 1130 animi

75 1139 232 1174 celeritas
243 1168 253 1184 ,
271 1152 326 1176 aut
343 1140 468 1178 solertia
485 1157 494 1185 3
513 1144 560 1177 vis
576 1143 729 1177 nimirum
747 1142 827 1175 acris
839 1145 874 1177 &
885 1139 1045 1189 perspicax
1059 1170 1069 1185 ,
1099 1141 1246 1186 actuosa,
1272 1141 1389 1177 habilis
1403 1173 1412 1187 ,
1440 1147 1472 1181 in

75 1201 199 1224 vonines
213 1201 349 1226 eventus
362 1191 517 1239 expedita
527 1220 536 1234 ,
550 1203 623 1238 qua:
639 1190 789 1226 facienda
800 1190 924 1232 videat,
933 1195 968 1227 &
985 1192 1025 1225 ad
1035 1203 1186 1240 optatum
1198 1190 1297 1226 finem
1308 1193 1470 1239 perducat.

85 1239 138 1272 Sic
149 1237 346 1288 ingeniosum
356 1241 490 1276 dicimus
502 1240 685 1276 Salomonis
703 1241 737 1275 in
750 1251 785 1274 re
797 1238 951 1288 perplexa
962 1241 1115 1290 judicium
1132 1258 1140 1285 3
1158 1252 1248 1276 acute
1263 1241 1367 1285 dieta,
1380 1248 1415 1280 &
1430 1255 1469 1278 ex

84 1296 235 1336 tempore
246 1317 256 1331 ‚
276 1289 437 1338 ingeniosa
454 1289 668 1339 appellamus.-

124 1338 171 1372 Est
186 1338 296 1385 itaque
313 1342 481 1388 ingenium
502 1341 551 1373 vis
568 1338 623 1373 illa
638 1338 735 1375 solers
751 1343 784 1375 δέ
799 1337 914 1375 efficax
928 1352 1124 1388 quocunque
1141 1342 1266 1375 animus
1284 1340 1469 1376 destinave-

74 1387 124 1419 =tit
135 1414 144 1429 ,
165 1397 254 1420 certo
264 1389 496 1435 perveniendi:
514 1387 553 1423 sic
562 1400 646 1422 artes
655 1390 769 1423 om'nes
783 1390 917 1437 ingenio
941 1400 1088 1437 acceptas
1103 1389 1283 1425 referimus,
1297 1392 1469 1438 Ingenium

73 1434 276 1482 “plerumque
289 1448 362 1470 curn
370 1436 487 1484 judicio
503 1436 746 1472 confundimus.
757 1438 856 1473 Unde
866 1438 1059 1472 Aristoteles
1072 1437 1274 1485 ingeniosum
1284 1450 1394 1480 vocat,
1407 1443 1465 1486 qui

73 1484 171 1517 seete
180 1484 301 1529 judicat
315 1513 324 1527 ,
345 1489 378 1521 &
397 1485 486 1532 quod
503 1497 578 1519 vere
601 1483 725 1519 bonum
752 1485 814 1528 est,
842 1485 941 1534 eligit.
966 1488 1025 1520 Vis
1046 1497 1156 1519 autem
1171 1485 1469 1534 illa&perspicaci-

84 1542 130 1566 tas
151 1535 270 1566 mentis
281 1561 290 1576 ‚
309 1546 372 1580 qua
390 1533 443 1568 vel
460 1532 662 1569 minutiffima
677 1534 880 1581 pervidemus
897 1563 907 1577 ,
928 1534 1084 1581 judicium
1112 1533 1303 1581 plerumque
1320 1536 1467 1583 appella-

84 1591 132 1615 tut
152 1594 159 1615 ε
176 1581 258 1616 adeo
275 1593 309 1616 ut
323 1585 404 1616 ratio
415 1611 422 1625 ‚
434 1584 585 1629 judicium
596 1584 806 1631 &ingenium
819 1585 851 1617 in
867 1583 955 1618 idern
970 1583 1039 1618 fere
1055 1581 1242 1619 collineent.
1255 1585 1307 1617 Sic
1318 1584 1465 1620 docilitas

83 1635 117 1666 &
136 1632 294 1665 memoria
310 1633 362 1666 vix
375 1630 500 1679 poss'unt
520 1631 796 1679 separari3'atque
817 1631 872 1666 has
890 1644 1004 1668 omnes
1027 1633 1128 1666 animi
1146 1631 1239 1666 dotes
1254 1631 1318 1667 una
1336 1638 1465 1682 conjun-

83 1680 148 1714 &as
167 1681 288 1728 ingenii
302 1682 434 1715 nomine
453 1681 709 1729 coniplc’stimur.

128 1730 228 1763 Porro
242 1729 334 1763 dotes
350 1731 450 1764 animi
466 1730 506 1764 ad
522 1731 725 1778 prudentiam
736 1729 891 1777 requisitae
904 1759 913 1773 ‚
927 1731 1086 1765 memoria
1102 1741 1205 1763 rerum
1221 1732 1464 1777 praeteritarum,

80 1776 298 1825 intelligentia
316 1778 517 1826 praesentium
530 1807 538 1821 ,
563 1785 596 1815 &
611 1780 816 1826 providentia
837 1779 1014 1814 futurarum
1037 1780 1255 1813 continentur.
1280 1780 1369 1813 Nam
1397 1793 1465 1827 quae

81 1827 202 1873 agenda
214 1824 283 1861 sunt
294 1840 366 1861 cum
388 1830 424 1861 iis
437 1840 506 1874 qux
518 1830 590 1863 adta
607 1828 675 1862 sunt
685 1841 719 1863 ut
730 1828 901 1912 *imum
916 1828 1076 1862 cohaerent
1090 1857 1098 1870 ‚
1123 1832 1155 1863 ὃ(
1168 1839 1205 1860 ex
1218 1825 1367 1861 fimilibus
1389 1841 1464 1863 cau-

82 1873 116 1908 (ῖς
127 1875 259 1910 effeetus
270 1888 400 1924 quoque
414 1875 594 1911 consimiles
604 1877 748 1912 nascuntt
785 1906 793 1913 .
803 1878 885 1912 adeo
898 1889 932 1912 ut
943 1878 1021 1923 quid
1038 1876 1183 1911 futurum
1195 1874 1230 1910 fit
1245 1904 1255 1918 ,
1276 1875 1329 1911 nisi
1343 1889 1380 1910 ex
1391 1890 1464 1925 prae-

82 1925 368 1972 teritis,tanquam
387 1939 427 1962 ex
443 1928 641 1976 praecognitis
652 1927 796 1974 judicare
808 1940 873 1962 non
893 1925 1054 1974 possimus.
1074 1929 1278 1973 ·Qanquam
1292 1925 1412 1960 summa
1424 1939 1464 1962 ex

80 1973 311 2009 circunstantiis
325 1977 427 2010 oritur
446 1978 478 2010 in
494 1977 631 2025 negotiis
644 1977 784 2011 varietas
795 2005 806 2019 ,
822 1988 893 2022 quae
911 1988 1063 2023 magnum
1075 1974 1164 2010 usum
1182 1980 1216 2010 δε
1227 1987 1298 2008 acre
1306 1976 1463 2022 judicium

81 2021 226 2069 postulat.
243 2025 341 2060 Unde
352 2025 541 2060 Aristoteles
555 2025 652 2059 docet
666 2030 800 2076 juvenes
820 2026 1011 2060 Geometria
1033 2031 1068 2061 ὃς
1086 2023 1153 2069 aliis
1170 2022 1342 2072 disciplinis
1363 2024 1465 2060 imbui

80 2069 184 2118 polle,
205 2073 376 2121 prudentes
390 2086 501 2111 autem
522 2087 595 2109 raro
614 2076 775 2119 inveniti,
797 2075 892 2123 quod
903 2073 1098 2123 prudentia,
1125 2070 1180 2107 usu
1203 2078 1239 2110 ·&
1262 2074 1464 2122 experientia

81 2131 295 2168 comparetur.

118 2170 230 2215 Qate
238 2172 464 2219 pernoscendae
483 2173 555 2208 sunt
574 2176 721 2221 negotii,
739 2173 828 2220 quod
845 2173 888 2208 est
901 2174 933 2208 in
951 2171 1118 2216 manibus,
1144 2185 1256 2207 omnes
1276 2173 1465 2209 circunstan-

83 2219 307 2263 tiae‚'naruta‚
323 2222 470 2258 conditio
485 2241 493 2267 3
511 2222 626 2269 quibus
645 2222 825 2258 rationibus
834 2222 1182 2270 juvati‚autimpediri
1201 2220 1294 2269 poffit
1308 2239 1317 2266 3
1329 2220 1466 2258 seucon‘

83 2264 185 2300 silium
198 2279 235 2301 ex
246 2281 393 2318 tempore
406 2269 441 2306 fit
450 2273 645 2320 capiendum
655 2301 664 2315 ,
685 2271 735 2306 seu
751 2283 877 2319 tempus
887 2272 927 2306 ad
941 2270 1185 2305 deliberandum
1200 2270 1357 2319 suppetat·
1375 2274 1463 2308 Nam

75 2313 105 2348 <si
115 2317 246 2363 cognitu
259 2318 430 2353 neceffaria
446 2333 504 2356 nos
524 2321 652 2370 fugiant
667 2351 675 2364 ‚
693 2321 916 2369 imprudenter
931 2325 964 2356 &
984 2331 1107 2355 temere
1126 2321 1262 2368 agimus.
1291 2321 1393 2367 Q1od
1408 2334 1463 2355 au-

77 2375 151 2399 ·1em
165 2364 276 2400 multae
295 2368 488 2415 expediendi
507 2373 633 2420 negotii
648 2373 788 2407 rationes
804 2369 892 2407 simul
910 2380 1077 2405 occurrant
1095 2371 1204 2405 animo
1224 2398 1234 2414 ,
1258 2369 1288 2404 id
1303 2369 1382 2418 saepe
1397 2383 1463 2405 non
