1857 2745
435 141 848 180 TRACTATUS
889 136 1137 179 TERTIUS.
1432 152 1484 184 599

641 241 754 274 Prima
777 236 950 283 Conclusio.

107 359 112 362 -
149 338 266 373 Anima
285 335 428 384 separata
443 341 476 373 δε
490 335 606 371 sentire
630 336 759 384 potest,
790 340 823 371 δι
839 333 913 368 loco
934 335 1071 369 moveri.

127 414 129 416 .
151 384 315 421 Probatur
330 397 400 432 pars
428 382 635 419 conclusionis
646 386 742 432 prior.
754 386 890 419 Animus
903 384 937 417 in
950 393 1085 430 corpore
1099 381 1262 418 conclusus
1274 387 1305 418 84
1319 380 1411 416 sentit
1427 407 1437 422 ,
1458 384 1491 417 δέ

109 433 205 468 dolet
216 461 226 475 ,
247 438 279 470 δέ
298 432 432 469 laetatut.
448 435 537 469 Nam
549 446 663 481 corpus
677 432 799 468 nonest
813 431 972 466 sentiendi
988 432 1182 480 principium
1193 459 1203 475 ‚
1236 431 1286 467 sed
1305 430 1492 465 instrumen-

111 492 185 516 tum
198 482 353 516 duntaxat
369 482 480 526 3dolet
490 481 676 517 autlaetatur
690 484 814 516 animus
833 509 843 523 ‚
858 493 923 514 non
937 482 1079 528 corporis
1093 480 1195 515 moles
1212 494 1219 516 :
1235 493 1312 529 ergo
1332 477 1413 513 nihil
1432 475 1493 510 ob-

118 530 178 565 stat
190 532 362 577 quominus
379 532 503 565 animus
520 530 538 566 ὲ
554 543 690 579 corpore
705 530 857 580 sejunctus
870 558 879 572 ,
909 539 965 563 aut
980 528 1089 563 doleat
1102 556 1113 570 ‚
1134 542 1190 564 aut
1203 530 1336 564 laetetur.

150 582 222 613 Imo
238 578 306 613 fieri
320 580 422 626 potest
443 592 477 613 ut
492 581 642 628 gaudium
665 584 697 616 δε
710 579 862 628 ttgtitudo
874 588 1017 612 extrema
1034 575 1092 612 fint
1103 607 1112 620 ‚
1135 576 1189 612 ubi
1206 579 1347 626 corporis
1363 576 1497 611 societa-

114 638 152 661 te
166 640 232 662 non
249 628 503 675 interpellantur.
527 630 615 663 Nam
626 641 706 676 pura
720 627 789 663 sunt
803 633 836 663 δέ
856 624 1031 663 firmiffima
1048 627 1145 660 animi
1154 628 1270 675 judicia
1282 656 1290 669 ,
1309 624 1497 673 atqueillius

115 678 213 724 *vigor
224 679 366 724 corporis
380 677 542 724 pondere,
560 688 614 711 aut
627 676 761 712 turbidis
775 674 949 725 passionum
970 673 1112 709 motibus
1125 688 1190 710 non
1213 675 1384 723 impeditur
1400 690 1407 715 3
1430 685 1499 707 tum

119 727 188 759 vim
214 723 300 759 suam
320 737 452 760 omnem
479 728 514 760 in
534 725 566 760 id
584 726 672 773 quod
684 736 792 768 amat,
819 723 979 773 impendit
998 740 1007 766 5
1024 735 1163 771 cumque
1172 725 1203 758 id
1221 725 1307 772 quod
1325 722 1383 758 fibi
1396 723 1500 764 deest,

117 772 249 820 adipisci
263 775 390 820 nequit,
401 773 573 822 languescit
585 801 593 814 ‚
610 780 643 810 δε
662 772 843 808 incredibili
859 771 972 807 dolore
987 773 1154 808 cruciatur.

158 821 259 868 Qod
271 832 379 856 autem
393 824 520 856 moveri
534 820 632 871 poffit
641 824 761 857 animus
774 822 795 856 ὲ.
806 820 1193 870 corpotesejunetusssinc
1209 819 1416 869 liquet‚quod
1430 831 1502 853 om·-

121 871 170 905 nis
184 882 267 918 pene
281 882 389 905 motus
408 873 551 918 corporis
566 869 608 905 ab
632 873 742 906 animo
762 873 890 906 oriatur.

162 919 227 953 Sed
238 921 378 965 opponit
389 921 620 967 Pomponatius
630 931 669 955 ex
684 919 855 954 Aristotele
868 948 878 962 ‚
898 916 1086 953 indivisibile
1103 920 1229 952 moveri
1240 929 1305 952 non
1317 915 1413 965 posse.

160 967 248 1015 Resp.
262 968 293 1000 id
306 967 392 1003 forte
406 980 518 1002 verum
532 966 592 1002 effe
606 968 648 1001 de
661 968 784 1015 punito
796 967 1028 1002 mathematico
1039 995 1048 1009 ,
1059 979 1124 1002 non
1132 966 1173 1000 de
1182 965 1350 1001 substantia
1362 963 1504 1014 spiritali,

124 1027 195 1063 quae
206 1014 423 1051 extensionem
441 1045 451 1059 ‚
471 1016 711 1063 utloquuntur‚
726 1015 826 1051 habet
836 1015 1016 1050 virtualem.
1038 1015 1140 1062 Qod
1162 1013 1182 1048 sl
1201 1015 1329 1056 lumen,
1347 1026 1403 1048 aut
1418 1013 1505 1061 spiri-

125 1075 175 1099 tus
194 1063 300 1097 vitalis
317 1067 348 1099 in
367 1077 499 1112 corpore
509 1076 592 1113 pene
603 1066 636 1098 in
653 1066 773 1113 pumiko
785 1066 938 1113 temporis
950 1075 1119 1098 moveatur
1131 1092 1140 1106 ‚
1166 1076 1208 1099 an
1225 1062 1403 1097 dubitamus
1414 1073 1506 1096 men-

126 1124 194 1147 tem
212 1111 387 1158 separatam
398 1141 408 1156 ,
427 1125 490 1160 qua
505 1113 585 1148 nihil
596 1112 736 1148 velocius
750 1141 759 1155 ‚
781 1111 959 1148 incredibili
975 1111 1142 1146 celeritate
1152 1112 1228 1146 ferri
1242 1122 1252 1148 ξ
1268 1112 1316 1144 Ac
1330 1113 1446 1145 mirum
1459 1109 1506 1142 est

127 1161 162 1194 id
182 1158 276 1195 nobis
292 1160 390 1211 objici
400 1160 440 1195 ab
459 1161 592 1196 homine
601 1164 656 1207 qui
673 1161 833 1196 Aristoteli
849 1162 890 1195 est
908 1165 1045 1208 juratus,
1077 1173 1148 1194 cum
1169 1159 1351 1195 Aristoteles
1377 1170 1508 1192 omnem

128 1220 256 1244 motum
270 1208 409 1245 anatura
419 1208 549 1258 spiritali
562 1209 717 1255 deducat,
736 1210 821 1244 adeo
830 1221 868 1244 ut
878 1208 964 1243 coelo
977 1206 1032 1256 ipfi
1043 1212 1191 1244 motrices
1205 1207 1434 1256 intelligentias
1450 1206 1508 1241 ad-

130 1255 253 1292 hibeat.

652 1306 799 1342 Secunda
816 1305 991 1351 Conclusto.

175 1408 291 1441 Anima
302 1403 442 1451 separata
459 1431 468 1446 ,
485 1408 518 1439 ὅ(
533 1402 663 1452 seipsam
687 1408 721 1440 &
737 1402 799 1436 alia
814 1401 914 1437 multa
932 1402 1097 1452 intelligit.

170 1453 331 1487 Probatur
345 1454 371 1484 C
373 1452 450 1487 oncl.
466 1455 602 1498 Qanto
614 1450 781 1499 objectum
789 1451 832 1486 est
852 1453 954 1486 menti
977 1453 1176 1500 conjunCtius
1189 1480 1198 1494 ,
1224 1461 1314 1486 tanto
1325 1451 1425 1483 acrius
1440 1462 1512 1497 per,

134 1504 251 1550 cipitur
270 1518 278 1544 ;
305 1499 356 1534 sed
373 1502 480 1534 anima
491 1502 533 1534 est
549 1499 704 1543 sibi‚utita
719 1500 1128 1547 tdicam‚proxima;neque
1143 1500 1225 1534 adeo
1238 1498 1300 1532 ulla
1311 1501 1448 1546 imagine
1465 1501 1512 1532 in-

136 1551 226 1599 diget
239 1562 273 1584 ut
291 1547 421 1595 seipsam
436 1551 599 1597 percipiat.
609 1551 690 1584 Non
706 1550 792 1583 enim
803 1550 976 1597 imaginem
986 1547 1186 1596 exigunt-,nisi
1195 1559 1230 1582 ut
1242 1546 1409 1594 objetstum
1424 1548 1514 1592 quod

137 1597 263 1647 longius
278 1596 415 1632 dissitum
429 1597 553 1640 est‚aut
562 1599 665 1633 minus
679 1608 926 1644 attemperatum
937 1625 945 1639 ‚
959 1596 1103 1631 facultati
1116 1598 1289 1630 admoveat
1300 1624 1309 1638 ,
1327 1607 1380 1629 aut
1393 1595 1447 1641 ipsi
1460 1608 1513 1629 ac-

138 1646 382 1682 commodatum
397 1643 522 1680 efficiat.
538 1644 597 1681 Etsi
607 1648 691 1681 enim
703 1646 779 1680 dum
791 1657 881 1679 mens
895 1647 927 1680 in
942 1658 1077 1692 corpore
1096 1644 1278 1686 includitur,
1295 1657 1359 1678 non
1373 1642 1434 1677 sese
1450 1643 1515 1677 cla-

140 1707 174 1730 ra
187 1701 219 1732 &
230 1695 581 1742 distintfilatognitione
595 1697 770 1730 intueretur
785 1723 794 1737 ‚
811 1707 884 1728 cum
909 1704 1018 1728 tamen
1038 1692 1073 1729 sit
1090 1693 1148 1729 fibi
1167 1692 1222 1741 ipsi
1238 1694 1351 1726 intime
1364 1691 1493 1738 praesens
1506 1722 1515 1735 ,

140 1743 205 1779 fine
215 1742 282 1777 ullo
296 1742 515 1790 phantasmate
528 1741 559 1777 se
577 1755 738 1791 utcunque
754 1742 906 1790 intelligit
923 1771 933 1785 ‚
960 1747 992 1779 δε
1007 1743 1054 1776 est
1078 1742 1132 1777 suae
1148 1742 1354 1790 cogitationis
1367 1739 1423 1775 fibi
1439 1753 1516 1775 con-

143 1791 223 1828 scia:
246 1789 366 1826 tametsi
375 1802 548 1839 corporum
558 1791 790 1827 consuetudine
806 1791 943 1838 abrepta
962 1793 1015 1827 vix
1039 1792 1071 1826 in
1088 1790 1150 1825 sese
1176 1794 1278 1824 aciem
1303 1789 1431 1836 dirigat.
1453 1790 1517 1823 Sed

143 1839 200 1875 ubi
212 1838 311 1875 soluta
321 1839 363 1873 est
374 1837 394 1873 ὰ
404 1852 538 1887 corpore
550 1868 561 1883 ,
574 1852 635 1875 nec
652 1851 700 1874 tot
717 1838 940 1876 funetionibus
957 1842 989 1874 in
1006 1839 1128 1875 diversa
1138 1837 1314 1875 nitentibus
1330 1838 1518 1881 distrahitur,

145 1901 213 1924 tum
224 1886 346 1936 sibiipsi
362 1888 404 1921 est
414 1886 581 1924 notissima.

179 1939 311 1973 Notitia
322 1938 492 1983 animiqua
503 1939 597 1971 novit
606 1936 635 1971 se
647 1935 801 1978 vivere,se
813 1935 995 1985 intelligere
1007 1966 1016 1980 ,
1030 1936 1240 1972 abdicatione
1249 1936 1355 1983 potius
1373 1935 1519 1968 omnium

148 1984 287 2021 sensuum
303 1984 404 2032 quam
417 1997 472 2032 per
484 1984 585 2020 sensus
599 1984 743 2021 habetur.
757 1986 881 2020 Mentis
891 1986 933 2019 est
945 1988 1030 2020 enim
1041 1986 1082 2021 de
1092 1983 1225 2020 sensibus
1233 1984 1384 2032 judicare,
1398 1995 1462 2017 non
1476 1981 1518 2016 ab

149 2036 187 2068 iis
207 2035 348 2082 judicati.
377 2033 555 2069 Discrimen
573 2033 672 2082 ipsum
689 2046 755 2081 quo
772 2032 802 2068 se
819 2032 839 2069 ὲ
864 2033 1000 2069 sensibus
1020 2033 1154 2083 sejungit
1169 2062 1178 2076 ,
1201 2046 1267 2068 non
1283 2029 1324 2065 ab
1347 2031 1384 2064 iis
1398 2042 1521 2065 mutua-

148 2088 210 2118 tur.
242 2084 325 2129 Qis
350 2094 417 2117 non
437 2084 613 2130 experiatur
634 2084 667 2117 in
697 2081 794 2130 seipso
810 2081 907 2130 longe
926 2082 1038 2118 clarius
1059 2083 1089 2117 se
1104 2081 1179 2116 scire
1192 2110 1200 2125 ,
1225 2080 1301 2127 quid
1325 2078 1361 2112 sit
1384 2081 1521 2122 veritas,

151 2130 229 2178 quid
242 2129 590 2177 sapientia‚qu:'-im'quid
602 2130 645 2165 fit*
655 2131 742 2166 calor
752 2142 805 2164 aut
818 2130 922 2178 frigus.
936 2134 1025 2167 Nam
1039 2142 1074 2166 ut
1084 2134 1128 2166 ait
1140 2133 1188 2164 vir
1197 2127 1318 2163 doCtiss'.
1332 2126 1352 2160 sl
1371 2129 1402 2162 in
1415 2129 1451 2161 iis
1465 2140 1522 2161 ex-

154 2178 306 2227 plicandis
328 2180 520 2226 quandoque
536 2179 697 2213 laboratur
717 2207 727 2220 ,
749 2179 781 2212 id
796 2177 832 2213 fit
843 2178 1018 2214 verborum
1043 2182 1173 2227 penuria
1190 2207 1199 2220 ,
1227 2188 1280 2211 aut
1304 2177 1521 2223 ingruentium

154 2225 410 2274 phantasmatum
432 2226 535 2263 turba,
558 2229 639 2264 Non
655 2229 752 2275 igitur
771 2228 977 2262 metuendum
998 2239 1041 2262 ne
1067 2230 1175 2262 anima
1194 2226 1214 2260 ἐι
1231 2236 1366 2272 corpore
1385 2224 1523 2272 sejuntsta

156 2287 223 2310 non
236 2274 406 2317 intelligat.

205 2323 306 2369 Qod
322 2319 453 2356 flanima
467 2323 605 2371 separata
630 2323 761 2372 seipsam
775 2321 925 2371 intelligit
936 2351 945 2365 ‚
971 2320 1094 2358 necesse
1103 2323 1146 2357 est
1157 2321 1259 2358 utalia
1270 2319 1436 2370 permulta,
1451 2334 1522 2356 cum

158 2370 276 2419 quibus
286 2372 621 2420 cognationemhabet
632 2385 689 2412 aut
697 2371 887 2410 relationem
899 2401 910 2417 ,
924 2371 1091 2419 intelligat·
1110 2371 1196 2408 Cum
1215 2372 1301 2405 enim
1318 2382 1407 2410 mens
1415 2371 1524 2405 nostra

1227 2418 1320 2453 Ffff
1354 2421 1372 2465 ij
