1857 2745
577 120 618 153 M
639 120 674 154 O
692 118 816 154 R'A'L
833 119 846 153 Ι
862 119 904 155 S(
1384 131 1437 163 23„

91 167 235 216 confirm·
251 182 275 204 1.
289 168 435 203 Ratione
448 177 546 214 quam
560 169 695 203 §andrus
709 168 854 203 Thomas
868 167 961 204 affert
972 182 1031 217 r.p.
1043 182 1075 219 q.
1097 171 1143 206 82.
1160 182 1188 207 a.
1203 185 1225 207 1.
1239 172 1290 209 Ut
1306 157 1436 210 intelle'-

49 221 118 256 &us
132 215 306 253 necessario
318 223 352 255 &
363 215 559 252 naturaliter
569 219 682 265 primis
700 219 866 265 principiis
884 216 1045 255 assentitur
1060 249 1070 263 ,
1081 219 1120 254 sic
1132 219 1283 256 voluntas
1300 223 1436 259 necessa-

45 270 94 309 rio
103 266 255 302 ultimum
273 266 372 303 finem
391 267 518 313 expetit
532 267 641 313 :quod
656 270 742 302 enim
758 267 804 301 est
818 266 838 302 ἓι
859 280 971 303 natura
984 298 994 313 ‚
1014 270 1102 304 idem
1115 269 1163 303 est
1185 270 1434 308 determinatum

47 322 81 354 &
99 315 270 355 definitum
284 346 294 360 ,
307 313 477 351 immobile
496 320 530 352 ὃ(
543 315 792 351 fundamentum
810 319 958 352 omnium
968 331 1037 366 quae
1054 321 1100 352 rei
1113 321 1323 355 conveniunt.
1344 323 1433 357 Nam

45 376 161 403 natura
177 365 323 414 cujusque
337 367 382 399 rei
398 363 443 398 est
454 364 543 411 quod
564 367 706 412 primum
723 368 760 400 in
776 377 812 399 ea
828 368 1006 415 concipitur
1020 397 1030 412 ,
1051 373 1084 405 δ(
1100 367 1185 402 unde
1200 372 1305 403 omnis
1325 383 1433 408 motus

4 427 6 446 1
45 414 102 451 vel
113 415 200 449 actio
215 413 431 462 proficiscitur.
442 416 527 462 Ergo
540 426 632 449 arnor
650 414 859 450 beatitudinis
872 443 879 457 ‚
897 419 945 451 uti
961 422 994 453 δε
1006 418 1152 466 cognitio
1165 419 1396 466 principiorum
1412 422 1434 456 ἐι

46 474 159 500 natu-ra
172 491 182 502 ‚
193 476 260 498 non
278 463 299 499 ἐι
308 462 413 498 libero
425 461 566 498 hominis
580 463 714 499 arbitrio
727 466 831 512 repeti
841 464 941 499 debet
953 480 961 501 :
972 478 1071 513 atque
1084 476 1118 500 ut
1127 465 1354 510 conclusiones,
1365 481 1433 515 quae

2 543 5 546 .
45 515 264 561 ex-principiis
278 523 449 554 eruuntur,
461 512 502 545 ad
521 515 695 557 rationem3
706 512 745 547 lic
758 526 826 560 quae
838 512 986 563 eligimus
997 542 1012 558 „
1026 526 1161 563 quaeque
1176 517 1209 550 in
1223 515 1432 554 consultatio-

43 573 122 597 nem
132 563 270 597 veniunt
281 591 291 605 ,
308 562 349 596 ad
365 559 504 596 liberum
515 561 682 597 arbitrium
697 565 872 610 pertinent.

85 609 204 655 Confir.
213 626 237 647 2.
257 611 416 648 Voluntas
432 611 466 644 in
480 611 518 643 iis
532 623 603 658 quae
618 613 685 660 agit
697 610 798 646 libere
809 640 817 654 ‚
829 613 897 661 agit
908 622 945 646 ut
962 611 1110 648 voluntas
1123 642 1132 656 ,
1154 619 1187 650 &
1207 615 1337 651 domina
1360 616 1432 652 suo-

43 671 113 695 rum
123 661 250 695 actuum
262 675 270 696 t
282 660 338 695 sed
349 663 382 695 in
395 661 432 692 iis
447 671 518 706 quae
531 660 598 694 vult
612 658 786 696 necessario
796 689 805 703 ,
821 665 854 696 &
873 672 911 696 ex
926 661 1063 696 naturali
1080 664 1293 699 inclinatione
1304 694 1314 708 ,
1328 677 1363 700 ut
1376 679 1433 701 na-

43 719 116 742 rura
135 720 260 744 tantum
279 720 443 757 operatur3
454 721 520 742 non
539 711 614 755 quia
623 709 706 751 vult,
720 707 772 742 sed
783 712 857 756 quia
871 711 914 745 est
929 726 937 752 3
951 709 1002 745 seu
1012 713 1086 758 quia
1101 723 1139 746 ex
1154 724 1273 747 naturae
1287 712 1346 748 suae
1358 727 1433 751 con*-

42 757 166 793 ditione
179 758 225 792 est
241 758 280 791 ad
296 771 394 793 unum
411 757 626 792 determinata
640 771 647 791 :
669 770 748 805 ergo
765 770 835 805 quae
850 756 1153 802 necessariossadem
1171 775 1236 797 non
1251 760 1356 798 libere
1371 778 1432 799 vo-

40 805 152 841 lurnus-
178 808 269 844 Nam
283 807 431 842 utidocet
440 806 471 840 S.
483 805 627 840 Thomas
637 821 658 843 1.
668 819 702 854 p.
720 819 753 853 q.
765 821 817 851 4¹·
831 807 987 843 .voluntas
998 809 1041 843 est
1049 811 1241 858 principium
1252 824 1356 846 eorum
1365 826 1431 860 qnae

39 856 160 904 pofflmt
170 856 219 901 fic
240 856 296 890 vel
307 856 406 890 aliter
427 855 480 901 effe
492 868 501 890 ς
513 867 619 890 eorum
628 867 808 903 auremquae
823 869 884 891 non
897 858 1020 905 possunt
1035 859 1092 904 nist
1099 858 1226 905 stcff’‚
1233 864 1431 910 principium

42 914 164 939 natura
179 904 230 949 est.

51 962 54 965 ·
78 951 174 987 Proh.
195 966 228 988 2.
249 952 398 988 Libertas
412 952 601 988 voluntatis
616 956 792 1001 opponitur
808 954 972 998 servituti,
997 959 1031 991 δε
1052 956 1243 1003 potestatem
1260 958 1313 994 seu
1327 959 1432 995 domi-

41 1003 133 1037 nium
155 1003 189 1037 in
204 1003 274 1036 suos
295 1003 384 1037 astus
411 1002 581 1037 iiitellectu
605 1000 661 1035 suo
683 1003 930 1051 compleffltur:
950 1004 1002 1038 sed
1021 1004 1169 1040 voluntas
1186 1019 1256 1053 quae
1272 1009 1312 1042 ad
1331 1022 1430 1044 unum

41 1050 240 1099 adstringitur
259 1055 294 1087 δε
308 1050 558 1092 determinatur,
581 1051 655 1084 huic
676 1054 723 1084 rei
738 1051 833 1086 servir
846 1080 855 1094 ,
883 1065 949 1087 non
961 1053 1165 1089 dominatur:
1189 1057 1274 1089 unde
1297 1059 1329 1092 S.
1340 1057 1432 1092 Tho-

40 1111 109 1134 mas
129 1112 151 1135 1.
165 1111 196 1147 p.
219 1112 320 1147 q.‚59.
340 1099 371 1133 id
389 1098 491 1133 solum
510 1097 631 1132 habere
655 1097 794 1133 liberum
817 1098 986 1134 arbitrium
1009 1101 1122 1143 docet,
1145 1104 1233 1147 quod
1261 1104 1431 1141 intelleaestu

40 1148 207 1197 praeditum
220 1149 264 1183 est
275 1177 285 1192 ‚
308 1153 343 1183 &
365 1145 529 1196 cognoscit
544 1149 702 1181 rationem
713 1146 926 1182 universalem
937 1147 1019 1183 boni
1036 1162 1043 1183 :
1058 1149 1163 1196 potest
1183 1153 1269 1187 enim
1284 1153 1358 1188 hinc
1371 1160 1424 1201 ju-

41 1197 147 1232 dicare
156 1196 219 1232 hoc
229 1196 284 1232 vel
295 1196 373 1231 illud
389 1195 450 1232 esse
471 1194 617 1232 bonum:
639 1206 723 1244 ergo·
731 1195 788 1230 ubi
801 1196 845 1231 est
862 1197 1016 1232 naturalis
1031 1197 1264 1236 determinatio
1276 1230 1285 1240 ‚
1305 1215 1358 1238 aut
1372 1215 1430 1238 ne-

41 1244 163 1282 cessitas
179 1275 189 1290 ‚
203 1245 250 1281 ibi
269 1259 334 1282 non
348 1245 395 1280 est
409 1243 637 1281 libertas2non
654 1247 744 1281 enim
751 1247 883 1294 proprie
906 1257 976 1282 tum
997 1248 1138 1295 agium,
1158 1246 1212 1283 sed
1233 1254 1380 1301 agimur,
1392 1264 1429 1287 ut

41 1294 107 1345 ipse
118 1295 260 1345 explicat
275 1308 314 1344 q.¹
333 1300 392 1331 60.
400 1305 461 1331 art.
479 1306 502 1330 1.
518 1323 521 1325 .

568 1344 716 1381 Secunda
739 1344 913 1391 Conclusio.
931 1368 933 1372 -

86 1441 308 1481 Indifferentia
323 1446 586 1483 contradictionis
599 1443 654 1478 vel
672 1446 817 1478 exercitii
828 1445 873 1478 est
884 1445 924 1478 de
936 1446 1062 1480 ratione
1082 1443 1252 1482 libertatis.

76 1493 262 1542 Priusquam
279 1495 361 1530 hanc
375 1494 514 1543 probare
527 1490 766 1527 conclusionem
785 1493 1000 1540 ingrediamur
1012 1519 1021 1534 ,
1038 1504 1150 1527 notare
1165 1498 1426 1542 operae-pretium

40 1543 141 1579 fuerit
159 1572 169 1587 ‚
187 1552 213 1576 ιο
233 1542 483 1579 indifferentiam
496 1543 593 1577 aliam
607 1538 667 1575 esse
679 1541 941 1575 contradictionis
952 1569 961 1583 ,
984 1540 1036 1575 vel
1049 1542 1192 1575 exercitii
1208 1571 1218 1585 ‚
1241 1555 1303 1590 qua
1320 1543 1428 1592 possu-

42 1604 115 1628 mus
129 1603 224 1641 agere
238 1622 247 1636 ,
257 1592 310 1627 vel
323 1606 392 1628 non
408 1604 503 1641 agere
519 1609 528 1634 3
541 1590 636 1625 aliam
648 1591 886 1624 contrarietatis
901 1618 911 1632 ‚
926 1600 979 1623 aut
995 1588 1243 1637 specificationis
1253 1620 1263 1634 ‚
1278 1605 1342 1640 qua
1356 1594 1428 1642 pos-

40 1640 147 1677 sumus
165 1642 249 1677 hunc
266 1641 320 1677 vel
333 1641 423 1676 illum
439 1643 550 1677 adium
566 1650 716 1673 exercere
729 1653 737 1674 :
750 1637 804 1672 illa
818 1640 905 1673 enim
918 1637 1048 1686 Physica
1063 1639 1176 1674 dicitur
1187 1668 1196 1683 ‚
1208 1639 1276 1675 haec
1284 1641 1427 1690 plerum-

43 1702 107 1738 que
119 1690 271 1736 moralis,
287 1703 350 1738 qua
367 1689 526 1738 possumus
548 1687 633 1723 bene
650 1699 705 1722 aut
721 1686 806 1722 male
825 1699 932 1735 agere.

83 1753 114 1775 z.
144 1740 367 1775 Indirierentia
379 1739 441 1774 alia
451 1740 494 1774 est
506 1735 625 1787 paffiva
639 1765 648 1779 ,
659 1749 731 1771 cum
752 1736 866 1770 eadem
887 1748 937 1770 res
954 1735 1056 1771 multa
1074 1738 1180 1785 potest
1204 1741 1354 1786 excipere
1366 1769 1375 1783 ,
1391 1752 1428 1775 ut

45 1791 182 1824 materia
200 1789 303 1837 plures
325 1789 445 1824 formas
458 1786 597 1824 :aliaest
613 1787 744 1829 afflva,
759 1797 822 1834 qua
831 1784 978 1822 effectrix
997 1784 1083 1820 causa
1100 1785 1204 1835 plures
1221 1787 1352 1823 effecius
1367 1802 1428 1838 po..

45 1837 105 1872 test
116 1838 305 1886 producere
866 1880 868 1883 ι

77 1889 135 1921 Ex
149 1889 189 1921 iis
199 1886 288 1936 pwb.
299 1886 393 1923 concl.
411 1900 422 1922 i
433 1895 446 1909 ⁰
459 1884 693 1923 Necessitatem
706 1883 848 1919 libertati
875 1894 1053 1933 repugnare
1065 1885 1254 1921 ostendimus
1275 1900 1285 1921 t
1305 1885 1357 1920 sed
1371 1886 1428 1920 ubi

44 1934 132 1971 nulla
155 1936 198 1970 est
216 1934 381 1972 neceffitas
394 1965 404 1980 ‚
420 1935 468 1970 ibi
486 1935 529 1970 est
554 1932 773 1971 indifferentia
791 1932 905 1969 saltem
927 1937 1075 1970 exercitii
1091 1952 1100 1979 3
1115 1947 1193 1984 ergo
1208 1934 1428 1971 indifferentia

45 1985 192 2020 exercitii
203 1985 249 2019 est
267 1986 306 2019 de
323 1987 450 2021 ratione
463 1983 632 2020 libertatis.

92 2041 125 2070 2⁰
147 2034 182 2068 ld
199 2033 337 2069 liberum
349 2035 465 2069 dicitur
476 2034 566 2082 quod
578 2033 621 2068 est
635 2036 669 2068 in
680 2031 787 2067 nostra
796 2032 953 2081 potestate
967 2046 974 2069 :
989 2031 1041 2067 sed
1054 2032 1137 2069 nihil
1151 2033 1234 2068 est‘in
1249 2033 1357 2068 nostra
1368 2046 1428 2082 poi

47 2082 175 2125 testate,
188 2084 277 2129 quod
294 2084 336 2118 est
358 2082 549 2126 definitum,
563 2091 618 2117 aut
632 2083 887 2117 determinatum
899 2111 909 2125 ‚
923 2082 1077 2129 quodque
1096 2096 1163 2118 non
1181 2080 1339 2130 possumus
1359 2096 1428 2120 non

47 2141 154 2178 agere.
170 2134 264 2168 -Nam
278 2144 313 2167 ut
331 2132 426 2167 docet
440 2135 469 2168 S.
494 2134 576 2180 Aug.
592 2131 663 2167 l.de
680 2131 791 2179 spiritu
810 2136 845 2168 &
866 2131 974 2165 littera
993 2143 1021 2166 c.
1037 2145 1072 2176 31.
1095 2131 1181 2165 illud
1191 2130 1231 2174 est
1249 2133 1281 2164 in
1296 2131 1429 2168 hominis

3 2192 4 2197 ¹
50 2180 197 2226 potestate
209 2181 346 2227 ‚quodfi
357 2182 450 2220 vult,
462 2181 563 2227 facin
572 2179 601 2226 st
618 2193 678 2214 non
688 2180 782 2218 vult,
801 2192 860 2215 non
859 2179 950 2224 facit
962 2195 972 2214 .·
988 2180 1128 2227 hincque
1148 2178 1311 2213 concludit
1327 2207 1338 2218 ,
1359 2194 1428 2216 cum

3 2237 4 2262 1
47 2227 179 2274 potestas
196 2230 313 2268 datur,
331 2243 391 2264 non
415 2233 532 2279 imponi
559 2228 774 2273 necessitatem.

94 2276 210 2320 Confir.
226 2281 271 2312 Ex
284 2279 401 2313 eodem
412 2278 521 2315 sangro
534 2279 700 2321 Doctore,
721 2280 776 2325 qui
790 2281 822 2314 in
837 2279 921 2314 libro
935 2280 975 2313 de
986 2288 1068 2327 grat.
1085 2282 1118 2314 δέ
1130 2276 1221 2314 liber.
1237 2275 1329 2312 arbit.
1350 2290 1427 2315 ean-

2 2324 4 2353 l
52 2324 128 2358 dem
136 2324 381 2362 indifferentiam
391 2328 510 2412 probat
525 2340 563 2364 ex
577 2340 618 2363 eo
631 2326 705 2362 loco
714 2326 921 2362 Ecclesiastici
938 2340 1038 2374 quern
1057 2327 1146 2375 supra
1157 2325 1322 2362 attulimus
1334 2357 1345 2371 ,
1369 2328 1427 2363 ubi

3 2385 4 2402 1
51 2372 165 2409 dicitur
180 2375 264 2420 quod
274 2375 360 2411 Dens
371 2389 389 2411 a

426 2379 518 2414 initio
543 2378 626 2424 fecit
644 2376 797 2413 hominem
810 2404 821 2418 ,
841 2376 880 2413 ῥ’
898 2377 1035 2424 reliquit
1059 2387 1129 2412 enm
1147 2379 1180 2411 in
1196 2389 1292 2411 manu
1308 2378 1429 2424 confilii
