1857 2745
359 145 427 189 308
802 147 1278 184 METAPHY51CAE

362 196 468 241 prima
481 222 490 237 ‚
509 193 585 229 cum
597 194 684 230 nulla
699 194 733 229 in
745 206 786 230 eo
802 194 839 242 fit
858 198 1007 244 potentia
1019 197 1061 230 ad
1071 196 1170 232 alium
1183 197 1292 231 achim
1302 223 1312 240 ,
1328 194 1378 229 seu
1390 196 1430 230 ad
1448 194 1535 230 aliud
1550 193 1619 230 else.
1640 197 1755 243 ltaque

364 244 506 276 materia:
521 242 655 278 nomine
668 240 822 290 quiddam
843 245 1050 293 intelligimus
1062 275 1071 289 ,
1084 246 1174 294 quod
1192 245 1280 283 nullo
1293 256 1412 293 genere
1430 247 1513 280 entis
1528 273 1538 287 ‚
1554 242 1664 279 saltem
1684 244 1756 280 sen-

364 289 464 325 sibilis
485 294 680 328 continetur.
695 295 784 328 Hinc
801 293 951 330 definitur
964 294 1005 329 ab
1021 295 1191 330 Aristotele
1212 294 1268 329 lib.
1285 308 1308 329 i.
1323 294 1363 327 de
1377 306 1450 341 gen.
1464 297 1604 342 primum
1615 296 1758 341 potentia

368 349 480 388 corpus
488 340 646 387 senfibile.
670 344 709 377 Et
725 342 803 377 alibi
817 371 823 381 ,
839 345 925 391 quod
935 357 1036 391 neque
1049 343 1090 389 est
1101 345 1200 391 quid,
1213 343 1275 378 hoc
1290 344 1332 377 est
1345 342 1516 378 substantia
1526 371 1535 386 ,
1547 355 1647 388 neque
1656 353 1752 388 quan-

369 394 453 426 ἵκω,
473 402 574 435 neque
585 392 700 438 quale,
724 405 827 439 neque
840 396 1012 439 quicquam
1030 391 1134 426 ebrum
1152 391 1266 439 quibus
1285 404 1337 427 ens
1356 392 1599 426 determinatur.
1624 389 1759 426 Nullum

367 438 456 472 enim
473 438 570 474 estex
584 440 697 475 decem
737 437 986 477 raedicamentiS.
1012 443 1066 476 Sic
1075 444 1128 476 via
1146 443 1339 476 remotionis
1364 452 1524 488 utcunque
1548 438 1756 487 intelligitur,

367 497 402 520 ut
413 498 463 520 res
480 499 620 535 quaeque
638 454 797 538 fiinplices
815 519 823 533 ‚
836 503 908 538 quae
924 503 981 539 per
1001 493 1211 540 negationem
1231 492 1365 538 exprimi
1382 489 1497 526 solent.
1520 490 1575 523 Sic
1603 489 1760 536 punffitum

366 533 482 571 definit
502 538 649 573 Euclides
663 568 672 582 ‚
694 543 783 584 cujus
805 551 881 584 pars
900 541 1006 575 malla.

403 585 469 618 Sed
485 586 600 622 clarius
614 586 670 624 lib.
685 601 695 622 i
728 588 818 637 Phys.
834 587 875 623 ab
891 601 932 623 eo
954 589 1107 625 definitur
1122 590 1256 623 materia
1269 591 1410 637 primum
1422 585 1598 633 sttbjeflnm
1621 587 1761 631 uniuscu-

368 635 483 679 jufiyue
523 649 561 669 ex·
584 649 643 680 quo
654 637 699 681 fit
721 639 870 684 aliquid,
898 651 968 672 cum
983 639 1056 685 infit
1072 667 1082 683 ‚
1107 638 1145 673 θ’
1162 651 1220 672 non
1239 648 1296 686 per
1315 635 1470 674 accidens,
1491 634 1563 672 Ubi
1588 637 1758 671 materiam

368 680 465 717 inesse
483 682 628 732 subjecto
645 688 751 720 innuit
764 715 773 729 ‚
791 686 896 735 ficque
907 687 927 722 ἐι
944 688 1127 736 privatione
1143 687 1358 734 distinguitur,
1382 688 1426 720 Ex
1442 688 1574 719 materia
1596 695 1706 718 autem
1727 690 1761 721 &

367 729 473 765 forma
487 731 685 769 substantiali
703 733 740 770 fit
757 738 856 771 unum
870 748 926 785 per
945 735 975 771 se
991 766 1000 780 ‚
1023 737 1086 771 hoc
1101 736 1166 779 est,
1192 747 1305 783 corpus
1325 736 1418 769 unius
1438 731 1593 776 eisentiae‚
1613 746 1681 769 non
1703 745 1760 768 ens

367 791 425 827 per
439 782 585 817 accidens
598 812 607 826 ,
627 795 663 818 ut
676 796 714 818 ex
734 788 871 819 materia
891 785 1026 820 secunda
1039 791 1072 822 δε
1090 785 1198 820 forma.
1214 784 1416 819 accidentali.
1438 786 1517 819 Non
1532 786 1636 818 miuus
1651 794 1761 817 autem

370 840 518 865 accurata
543 831 692 867 definitio
713 833 822 868 futura
843 835 913 879 est,
933 833 953 869 si
976 835 1106 883 reliquis
1135 831 1378 880 circumscriptis
1402 831 1573 868 definiatur
1591 860 1601 876 ‚
1618 834 1762 880 primum

370 880 609 927 uniuscujusque
618 880 804 926 sitbjeffum.

406 929 486 962 Haec
503 932 625 979 quippe
642 931 685 965 est
699 943 769 966 tota
779 934 923 966 materiae
935 943 1048 966 natura
1062 960 1072 974 ,
1090 943 1126 966 ut
1141 929 1274 978 subjecti
1297 928 1418 964 habeat
1429 931 1599 965 rationem.
1610 929 1662 965 Est
1672 930 1761 965 enim

369 979 505 1010 materia
521 979 557 1013 id
569 992 609 1014 ex
619 993 679 1026 qno
692 979 920 1025 ine.ee[sz¹entefit
935 981 1075 1026 aliquid.
1093 981 1190 1028 Aqua
1203 982 1237 1014 in
1254 979 1346 1014 fonte
1357 1007 1367 1022 ,
1385 978 1439 1014 vel
1451 981 1485 1014 in
1503 977 1574 1013 vase
1584 990 1698 1025 corpus
1714 978 1760 1013 est

368 1025 567 1074 completum
581 1045 589 1071 ·,
610 1031 643 1063 in
656 1029 779 1077 planta,
791 1031 928 1066 materia
939 1028 984 1063 est
1005 1034 1039 1065 &
1050 1031 1260 1078 principium.
1276 1030 1328 1063 Sic
1341 1027 1505 1063 elementa
1523 1030 1557 1063 in
1574 1026 1677 1075 seipsis
1695 1027 1763 1076 spe-

369 1075 456 1122 stata
469 1088 535 1111 non
548 1076 619 1112 sunt
634 1080 787 1126 principia
801 1109 810 1123 ‚
822 1077 873 1113 sed
884 1090 933 1112 res
947 1079 1120 1126 completae
1132 1096 1141 1123 3
1152 1078 1209 1112 ubi
1220 1079 1313 1113 mixti
1328 1076 1595 1126 compositionem
1614 1076 1760 1121 subeunt,

365 1127 432 1170 jam
444 1128 587 1159 materiae
598 1138 652 1161 aut
670 1129 801 1176 primae,
819 1139 854 1162 ut
863 1126 974 1162 multis
986 1127 1113 1163 videtur
1125 1157 1136 1172 ‚
1157 1139 1212 1163 aut
1232 1138 1362 1163 remotae
1383 1126 1496 1162 saltem
1519 1125 1642 1162 habent
1660 1129 1761 1161 ratio-

367 1182 459 1207 nem.

405 1221 490 1256 Cum
504 1227 570 1269 jam
586 1223 718 1272 publice
737 1236 905 1273 receptum
917 1224 952 1260 sit
969 1231 1002 1262 &
1019 1225 1209 1275 persuasum,
1221 1227 1391 1261 materiam
1403 1237 1612 1261 communem
1624 1226 1760 1262 &inde-

372 1275 580 1307 terminatam
594 1275 743 1310 erunibus
755 1276 869 1310 formis
887 1273 1044 1310 substerni
1057 1303 1065 1315 ‚
1078 1277 1160 1309 inter
1175 1273 1203 1309 se
1221 1277 1375 1309 acerrime
1385 1274 1601 1322 digladiantur
1613 1274 1761 1311 Philoso-

368 1319 424 1367 phi
438 1348 447 1363 ‚
461 1333 503 1355 an
520 1325 655 1357 materia
667 1327 710 1359 ita
724 1323 745 1359 fi
758 1336 834 1374 pura
844 1326 992 1371 potentia
1005 1353 1014 1367 ‚
1036 1336 1070 1359 ut
1086 1322 1208 1358 nullum
1219 1323 1337 1359 habeat
1351 1324 1459 1357 aetum
1469 1352 1478 1366 ,
1503 1335 1558 1357 aut
1591 1323 1759 1371 physicum

368 1377 423 1402 aut
439 1370 692 1419 metaphysicum
705 1402 713 1417 ,
735 1386 772 1408 ac
792 1372 854 1407 sola
869 1375 948 1406 citra
964 1372 1064 1407 ullam
1075 1373 1215 1407 formam
1232 1385 1298 1406 non
1320 1369 1418 1419 poffit
1435 1372 1571 1406 existere
1585 1385 1591 1405 :
1609 1374 1655 1407 ita
1670 1376 1760 1409 enim

367 1418 497 1452 videtur
511 1420 712 1465 Thomistis·,
728 1435 768 1457 an
780 1422 885 1469 potius
897 1423 1033 1455 materia
1053 1420 1139 1456 suam
1162 1419 1285 1455 habeat
1300 1419 1525 1462 existentiam,
1541 1421 1617 1455 licet
1633 1424 1760 1456 incom-

367 1465 490 1514 pletam
503 1497 511 1510 ‚
529 1481 631 1516 eaque
648 1469 683 1505 sit
697 1484 811 1520 expers
836 1471 940 1504 omnis
959 1471 1049 1505 astus
1068 1468 1212 1520 physici,
1231 1482 1299 1505 non
1319 1471 1398 1503 item
1421 1467 1631 1518 metaphyfici
1649 1499 1660 1516 ‚
1686 1483 1759 1519 quae

369 1514 528 1551 sententia
545 1522 748 1555 communior
763 1521 824 1555 est.

426 1568 498 1601 Nos
518 1565 588 1601 satis
600 1580 675 1617 apte
686 1570 792 1604 dirimi
810 1567 1064 1604 controversiam
1077 1566 1164 1617 poffe
1184 1568 1375 1603 arbitramur
1389 1599 1397 1612 ,
1409 1567 1428 1603 fi
1442 1570 1613 1603 materiam
1622 1570 1758 1617 primam

369 1628 442 1649 cum
469 1617 502 1650 P.
517 1616 692 1653 Honorato
708 1618 800 1653 Fabri
813 1617 934 1666 duplici
950 1617 1050 1653 modo
1062 1617 1300 1653 consideremus
1312 1648 1320 1662 ,
1331 1618 1387 1653 vel
1400 1615 1539 1666 phyfice‚
1550 1630 1704 1665 quatenus
1720 1631 1766 1654 ea-

368 1664 415 1697 est
426 1667 567 1711 corporis
585 1665 736 1702 sensibilis
748 1681 818 1716 pars
829 1696 839 1710 ,
851 1679 920 1714 qux
933 1669 1088 1715 potentiae
1099 1667 1201 1703 habet
1215 1670 1421 1710 rationem‚&
1436 1667 1590 1710 formam,
1607 1679 1642 1702 ut
1651 1669 1759 1705 aerum

368 1711 456 1747 suum
471 1713 674 1751 cffentialiter
687 1716 832 1766 respicit:
846 1715 899 1751 vel
921 1716 1140 1766 metaphysice
1150 1717 1395 1764 quodammodo
1410 1722 1443 1753 &
1461 1714 1608 1750 absolute
1619 1744 1629 1760 ,
1642 1729 1759 1764 quate-

368 1775 427 1797 nus
456 1768 595 1798 materiae
621 1769 732 1814 primae
752 1768 885 1802 nomine
905 1764 1115 1813 intelligimus
1139 1768 1242 1814 prima
1259 1779 1365 1801 rerum
1382 1766 1475 1800 initia
1488 1794 1498 1808 ,
1514 1777 1587 1812 quae
1604 1766 1756 1802 omnibus

368 1811 573 1847 fundamenti
586 1814 658 1849 loco
678 1814 911 1851 substernuntur
926 1843 936 1858 ,
954 1826 1014 1851 nec
1031 1814 1086 1849 sub
1109 1814 1211 1850 sensus
1236 1818 1372 1851 veniunt
1387 1830 1394 1851 :
1418 1815 1501 1848 adeo
1517 1826 1554 1848 ut
1575 1827 1612 1848 ea
1629 1818 1757 1852 ratione

367 1862 469 1909 magis
482 1862 522 1895 ad
533 1863 790 1914 Metaphysicarn
802 1895 812 1910 ‚
826 1862 926 1914 quiirn
944 1863 984 1898 ad
1003 1863 1169 1913 Physicarn
1184 1867 1377 1915 pertineant.
1402 1865 1464 1899 His
1482 1862 1590 1912 positis
1607 1862 1644 1899 fit

926 1965 1039 1999 Prima
1063 1963 1232 2009 Conclnfio.

415 2062 557 2095 Materia
578 2063 680 2107 prima
702 2072 739 2096 ut
752 2063 884 2097 materia
896 2061 941 2097 est
954 2091 963 2105 ‚
986 2061 1038 2097 seu
1052 2060 1228 2110 respeffive
1247 2062 1460 2102 considerata,
1480 2062 1526 2098 est
1542 2074 1619 2111 pura
1634 2071 1755 2109 potens

369 2109 413 2142 tia
423 2121 490 2158 quae
509 2111 671 2159 propriam
689 2122 758 2146 non
773 2109 875 2146 habet
884 2111 1102 2155 existentiam,
1118 2110 1302 2159 &separata
1312 2111 1355 2146 ab
1373 2115 1463 2147 omni
1481 2112 1588 2147 forma
1605 2123 1672 2146 non
1689 2124 1753 2159 po-,

370 2158 427 2191 test
451 2159 598 2194 existere.

402 2209 483 2243 Haec
504 2206 661 2244 conclusio
684 2221 752 2256 quae
773 2208 794 2246 ἐι
809 2208 916 2246 schola
943 2212 986 2247 D.
1001 2211 1140 2247 Tliomae
1160 2209 1346 2246 defenditur
1362 2238 1372 2254 ‚
1398 2211 1615 2259 explicatiore
1633 2211 1754 2258 magis,-

368 2267 465 2301 quam
483 2256 680 2306 probatione
695 2271 791 2307 eget:
819 2272 897 2296 nam
920 2259 1003 2296 bene
1028 2261 1196 2298 intellecta
1228 2261 1280 2296 vix
1301 2259 1401 2295 ullam
1430 2263 1552 2308 patitur
1574 2258 1752 2295 difficulta-

371 2315 446 2339 tem.

411 2354 551 2389 Materia
571 2358 657 2392 enirn
672 2369 711 2392 ex
720 2357 750 2394 se
765 2372 846 2409 vaga
857 2359 901 2394 est
919 2366 953 2398 &
965 2359 1162 2406 indifferens,
1178 2360 1268 2397 nul'o
1291 2371 1380 2395 certo
1396 2372 1515 2409 genere
1534 2359 1750 2409 comprehen-

367 2399 397 2434 sa
420 2419 429 2445 3
457 2414 556 2451 atque
586 2409 691 2442 omnis
709 2408 939 2449 determinatio
968 2409 1052 2457 illius
1073 2410 1093 2448 ἐι
1111 2410 1217 2448 forma
1243 2410 1392 2448 ducitur:
1416 2408 1467 2447 sed
1487 2422 1541 2447 ens
1570 2406 1750 2459 hujusmodi

1627 2469 1747 2507 vagum
