<?xml version="1.0" encoding="UTF-8"?>
<!DOCTYPE html PUBLIC "-//W3C//DTD XHTML 1.0 Transitional//EN"
    "http://www.w3.org/TR/xhtml1/DTD/xhtml1-transitional.dtd">
<html xmlns="http://www.w3.org/1999/xhtml" xml:lang="en" lang="en">
 <head>
  <title>
</title>
<meta http-equiv="Content-Type" content="text/html;charset=utf-8" />
  <meta name='ocr-system' content='tesseract 3.04.00' />
  <meta name='ocr-capabilities' content='ocr_page ocr_carea ocr_par ocr_line ocrx_word'/>
</head>
<body>
  <div class='ocr_page' id='page_1' title='image "./philosophiavetus01duhauoft_0171.png"; bbox 0 0 1857 2745; ppageno 0'>
   <div class='ocr_carea' id='block_1_1' title="bbox 83 118 1494 2368">
    <p class='ocr_par' dir='ltr' id='par_1_1' title="bbox 95 118 1494 614">
     <span class='ocr_line' id='line_1_1' title="bbox 502 118 1483 161; baseline 0.005 -5"><span class='ocrx_word' id='word_1_1' title='bbox 502 121 574 156; x_wconf 90' lang='lat' dir='ltr'>DE</span> <span class='ocrx_word' id='word_1_2' title='bbox 612 118 1115 159; x_wconf 69' lang='lat' dir='ltr'>PRAEDICAMEN&#39;PIS.</span> <span class='ocrx_word' id='word_1_3' title='bbox 1441 142 1449 161; x_wconf 84' lang='grc' dir='ltr'><em>ι</em></span> <span class='ocrx_word' id='word_1_4' title='bbox 1479 144 1483 155; x_wconf 61' lang='lat'>1</span> 
     </span>
     <span class='ocr_line' id='line_1_2' title="bbox 100 143 1494 223; baseline -0.002 -14"><span class='ocrx_word' id='word_1_5' title='bbox 100 171 176 210; x_wconf 57' lang='lat' dir='ltr'>‘sunt</span> <span class='ocrx_word' id='word_1_6' title='bbox 187 180 301 219; x_wconf 88' lang='lat' dir='ltr'>praeter</span> <span class='ocrx_word' id='word_1_7' title='bbox 311 168 401 218; x_wconf 85' lang='lat' dir='ltr'>hujus</span> <span class='ocrx_word' id='word_1_8' title='bbox 414 172 540 218; x_wconf 80' lang='lat' dir='ltr'>generis</span> <span class='ocrx_word' id='word_1_9' title='bbox 561 169 733 206; x_wconf 84' lang='lat' dir='ltr'>relationes</span> <span class='ocrx_word' id='word_1_10' title='bbox 756 181 848 205; x_wconf 84' lang='lat' dir='ltr'>:curn</span> <span class='ocrx_word' id='word_1_11' title='bbox 865 182 957 205; x_wconf 86' lang='lat' dir='ltr'>mens</span> <span class='ocrx_word' id='word_1_12' title='bbox 968 182 1041 217; x_wconf 84' lang='lat' dir='ltr'>quae</span> <span class='ocrx_word' id='word_1_13' title='bbox 1050 171 1122 207; x_wconf 83' lang='lat' dir='ltr'>sunt</span> <span class='ocrx_word' id='word_1_14' title='bbox 1140 182 1240 206; x_wconf 84' lang='lat' dir='ltr'>unum</span> <span class='ocrx_word' id='word_1_15' title='bbox 1254 177 1287 209; x_wconf 74' lang='grc' dir='ltr'>δε</span> <span class='ocrx_word' id='word_1_16' title='bbox 1303 173 1389 209; x_wconf 83' lang='lat' dir='ltr'>idem</span> <span class='ocrx_word' id='word_1_17' title='bbox 1403 172 1428 209; x_wconf 65' lang='lat' dir='ltr'>s&lt;</span> <span class='ocrx_word' id='word_1_18' title='bbox 1436 143 1494 223; x_wconf 30' lang='lat' dir='ltr'>piis</span> 
     </span>
     <span class='ocr_line' id='line_1_3' title="bbox 102 216 1491 272; baseline -0.001 -15"><span class='ocrx_word' id='word_1_19' title='bbox 102 232 157 257; x_wconf 58' lang='lat' dir='ltr'>tat</span> <span class='ocrx_word' id='word_1_20' title='bbox 167 247 178 263; x_wconf 92' lang='lat'><strong>,</strong></span> <span class='ocrx_word' id='word_1_21' title='bbox 190 226 224 258; x_wconf 88' lang='lat'>&amp;</span> <span class='ocrx_word' id='word_1_22' title='bbox 235 219 362 256; x_wconf 80' lang='lat' dir='ltr'><strong>confert</strong></span> <span class='ocrx_word' id='word_1_23' title='bbox 372 221 455 254; x_wconf 90' lang='lat' dir='ltr'>inter</span> <span class='ocrx_word' id='word_1_24' title='bbox 473 216 513 255; x_wconf 90' lang='lat' dir='ltr'>se.</span> <span class='ocrx_word' id='word_1_25' title='bbox 527 221 580 254; x_wconf 85' lang='lat' dir='ltr'>Sic</span> <span class='ocrx_word' id='word_1_26' title='bbox 589 221 621 254; x_wconf 92' lang='lat' dir='ltr'>in</span> <span class='ocrx_word' id='word_1_27' title='bbox 633 218 849 269; x_wconf 80' lang='lat' dir='ltr'>propositione</span> <span class='ocrx_word' id='word_1_28' title='bbox 871 218 1053 268; x_wconf 75' lang='lat' dir='ltr'>subJectum</span> <span class='ocrx_word' id='word_1_29' title='bbox 1066 233 1139 256; x_wconf 85' lang='lat' dir='ltr'>cum</span> <span class='ocrx_word' id='word_1_30' title='bbox 1156 220 1314 256; x_wconf 83' lang='lat' dir='ltr'>attributo</span> <span class='ocrx_word' id='word_1_31' title='bbox 1326 237 1334 257; x_wconf 81' lang='lat'>‚-</span> <span class='ocrx_word' id='word_1_32' title='bbox 1345 224 1379 258; x_wconf 90' lang='lat' dir='ltr'>in</span> <span class='ocrx_word' id='word_1_33' title='bbox 1393 222 1491 272; x_wconf 80' lang='lat' dir='ltr'>syllo-</span> 
     </span>
     <span class='ocr_line' id='line_1_4' title="bbox 95 266 1492 320; baseline 0.002 -16"><span class='ocrx_word' id='word_1_34' title='bbox 95 268 209 320; x_wconf 21' lang='lat' dir='ltr'>¹2gisrn0</span> <span class='ocrx_word' id='word_1_35' title='bbox 228 276 263 308; x_wconf 86' lang='lat'>&amp;</span> <span class='ocrx_word' id='word_1_36' title='bbox 277 266 510 319; x_wconf 77' lang='lat' dir='ltr'>propositiones</span> <span class='ocrx_word' id='word_1_37' title='bbox 526 274 560 306; x_wconf 71' lang='grc' dir='ltr'>ὅ(</span> <span class='ocrx_word' id='word_1_38' title='bbox 579 271 707 304; x_wconf 83' lang='lat' dir='ltr'>termini</span> <span class='ocrx_word' id='word_1_39' title='bbox 726 271 821 304; x_wconf 86' lang='lat' dir='ltr'>variis</span> <span class='ocrx_word' id='word_1_40' title='bbox 840 270 924 304; x_wconf 89' lang='lat' dir='ltr'>inter</span> <span class='ocrx_word' id='word_1_41' title='bbox 937 268 969 304; x_wconf 87' lang='lat' dir='ltr'>se</span> <span class='ocrx_word' id='word_1_42' title='bbox 993 271 1098 305; x_wconf 86' lang='lat' dir='ltr'>modis</span> <span class='ocrx_word' id='word_1_43' title='bbox 1125 282 1358 318; x_wconf 74' lang='lat' dir='ltr'>comparantur.</span> <span class='ocrx_word' id='word_1_44' title='bbox 1384 272 1492 307; x_wconf 68' lang='lat' dir='ltr'>Recte</span> 
     </span>
     <span class='ocr_line' id='line_1_5' title="bbox 100 314 1488 367; baseline 0.001 -14"><span class='ocrx_word' id='word_1_45' title='bbox 100 314 218 355; x_wconf 60' lang='lat' dir='ltr'>&gt;matrem</span> <span class='ocrx_word' id='word_1_46' title='bbox 230 320 386 354; x_wconf 85' lang='lat' dir='ltr'>admonet</span> <span class='ocrx_word' id='word_1_47' title='bbox 397 320 428 352; x_wconf 84' lang='lat' dir='ltr'>S.</span> <span class='ocrx_word' id='word_1_48' title='bbox 438 317 583 353; x_wconf 84' lang='lat' dir='ltr'>Thomas</span> <span class='ocrx_word' id='word_1_49' title='bbox 600 332 623 354; x_wconf 88' lang='lat'>1.</span> <span class='ocrx_word' id='word_1_50' title='bbox 637 332 667 367; x_wconf 89' lang='lat' dir='ltr'>p.</span> <span class='ocrx_word' id='word_1_51' title='bbox 679 332 713 366; x_wconf 89' lang='lat' dir='ltr'>q.</span> <span class='ocrx_word' id='word_1_52' title='bbox 731 322 772 355; x_wconf 84' lang='lat'>28.</span> <span class='ocrx_word' id='word_1_53' title='bbox 788 319 877 366; x_wconf 91' lang='lat' dir='ltr'>quod</span> <span class='ocrx_word' id='word_1_54' title='bbox 895 316 997 354; x_wconf 86' lang='lat' dir='ltr'>solum</span> <span class='ocrx_word' id='word_1_55' title='bbox 1010 321 1043 354; x_wconf 90' lang='lat' dir='ltr'>in</span> <span class='ocrx_word' id='word_1_56' title='bbox 1053 319 1101 354; x_wconf 89' lang='lat' dir='ltr'>his</span> <span class='ocrx_word' id='word_1_57' title='bbox 1113 331 1183 366; x_wconf 84' lang='lat' dir='ltr'>quae</span> <span class='ocrx_word' id='word_1_58' title='bbox 1205 318 1275 353; x_wconf 85' lang='lat' dir='ltr'>sunt</span> <span class='ocrx_word' id='word_1_59' title='bbox 1290 322 1336 353; x_wconf 75' lang='lat' dir='ltr'>ad</span> <span class='ocrx_word' id='word_1_60' title='bbox 1346 322 1488 367; x_wconf 77' lang='lat' dir='ltr'>aliquid,</span> 
     </span>
     <span class='ocr_line' id='line_1_6' title="bbox 99 365 1490 416; baseline 0.003 -15"><span class='ocrx_word' id='word_1_61' title='bbox 99 368 315 404; x_wconf 72' lang='lat' dir='ltr'>inveniuntur</span> <span class='ocrx_word' id='word_1_62' title='bbox 326 367 432 416; x_wconf 85' lang='lat' dir='ltr'>aliqua</span> <span class='ocrx_word' id='word_1_63' title='bbox 449 380 518 414; x_wconf 86' lang='lat' dir='ltr'>quae</span> <span class='ocrx_word' id='word_1_64' title='bbox 529 365 598 402; x_wconf 88' lang='lat' dir='ltr'>sunt</span> <span class='ocrx_word' id='word_1_65' title='bbox 609 367 781 403; x_wconf 84' lang='lat' dir='ltr'>secundum</span> <span class='ocrx_word' id='word_1_66' title='bbox 791 370 952 403; x_wconf 76' lang='lat' dir='ltr'>rationem</span> <span class='ocrx_word' id='word_1_67' title='bbox 964 380 1101 405; x_wconf 88' lang='lat' dir='ltr'>tantum.</span> <span class='ocrx_word' id='word_1_68' title='bbox 1125 371 1216 404; x_wconf 85' lang='lat' dir='ltr'>Nam</span> <span class='ocrx_word' id='word_1_69' title='bbox 1229 367 1344 403; x_wconf 87' lang='lat' dir='ltr'>relatio</span> <span class='ocrx_word' id='word_1_70' title='bbox 1354 371 1490 405; x_wconf 84' lang='lat' dir='ltr'>rationis</span> 
     </span>
     <span class='ocr_line' id='line_1_7' title="bbox 104 416 1491 466; baseline 0.003 -16"><span class='ocrx_word' id='word_1_71' title='bbox 104 416 152 451; x_wconf 85' lang='lat' dir='ltr'>est</span> <span class='ocrx_word' id='word_1_72' title='bbox 171 430 246 453; x_wconf 89' lang='lat' dir='ltr'>vete</span> <span class='ocrx_word' id='word_1_73' title='bbox 258 423 292 454; x_wconf 91' lang='lat'>&amp;</span> <span class='ocrx_word' id='word_1_74' title='bbox 304 418 433 466; x_wconf 84' lang='lat' dir='ltr'>proprie</span> <span class='ocrx_word' id='word_1_75' title='bbox 448 417 535 452; x_wconf 68' lang='lat' dir='ltr'>dieta</span> <span class='ocrx_word' id='word_1_76' title='bbox 548 417 664 452; x_wconf 82' lang='lat' dir='ltr'>relatio</span> <span class='ocrx_word' id='word_1_77' title='bbox 683 435 692 461; x_wconf 80' lang='lat'><em>3</em></span> <span class='ocrx_word' id='word_1_78' title='bbox 717 430 754 452; x_wconf 86' lang='lat' dir='ltr'>ac</span> <span class='ocrx_word' id='word_1_79' title='bbox 771 428 863 452; x_wconf 84' lang='lat' dir='ltr'>mens</span> <span class='ocrx_word' id='word_1_80' title='bbox 879 416 986 452; x_wconf 86' lang='lat' dir='ltr'>nostra</span> <span class='ocrx_word' id='word_1_81' title='bbox 1003 431 1104 453; x_wconf 93' lang='lat' dir='ltr'>unum</span> <span class='ocrx_word' id='word_1_82' title='bbox 1119 417 1161 450; x_wconf 88' lang='lat' dir='ltr'>ad</span> <span class='ocrx_word' id='word_1_83' title='bbox 1187 416 1272 451; x_wconf 89' lang='lat' dir='ltr'>aliud</span> <span class='ocrx_word' id='word_1_84' title='bbox 1296 417 1397 452; x_wconf 82' lang='lat' dir='ltr'>refert</span> <span class='ocrx_word' id='word_1_85' title='bbox 1409 447 1418 460; x_wconf 93' lang='lat'>,</span> <span class='ocrx_word' id='word_1_86' title='bbox 1434 431 1491 454; x_wconf 87' lang='lat' dir='ltr'>aut</span> 
     </span>
     <span class='ocr_line' id='line_1_8' title="bbox 96 464 1491 516; baseline -0.001 -17"><span class='ocrx_word' id='word_1_87' title='bbox 96 466 234 502; x_wconf 64' lang='lat' dir='ltr'>&gt;ordinat</span> <span class='ocrx_word' id='word_1_88' title='bbox 250 481 258 502; x_wconf 94' lang='lat'>:</span> <span class='ocrx_word' id='word_1_89' title='bbox 277 466 361 502; x_wconf 89' lang='lat' dir='ltr'>unde</span> <span class='ocrx_word' id='word_1_90' title='bbox 373 465 542 502; x_wconf 83' lang='lat' dir='ltr'>relationis</span> <span class='ocrx_word' id='word_1_91' title='bbox 553 469 636 501; x_wconf 89' lang='lat' dir='ltr'>ratio</span> <span class='ocrx_word' id='word_1_92' title='bbox 648 465 794 516; x_wconf 85' lang='lat' dir='ltr'>specifica</span> <span class='ocrx_word' id='word_1_93' title='bbox 805 495 816 510; x_wconf 89' lang='lat'>‚</span> <span class='ocrx_word' id='word_1_94' title='bbox 836 478 935 514; x_wconf 88' lang='lat' dir='ltr'>quam</span> <span class='ocrx_word' id='word_1_95' title='bbox 948 468 1106 513; x_wconf 83' lang='lat' dir='ltr'>vocatesse</span> <span class='ocrx_word' id='word_1_96' title='bbox 1122 465 1184 508; x_wconf 84' lang='lat' dir='ltr'>ad,</span> <span class='ocrx_word' id='word_1_97' title='bbox 1217 464 1290 500; x_wconf 92' lang='lat' dir='ltr'>huic</span> <span class='ocrx_word' id='word_1_98' title='bbox 1311 479 1401 513; x_wconf 85' lang='lat' dir='ltr'>aeque</span> <span class='ocrx_word' id='word_1_99' title='bbox 1413 480 1491 502; x_wconf 88' lang='lat' dir='ltr'>con-</span> 
     </span>
     <span class='ocr_line' id='line_1_9' title="bbox 105 514 1490 564; baseline 0.001 -15"><span class='ocrx_word' id='word_1_100' title='bbox 105 517 215 559; x_wconf 90' lang='lat' dir='ltr'>venit,</span> <span class='ocrx_word' id='word_1_101' title='bbox 232 528 269 550; x_wconf 89' lang='lat' dir='ltr'>ac</span> <span class='ocrx_word' id='word_1_102' title='bbox 281 515 361 550; x_wconf 87' lang='lat' dir='ltr'>reali</span> <span class='ocrx_word' id='word_1_103' title='bbox 376 514 545 551; x_wconf 86' lang='lat' dir='ltr'>relationi:</span> <span class='ocrx_word' id='word_1_104' title='bbox 563 516 649 563; x_wconf 90' lang='lat' dir='ltr'>quod</span> <span class='ocrx_word' id='word_1_105' title='bbox 665 517 705 550; x_wconf 88' lang='lat' dir='ltr'>de</span> <span class='ocrx_word' id='word_1_106' title='bbox 722 515 792 550; x_wconf 86' lang='lat' dir='ltr'>aliis</span> <span class='ocrx_word' id='word_1_107' title='bbox 811 515 1066 564; x_wconf 86' lang='lat' dir='ltr'>praedicatnentis</span> <span class='ocrx_word' id='word_1_108' title='bbox 1087 515 1152 549; x_wconf 91' lang='lat' dir='ltr'>dici</span> <span class='ocrx_word' id='word_1_109' title='bbox 1176 527 1244 549; x_wconf 90' lang='lat' dir='ltr'>non</span> <span class='ocrx_word' id='word_1_110' title='bbox 1270 515 1377 561; x_wconf 83' lang='lat' dir='ltr'>potest</span> <span class='ocrx_word' id='word_1_111' title='bbox 1394 529 1401 551; x_wconf 92' lang='lat'>:</span> <span class='ocrx_word' id='word_1_112' title='bbox 1423 529 1490 551; x_wconf 92' lang='lat' dir='ltr'>non</span> 
     </span>
     <span class='ocr_line' id='line_1_10' title="bbox 103 564 805 614; baseline 0.006 -16"><span class='ocrx_word' id='word_1_113' title='bbox 103 565 192 599; x_wconf 86' lang='lat' dir='ltr'>enim</span> <span class='ocrx_word' id='word_1_114' title='bbox 205 565 354 600; x_wconf 80' lang='lat' dir='ltr'>chimaeta</span> <span class='ocrx_word' id='word_1_115' title='bbox 369 564 471 600; x_wconf 89' lang='lat' dir='ltr'>habet</span> <span class='ocrx_word' id='word_1_116' title='bbox 486 567 646 600; x_wconf 84' lang='lat' dir='ltr'>rationem</span> <span class='ocrx_word' id='word_1_117' title='bbox 660 564 805 614; x_wconf 36' lang='lat' dir='ltr'>subjecti.</span> 
     </span>
    </p>

    <p class='ocr_par' dir='ltr' id='par_1_2' title="bbox 98 611 1493 908">
     <span class='ocr_line' id='line_1_11' title="bbox 138 611 1491 663; baseline 0.001 -15"><span class='ocrx_word' id='word_1_118' title='bbox 138 620 178 648; x_wconf 89' lang='lat'>2⁰</span> <span class='ocrx_word' id='word_1_119' title='bbox 192 613 325 648; x_wconf 84' lang='lat' dir='ltr'>Relatio</span> <span class='ocrx_word' id='word_1_120' title='bbox 337 613 433 648; x_wconf 89' lang='lat' dir='ltr'>realis</span> <span class='ocrx_word' id='word_1_121' title='bbox 448 612 503 649; x_wconf 88' lang='lat' dir='ltr'>vel</span> <span class='ocrx_word' id='word_1_122' title='bbox 516 615 559 649; x_wconf 85' lang='lat' dir='ltr'>est</span> <span class='ocrx_word' id='word_1_123' title='bbox 571 616 713 650; x_wconf 86' lang='lat' dir='ltr'>increata</span> <span class='ocrx_word' id='word_1_124' title='bbox 727 644 736 659; x_wconf 85' lang='lat'>‚</span> <span class='ocrx_word' id='word_1_125' title='bbox 751 616 805 650; x_wconf 88' lang='lat' dir='ltr'>vel</span> <span class='ocrx_word' id='word_1_126' title='bbox 814 626 921 650; x_wconf 84' lang='lat' dir='ltr'>creata</span> <span class='ocrx_word' id='word_1_127' title='bbox 935 631 945 659; x_wconf 86' lang='lat'>·‚</span> <span class='ocrx_word' id='word_1_128' title='bbox 966 613 1020 649; x_wconf 89' lang='lat' dir='ltr'>illa</span> <span class='ocrx_word' id='word_1_129' title='bbox 1032 613 1078 648; x_wconf 88' lang='lat' dir='ltr'>est</span> <span class='ocrx_word' id='word_1_130' title='bbox 1089 612 1298 663; x_wconf 84' lang='lat' dir='ltr'>quadruplex.</span> <span class='ocrx_word' id='word_1_131' title='bbox 1322 611 1374 647; x_wconf 77' lang='lat' dir='ltr'>Est</span> <span class='ocrx_word' id='word_1_132' title='bbox 1401 614 1491 649; x_wconf 87' lang='lat' dir='ltr'>enim</span> 
     </span>
     <span class='ocr_line' id='line_1_12' title="bbox 102 660 1490 712; baseline 0.002 -18"><span class='ocrx_word' id='word_1_133' title='bbox 102 662 136 696; x_wconf 83' lang='lat' dir='ltr'>in</span> <span class='ocrx_word' id='word_1_134' title='bbox 148 664 223 697; x_wconf 88' lang='lat' dir='ltr'>Deo</span> <span class='ocrx_word' id='word_1_135' title='bbox 242 675 304 698; x_wconf 85' lang='lat' dir='ltr'>una</span> <span class='ocrx_word' id='word_1_136' title='bbox 320 660 450 698; x_wconf 80' lang='lat' dir='ltr'>effentia</span> <span class='ocrx_word' id='word_1_137' title='bbox 464 662 518 698; x_wconf 89' lang='lat' dir='ltr'>vel</span> <span class='ocrx_word' id='word_1_138' title='bbox 534 675 646 699; x_wconf 85' lang='lat' dir='ltr'>natura</span> <span class='ocrx_word' id='word_1_139' title='bbox 665 681 674 708; x_wconf 89' lang='lat'>;</span> <span class='ocrx_word' id='word_1_140' title='bbox 691 664 762 700; x_wconf 88' lang='lat' dir='ltr'>sunt</span> <span class='ocrx_word' id='word_1_141' title='bbox 773 664 843 699; x_wconf 84' lang='lat' dir='ltr'>dua:</span> <span class='ocrx_word' id='word_1_142' title='bbox 858 663 1070 712; x_wconf 84' lang='lat' dir='ltr'>proceffiones</span> <span class='ocrx_word' id='word_1_143' title='bbox 1082 692 1092 707; x_wconf 88' lang='lat'>‚</span> <span class='ocrx_word' id='word_1_144' title='bbox 1139 665 1284 698; x_wconf 86' lang='lat' dir='ltr'>eneratio</span> <span class='ocrx_word' id='word_1_145' title='bbox 1300 665 1334 697; x_wconf 69' lang='grc' dir='ltr'>ὃ(</span> <span class='ocrx_word' id='word_1_146' title='bbox 1345 660 1490 710; x_wconf 79' lang='lat' dir='ltr'>spiratio;</span> 
     </span>
     <span class='ocr_line' id='line_1_13' title="bbox 98 677 1493 762; baseline 0.001 -17"><span class='ocrx_word' id='word_1_147' title='bbox 98 720 166 745; x_wconf 68' lang='lat' dir='ltr'>,tres</span> <span class='ocrx_word' id='word_1_148' title='bbox 181 709 344 757; x_wconf 84' lang='lat' dir='ltr'>personae,</span> <span class='ocrx_word' id='word_1_149' title='bbox 361 723 502 758; x_wconf 89' lang='lat' dir='ltr'>quatuor</span> <span class='ocrx_word' id='word_1_150' title='bbox 522 713 697 748; x_wconf 87' lang='lat' dir='ltr'>relationes</span> <span class='ocrx_word' id='word_1_151' title='bbox 712 725 783 761; x_wconf 88' lang='lat' dir='ltr'>quae</span> <span class='ocrx_word' id='word_1_152' title='bbox 799 717 833 748; x_wconf 90' lang='lat' dir='ltr'>in</span> <span class='ocrx_word' id='word_1_153' title='bbox 848 713 971 762; x_wconf 84' lang='lat' dir='ltr'>duplici</span> <span class='ocrx_word' id='word_1_154' title='bbox 998 677 1196 760; x_wconf 55' lang='lat' dir='ltr'>procesffone</span> <span class='ocrx_word' id='word_1_155' title='bbox 1219 712 1404 747; x_wconf 88' lang='lat' dir='ltr'>fundantur.</span> <span class='ocrx_word' id='word_1_156' title='bbox 1432 713 1493 747; x_wconf 85' lang='lat' dir='ltr'>Pa-</span> 
     </span>
     <span class='ocr_line' id='line_1_14' title="bbox 102 760 1489 810; baseline 0.003 -19"><span class='ocrx_word' id='word_1_157' title='bbox 102 760 235 793; x_wconf 85' lang='lat' dir='ltr'>ternitas</span> <span class='ocrx_word' id='word_1_158' title='bbox 250 761 402 795; x_wconf 86' lang='lat' dir='ltr'>nimitum</span> <span class='ocrx_word' id='word_1_159' title='bbox 416 789 425 803; x_wconf 94' lang='lat'>‚</span> <span class='ocrx_word' id='word_1_160' title='bbox 450 772 521 806; x_wconf 86' lang='lat' dir='ltr'>quae</span> <span class='ocrx_word' id='word_1_161' title='bbox 546 761 590 795; x_wconf 89' lang='lat' dir='ltr'>est</span> <span class='ocrx_word' id='word_1_162' title='bbox 606 760 722 796; x_wconf 88' lang='lat' dir='ltr'>relatio</span> <span class='ocrx_word' id='word_1_163' title='bbox 742 764 894 810; x_wconf 89' lang='lat' dir='ltr'>principii</span> <span class='ocrx_word' id='word_1_164' title='bbox 914 763 1097 810; x_wconf 83' lang='lat' dir='ltr'>generantis</span> <span class='ocrx_word' id='word_1_165' title='bbox 1115 762 1156 796; x_wconf 84' lang='lat' dir='ltr'>ad</span> <span class='ocrx_word' id='word_1_166' title='bbox 1180 761 1269 797; x_wconf 86' lang='lat' dir='ltr'>suum</span> <span class='ocrx_word' id='word_1_167' title='bbox 1286 762 1461 796; x_wconf 89' lang='lat' dir='ltr'>terminum</span> <span class='ocrx_word' id='word_1_168' title='bbox 1478 776 1489 803; x_wconf 72' lang='grc' dir='ltr'><strong>ς</strong></span> 
     </span>
     <span class='ocr_line' id='line_1_15' title="bbox 99 805 1489 860; baseline 0.001 -17"><span class='ocrx_word' id='word_1_169' title='bbox 99 805 238 850; x_wconf 86' lang='lat' dir='ltr'>filiatio,</span> <span class='ocrx_word' id='word_1_170' title='bbox 261 820 334 856; x_wconf 85' lang='lat' dir='ltr'>quae</span> <span class='ocrx_word' id='word_1_171' title='bbox 345 808 390 843; x_wconf 91' lang='lat' dir='ltr'>est</span> <span class='ocrx_word' id='word_1_172' title='bbox 405 810 536 844; x_wconf 89' lang='lat' dir='ltr'>termini</span> <span class='ocrx_word' id='word_1_173' title='bbox 549 812 652 858; x_wconf 77' lang='lat' dir='ltr'>geniti</span> <span class='ocrx_word' id='word_1_174' title='bbox 663 811 703 845; x_wconf 85' lang='lat' dir='ltr'>ad</span> <span class='ocrx_word' id='word_1_175' title='bbox 715 810 805 846; x_wconf 84' lang='lat' dir='ltr'>suum</span> <span class='ocrx_word' id='word_1_176' title='bbox 824 813 1019 860; x_wconf 88' lang='lat' dir='ltr'>principium</span> <span class='ocrx_word' id='word_1_177' title='bbox 1039 827 1049 853; x_wconf 90' lang='lat'>·,</span> <span class='ocrx_word' id='word_1_178' title='bbox 1071 810 1203 859; x_wconf 85' lang='lat' dir='ltr'>spiratio</span> <span class='ocrx_word' id='word_1_179' title='bbox 1220 812 1327 847; x_wconf 69' lang='lat' dir='ltr'>aetiva</span> <span class='ocrx_word' id='word_1_180' title='bbox 1345 822 1415 857; x_wconf 87' lang='lat' dir='ltr'>quae</span> <span class='ocrx_word' id='word_1_181' title='bbox 1442 809 1489 844; x_wconf 89' lang='lat' dir='ltr'>est</span> 
     </span>
     <span class='ocr_line' id='line_1_16' title="bbox 99 855 1490 908; baseline 0.001 -18"><span class='ocrx_word' id='word_1_182' title='bbox 99 857 247 906; x_wconf 84' lang='lat' dir='ltr'>principii</span> <span class='ocrx_word' id='word_1_183' title='bbox 262 855 429 905; x_wconf 88' lang='lat' dir='ltr'>spirantis,</span> <span class='ocrx_word' id='word_1_184' title='bbox 447 859 550 893; x_wconf 88' lang='lat' dir='ltr'>Patris</span> <span class='ocrx_word' id='word_1_185' title='bbox 562 859 718 899; x_wconf 82' lang='lat' dir='ltr'>videlicet</span> <span class='ocrx_word' id='word_1_186' title='bbox 738 865 771 897; x_wconf 91' lang='lat'>&amp;</span> <span class='ocrx_word' id='word_1_187' title='bbox 784 860 854 895; x_wconf 87' lang='lat' dir='ltr'>Filii</span> <span class='ocrx_word' id='word_1_188' title='bbox 875 861 916 895; x_wconf 87' lang='lat' dir='ltr'>ad</span> <span class='ocrx_word' id='word_1_189' title='bbox 931 859 1252 908; x_wconf 60' lang='lat' dir='ltr'>Spiritum-sandium</span> <span class='ocrx_word' id='word_1_190' title='bbox 1273 877 1283 904; x_wconf 65' lang='grc' dir='ltr'><strong>ς</strong></span> <span class='ocrx_word' id='word_1_191' title='bbox 1306 864 1340 896; x_wconf 85' lang='lat'>&amp;</span> <span class='ocrx_word' id='word_1_192' title='bbox 1358 857 1490 907; x_wconf 83' lang='lat' dir='ltr'>spiratio</span> 
     </span>
    </p>

    <p class='ocr_par' dir='ltr' id='par_1_3' title="bbox 92 903 1493 1005">
     <span class='ocr_line' id='line_1_17' title="bbox 92 903 1493 989; baseline 0.001 -50"><span class='ocrx_word' id='word_1_193' title='bbox 92 904 220 953; x_wconf 28' lang='lat' dir='ltr'>rpaffiva</span> <span class='ocrx_word' id='word_1_194' title='bbox 231 908 366 989; x_wconf 78' lang='lat' dir='ltr'>Spiritus</span> <span class='ocrx_word' id='word_1_195' title='bbox 379 906 546 954; x_wconf 69' lang='lat' dir='ltr'>san&amp;i,qui</span> <span class='ocrx_word' id='word_1_196' title='bbox 559 909 578 943; x_wconf 74' lang='grc' dir='ltr'>ὲ</span> <span class='ocrx_word' id='word_1_197' title='bbox 591 903 686 956; x_wconf 61' lang='lat' dir='ltr'>Patre</span> <span class='ocrx_word' id='word_1_198' title='bbox 700 914 734 945; x_wconf 65' lang='grc' dir='ltr'>δε</span> <span class='ocrx_word' id='word_1_199' title='bbox 747 909 876 952; x_wconf 87' lang='lat' dir='ltr'>Filio‚ut</span> <span class='ocrx_word' id='word_1_200' title='bbox 887 908 929 943; x_wconf 90' lang='lat' dir='ltr'>ab</span> <span class='ocrx_word' id='word_1_201' title='bbox 942 922 1006 944; x_wconf 89' lang='lat' dir='ltr'>uno</span> <span class='ocrx_word' id='word_1_202' title='bbox 1016 910 1178 957; x_wconf 90' lang='lat' dir='ltr'>principio</span> <span class='ocrx_word' id='word_1_203' title='bbox 1190 909 1414 957; x_wconf 87' lang='lat' dir='ltr'>procedit.Sed</span> <span class='ocrx_word' id='word_1_204' title='bbox 1426 907 1493 942; x_wconf 83' lang='lat' dir='ltr'>haec</span> 
     </span>
     <span class='ocr_line' id='line_1_18' title="bbox 103 954 1144 1005; baseline 0.006 -17"><span class='ocrx_word' id='word_1_205' title='bbox 103 954 145 988; x_wconf 86' lang='lat' dir='ltr'>ad</span> <span class='ocrx_word' id='word_1_206' title='bbox 157 954 251 989; x_wconf 89' lang='lat' dir='ltr'>Theo</span> <span class='ocrx_word' id='word_1_207' title='bbox 265 968 345 1003; x_wconf 84' lang='lat' dir='ltr'>ogos</span> <span class='ocrx_word' id='word_1_208' title='bbox 362 970 370 992; x_wconf 74' lang='grc' dir='ltr'><strong>ι</strong></span> <span class='ocrx_word' id='word_1_209' title='bbox 392 968 451 990; x_wconf 88' lang='lat' dir='ltr'>nos</span> <span class='ocrx_word' id='word_1_210' title='bbox 468 956 640 993; x_wconf 83' lang='lat' dir='ltr'>relationes</span> <span class='ocrx_word' id='word_1_211' title='bbox 657 968 783 992; x_wconf 88' lang='lat' dir='ltr'>tantum</span> <span class='ocrx_word' id='word_1_212' title='bbox 803 968 926 992; x_wconf 82' lang='lat' dir='ltr'>creatas</span> <span class='ocrx_word' id='word_1_213' title='bbox 943 959 1144 1005; x_wconf 74' lang='lat' dir='ltr'>inquirimus·</span> 
     </span>
    </p>

    <p class='ocr_par' dir='ltr' id='par_1_4' title="bbox 92 1002 1488 1201">
     <span class='ocr_line' id='line_1_19' title="bbox 135 1002 1488 1053; baseline 0.002 -17"><span class='ocrx_word' id='word_1_214' title='bbox 135 1002 270 1037; x_wconf 86' lang='lat' dir='ltr'>Relatio</span> <span class='ocrx_word' id='word_1_215' title='bbox 282 1006 315 1039; x_wconf 92' lang='lat' dir='ltr'>in</span> <span class='ocrx_word' id='word_1_216' title='bbox 327 1004 422 1039; x_wconf 91' lang='lat' dir='ltr'>rebus</span> <span class='ocrx_word' id='word_1_217' title='bbox 438 1007 551 1038; x_wconf 89' lang='lat' dir='ltr'>creatis</span> <span class='ocrx_word' id='word_1_218' title='bbox 561 1004 679 1053; x_wconf 86' lang='lat' dir='ltr'>duplex</span> <span class='ocrx_word' id='word_1_219' title='bbox 690 1034 700 1048; x_wconf 88' lang='lat'>‚</span> <span class='ocrx_word' id='word_1_220' title='bbox 709 1008 882 1051; x_wconf 77' lang='lat' dir='ltr'>fecundum</span> <span class='ocrx_word' id='word_1_221' title='bbox 896 1006 983 1044; x_wconf 81' lang='lat' dir='ltr'>dici,</span> <span class='ocrx_word' id='word_1_222' title='bbox 1002 1011 1036 1042; x_wconf 86' lang='lat'><strong>&amp;</strong></span> <span class='ocrx_word' id='word_1_223' title='bbox 1044 1007 1220 1050; x_wconf 61' lang='lat' dir='ltr'>siu-undum</span> <span class='ocrx_word' id='word_1_224' title='bbox 1232 1004 1290 1051; x_wconf 83' lang='lat' dir='ltr'>esse</span> <span class='ocrx_word' id='word_1_225' title='bbox 1308 1033 1319 1047; x_wconf 89' lang='lat'><em>‚</em></span> <span class='ocrx_word' id='word_1_226' title='bbox 1337 1004 1390 1039; x_wconf 87' lang='lat' dir='ltr'>seu</span> <span class='ocrx_word' id='word_1_227' title='bbox 1400 1016 1488 1039; x_wconf 79' lang='lat' dir='ltr'>cate-</span> 
     </span>
     <span class='ocr_line' id='line_1_20' title="bbox 92 1051 1487 1100; baseline 0.002 -16"><span class='ocrx_word' id='word_1_228' title='bbox 92 1053 207 1100; x_wconf 57' lang='lat' dir='ltr'>›gotica</span> <span class='ocrx_word' id='word_1_229' title='bbox 222 1068 232 1095; x_wconf 86' lang='lat'>·‚</span> <span class='ocrx_word' id='word_1_230' title='bbox 245 1051 301 1086; x_wconf 88' lang='lat' dir='ltr'>illa</span> <span class='ocrx_word' id='word_1_231' title='bbox 311 1065 378 1088; x_wconf 88' lang='lat' dir='ltr'>non</span> <span class='ocrx_word' id='word_1_232' title='bbox 390 1051 490 1087; x_wconf 88' lang='lat' dir='ltr'>habet</span> <span class='ocrx_word' id='word_1_233' title='bbox 499 1065 614 1100; x_wconf 86' lang='lat' dir='ltr'>purum</span> <span class='ocrx_word' id='word_1_234' title='bbox 629 1056 802 1088; x_wconf 88' lang='lat' dir='ltr'>terminum</span> <span class='ocrx_word' id='word_1_235' title='bbox 812 1083 821 1097; x_wconf 82' lang='lat'>,</span> <span class='ocrx_word' id='word_1_236' title='bbox 842 1052 895 1088; x_wconf 89' lang='lat' dir='ltr'>seu</span> <span class='ocrx_word' id='word_1_237' title='bbox 908 1056 965 1100; x_wconf 89' lang='lat' dir='ltr'>qui</span> <span class='ocrx_word' id='word_1_238' title='bbox 985 1053 1050 1088; x_wconf 88' lang='lat' dir='ltr'>alio</span> <span class='ocrx_word' id='word_1_239' title='bbox 1070 1066 1139 1088; x_wconf 90' lang='lat' dir='ltr'>non</span> <span class='ocrx_word' id='word_1_240' title='bbox 1162 1054 1315 1100; x_wconf 80' lang='lat' dir='ltr'>fungatur</span> <span class='ocrx_word' id='word_1_241' title='bbox 1328 1065 1463 1088; x_wconf 85' lang='lat' dir='ltr'>munere</span> <span class='ocrx_word' id='word_1_242' title='bbox 1478 1082 1487 1095; x_wconf 94' lang='lat'><em>‚</em></span> 
     </span>
     <span class='ocr_line' id='line_1_21' title="bbox 99 1099 1488 1151; baseline 0.001 -17"><span class='ocrx_word' id='word_1_243' title='bbox 99 1099 202 1147; x_wconf 72' lang='lat' dir='ltr'>quam</span> <span class='ocrx_word' id='word_1_244' title='bbox 216 1102 430 1138; x_wconf 86' lang='lat' dir='ltr'>terminandi:</span> <span class='ocrx_word' id='word_1_245' title='bbox 449 1112 484 1135; x_wconf 92' lang='lat' dir='ltr'>ut</span> <span class='ocrx_word' id='word_1_246' title='bbox 495 1103 582 1138; x_wconf 62' lang='lat' dir='ltr'>aditio</span> <span class='ocrx_word' id='word_1_247' title='bbox 597 1107 631 1138; x_wconf 85' lang='lat'>&amp;</span> <span class='ocrx_word' id='word_1_248' title='bbox 645 1101 755 1151; x_wconf 81' lang='lat' dir='ltr'>paffio.</span> <span class='ocrx_word' id='word_1_249' title='bbox 776 1105 865 1138; x_wconf 86' lang='lat' dir='ltr'>Nam</span> <span class='ocrx_word' id='word_1_250' title='bbox 883 1104 972 1138; x_wconf 68' lang='lat' dir='ltr'>actio</span> <span class='ocrx_word' id='word_1_251' title='bbox 991 1102 1035 1138; x_wconf 88' lang='lat' dir='ltr'>est</span> <span class='ocrx_word' id='word_1_252' title='bbox 1051 1103 1139 1137; x_wconf 69' lang='lat' dir='ltr'>aet-us</span> <span class='ocrx_word' id='word_1_253' title='bbox 1155 1103 1281 1151; x_wconf 84' lang='lat' dir='ltr'>agentis</span> <span class='ocrx_word' id='word_1_254' title='bbox 1297 1131 1306 1144; x_wconf 92' lang='lat'>‚</span> <span class='ocrx_word' id='word_1_255' title='bbox 1325 1113 1435 1148; x_wconf 90' lang='lat' dir='ltr'>neque</span> <span class='ocrx_word' id='word_1_256' title='bbox 1455 1102 1488 1135; x_wconf 88' lang='lat' dir='ltr'>id</span> 
     </span>
     <span class='ocr_line' id='line_1_22' title="bbox 99 1147 1488 1201; baseline 0 -17"><span class='ocrx_word' id='word_1_257' title='bbox 99 1147 228 1197; x_wconf 85' lang='lat' dir='ltr'>respicit</span> <span class='ocrx_word' id='word_1_258' title='bbox 238 1161 274 1185; x_wconf 92' lang='lat' dir='ltr'>ut</span> <span class='ocrx_word' id='word_1_259' title='bbox 286 1162 399 1198; x_wconf 88' lang='lat' dir='ltr'>purum</span> <span class='ocrx_word' id='word_1_260' title='bbox 410 1152 583 1186; x_wconf 88' lang='lat' dir='ltr'>terminum</span> <span class='ocrx_word' id='word_1_261' title='bbox 593 1180 603 1195; x_wconf 92' lang='lat'>,</span> <span class='ocrx_word' id='word_1_262' title='bbox 622 1150 674 1186; x_wconf 90' lang='lat' dir='ltr'>sed</span> <span class='ocrx_word' id='word_1_263' title='bbox 683 1163 717 1186; x_wconf 86' lang='lat' dir='ltr'>ut</span> <span class='ocrx_word' id='word_1_264' title='bbox 728 1153 920 1201; x_wconf 87' lang='lat' dir='ltr'>principium</span> <span class='ocrx_word' id='word_1_265' title='bbox 932 1169 942 1196; x_wconf 77' lang='lat'>3</span> <span class='ocrx_word' id='word_1_266' title='bbox 958 1163 1062 1198; x_wconf 86' lang='lat' dir='ltr'>eaque</span> <span class='ocrx_word' id='word_1_267' title='bbox 1076 1150 1192 1186; x_wconf 79' lang='lat' dir='ltr'>relatio</span> <span class='ocrx_word' id='word_1_268' title='bbox 1203 1180 1212 1194; x_wconf 93' lang='lat'>,</span> <span class='ocrx_word' id='word_1_269' title='bbox 1230 1162 1265 1185; x_wconf 89' lang='lat' dir='ltr'>ut</span> <span class='ocrx_word' id='word_1_270' title='bbox 1278 1151 1431 1193; x_wconf 82' lang='lat' dir='ltr'>diximus,</span> <span class='ocrx_word' id='word_1_271' title='bbox 1441 1150 1488 1185; x_wconf 86' lang='lat' dir='ltr'>est</span> 
     </span>
    </p>

    <p class='ocr_par' dir='ltr' id='par_1_5' title="bbox 83 1197 1453 1248">
     <span class='ocr_line' id='line_1_23' title="bbox 83 1197 1453 1248; baseline 0.002 -16"><span class='ocrx_word' id='word_1_272' title='bbox 83 1197 218 1246; x_wconf 85' lang='lat' dir='ltr'>-duplex</span> <span class='ocrx_word' id='word_1_273' title='bbox 231 1228 239 1242; x_wconf 92' lang='lat'>‚</span> <span class='ocrx_word' id='word_1_274' title='bbox 259 1198 429 1235; x_wconf 78' lang='lat' dir='ltr'>effentialis</span> <span class='ocrx_word' id='word_1_275' title='bbox 439 1201 592 1235; x_wconf 86' lang='lat' dir='ltr'>nimirum</span> <span class='ocrx_word' id='word_1_276' title='bbox 603 1230 612 1244; x_wconf 89' lang='lat'>‚</span> <span class='ocrx_word' id='word_1_277' title='bbox 636 1213 709 1248; x_wconf 84' lang='lat' dir='ltr'>quae</span> <span class='ocrx_word' id='word_1_278' title='bbox 725 1200 770 1235; x_wconf 87' lang='lat' dir='ltr'>est</span> <span class='ocrx_word' id='word_1_279' title='bbox 785 1199 1089 1244; x_wconf 79' lang='lat' dir='ltr'>transcendentalis,</span> <span class='ocrx_word' id='word_1_280' title='bbox 1110 1200 1211 1235; x_wconf 87' lang='lat' dir='ltr'>altera</span> <span class='ocrx_word' id='word_1_281' title='bbox 1232 1199 1453 1235; x_wconf 83' lang='lat' dir='ltr'>accidentalis.</span> 
     </span>
    </p>

    <p class='ocr_par' dir='ltr' id='par_1_6' title="bbox 97 1247 1489 1587">
     <span class='ocr_line' id='line_1_24' title="bbox 148 1247 1488 1298; baseline 0.001 -17"><span class='ocrx_word' id='word_1_282' title='bbox 148 1247 282 1282; x_wconf 87' lang='lat' dir='ltr'>Relatio</span> <span class='ocrx_word' id='word_1_283' title='bbox 297 1251 477 1297; x_wconf 79' lang='lat' dir='ltr'>categorica</span> <span class='ocrx_word' id='word_1_284' title='bbox 489 1261 586 1297; x_wconf 84' lang='lat' dir='ltr'>penes</span> <span class='ocrx_word' id='word_1_285' title='bbox 597 1250 865 1294; x_wconf 87' lang='lat' dir='ltr'>fundamentum,</span> <span class='ocrx_word' id='word_1_286' title='bbox 885 1261 940 1284; x_wconf 88' lang='lat' dir='ltr'>aut</span> <span class='ocrx_word' id='word_1_287' title='bbox 960 1251 1146 1298; x_wconf 86' lang='lat' dir='ltr'>proximum</span> <span class='ocrx_word' id='word_1_288' title='bbox 1167 1279 1175 1293; x_wconf 87' lang='lat'>‚</span> <span class='ocrx_word' id='word_1_289' title='bbox 1193 1260 1248 1283; x_wconf 88' lang='lat' dir='ltr'>aut</span> <span class='ocrx_word' id='word_1_290' title='bbox 1265 1260 1427 1283; x_wconf 85' lang='lat' dir='ltr'>remotum</span> <span class='ocrx_word' id='word_1_291' title='bbox 1445 1249 1488 1283; x_wconf 52' lang='lat' dir='ltr'>dia</span> 
     </span>
     <span class='ocr_line' id='line_1_25' title="bbox 97 1296 1488 1348; baseline 0 -17"><span class='ocrx_word' id='word_1_292' title='bbox 97 1296 240 1332; x_wconf 81' lang='lat' dir='ltr'>viditur:</span> <span class='ocrx_word' id='word_1_293' title='bbox 258 1309 357 1345; x_wconf 84' lang='lat' dir='ltr'>atque</span> <span class='ocrx_word' id='word_1_294' title='bbox 376 1297 458 1332; x_wconf 87' lang='lat' dir='ltr'>illius</span> <span class='ocrx_word' id='word_1_295' title='bbox 479 1309 529 1333; x_wconf 90' lang='lat' dir='ltr'>tot</span> <span class='ocrx_word' id='word_1_296' title='bbox 546 1297 616 1334; x_wconf 87' lang='lat' dir='ltr'>sunt</span> <span class='ocrx_word' id='word_1_297' title='bbox 635 1299 704 1333; x_wconf 83' lang='lat' dir='ltr'>fere</span> <span class='ocrx_word' id='word_1_298' title='bbox 719 1311 851 1348; x_wconf 86' lang='lat' dir='ltr'>genera,</span> <span class='ocrx_word' id='word_1_299' title='bbox 866 1310 948 1344; x_wconf 85' lang='lat' dir='ltr'>quot</span> <span class='ocrx_word' id='word_1_300' title='bbox 962 1299 1221 1348; x_wconf 71' lang='lat' dir='ltr'>praedicamenta.</span> <span class='ocrx_word' id='word_1_301' title='bbox 1240 1299 1329 1333; x_wconf 89' lang='lat' dir='ltr'>Nam</span> <span class='ocrx_word' id='word_1_302' title='bbox 1343 1297 1397 1333; x_wconf 86' lang='lat' dir='ltr'>vel</span> <span class='ocrx_word' id='word_1_303' title='bbox 1411 1297 1488 1332; x_wconf 86' lang='lat' dir='ltr'>fun-</span> 
     </span>
     <span class='ocr_line' id='line_1_26' title="bbox 98 1344 1488 1395; baseline 0.002 -16"><span class='ocrx_word' id='word_1_304' title='bbox 98 1345 191 1380; x_wconf 82' lang='lat' dir='ltr'>datur</span> <span class='ocrx_word' id='word_1_305' title='bbox 205 1344 425 1382; x_wconf 87' lang='lat' dir='ltr'>insubstantia</span> <span class='ocrx_word' id='word_1_306' title='bbox 442 1375 453 1390; x_wconf 89' lang='lat'>‚</span> <span class='ocrx_word' id='word_1_307' title='bbox 476 1345 528 1382; x_wconf 88' lang='lat' dir='ltr'>seu</span> <span class='ocrx_word' id='word_1_308' title='bbox 542 1346 695 1391; x_wconf 79' lang='lat' dir='ltr'>essentia,</span> <span class='ocrx_word' id='word_1_309' title='bbox 720 1359 823 1395; x_wconf 88' lang='lat' dir='ltr'>eaque</span> <span class='ocrx_word' id='word_1_310' title='bbox 845 1347 892 1383; x_wconf 90' lang='lat' dir='ltr'>est</span> <span class='ocrx_word' id='word_1_311' title='bbox 906 1347 1058 1383; x_wconf 84' lang='lat' dir='ltr'>identitas</span> <span class='ocrx_word' id='word_1_312' title='bbox 1074 1360 1129 1383; x_wconf 89' lang='lat' dir='ltr'>aut</span> <span class='ocrx_word' id='word_1_313' title='bbox 1146 1346 1308 1382; x_wconf 83' lang='lat' dir='ltr'>diversitas</span> <span class='ocrx_word' id='word_1_314' title='bbox 1333 1362 1342 1389; x_wconf 80' lang='lat'>3</span> <span class='ocrx_word' id='word_1_315' title='bbox 1374 1346 1431 1383; x_wconf 89' lang='lat' dir='ltr'>vel</span> <span class='ocrx_word' id='word_1_316' title='bbox 1454 1349 1488 1382; x_wconf 89' lang='lat' dir='ltr'>in</span> 
     </span>
     <span class='ocr_line' id='line_1_27' title="bbox 98 1395 1488 1445; baseline 0.001 -17"><span class='ocrx_word' id='word_1_317' title='bbox 98 1398 298 1440; x_wconf 87' lang='lat' dir='ltr'>quantitate:</span> <span class='ocrx_word' id='word_1_318' title='bbox 315 1408 384 1443; x_wconf 87' lang='lat' dir='ltr'>quae</span> <span class='ocrx_word' id='word_1_319' title='bbox 394 1395 558 1443; x_wconf 85' lang='lat' dir='ltr'>aequalitas</span> <span class='ocrx_word' id='word_1_320' title='bbox 571 1397 706 1441; x_wconf 86' lang='lat' dir='ltr'>dicitur,</span> <span class='ocrx_word' id='word_1_321' title='bbox 725 1408 779 1431; x_wconf 91' lang='lat' dir='ltr'>aut</span> <span class='ocrx_word' id='word_1_322' title='bbox 797 1396 999 1445; x_wconf 88' lang='lat' dir='ltr'>inaequalitas</span> <span class='ocrx_word' id='word_1_323' title='bbox 1021 1414 1029 1440; x_wconf 81' lang='lat'>3</span> <span class='ocrx_word' id='word_1_324' title='bbox 1050 1396 1101 1432; x_wconf 91' lang='lat' dir='ltr'>vel</span> <span class='ocrx_word' id='word_1_325' title='bbox 1121 1398 1154 1432; x_wconf 89' lang='lat' dir='ltr'>in</span> <span class='ocrx_word' id='word_1_326' title='bbox 1170 1395 1330 1444; x_wconf 85' lang='lat' dir='ltr'>qualitate</span> <span class='ocrx_word' id='word_1_327' title='bbox 1342 1425 1351 1438; x_wconf 94' lang='lat'>‚</span> <span class='ocrx_word' id='word_1_328' title='bbox 1378 1396 1488 1443; x_wconf 87' lang='lat' dir='ltr'>estque</span> 
     </span>
     <span class='ocr_line' id='line_1_28' title="bbox 99 1441 1489 1494; baseline 0.001 -17"><span class='ocrx_word' id='word_1_329' title='bbox 99 1441 274 1478; x_wconf 81' lang='lat' dir='ltr'>similitudo</span> <span class='ocrx_word' id='word_1_330' title='bbox 285 1449 319 1481; x_wconf 84' lang='lat'>&amp;</span> <span class='ocrx_word' id='word_1_331' title='bbox 334 1443 573 1488; x_wconf 75' lang='lat' dir='ltr'>diffimilitud03</span> <span class='ocrx_word' id='word_1_332' title='bbox 587 1447 639 1481; x_wconf 88' lang='lat' dir='ltr'>vel</span> <span class='ocrx_word' id='word_1_333' title='bbox 657 1448 690 1480; x_wconf 93' lang='lat' dir='ltr'>in</span> <span class='ocrx_word' id='word_1_334' title='bbox 703 1448 852 1493; x_wconf 89' lang='lat' dir='ltr'>potentia</span> <span class='ocrx_word' id='word_1_335' title='bbox 864 1447 971 1480; x_wconf 72' lang='lat' dir='ltr'>affiva</span> <span class='ocrx_word' id='word_1_336' title='bbox 982 1451 1015 1482; x_wconf 74' lang='grc' dir='ltr'>δ(</span> <span class='ocrx_word' id='word_1_337' title='bbox 1025 1444 1144 1494; x_wconf 82' lang='lat' dir='ltr'>pasfiva</span> <span class='ocrx_word' id='word_1_338' title='bbox 1157 1474 1166 1488; x_wconf 87' lang='lat'>‚</span> <span class='ocrx_word' id='word_1_339' title='bbox 1191 1457 1261 1491; x_wconf 82' lang='lat' dir='ltr'>quae</span> <span class='ocrx_word' id='word_1_340' title='bbox 1277 1445 1323 1479; x_wconf 90' lang='lat' dir='ltr'>est</span> <span class='ocrx_word' id='word_1_341' title='bbox 1336 1444 1429 1479; x_wconf 84' lang='lat' dir='ltr'>causae</span> <span class='ocrx_word' id='word_1_342' title='bbox 1447 1445 1489 1478; x_wconf 89' lang='lat' dir='ltr'>ad</span> 
     </span>
     <span class='ocr_line' id='line_1_29' title="bbox 100 1490 1488 1536; baseline 0.002 -11"><span class='ocrx_word' id='word_1_343' title='bbox 100 1490 255 1526; x_wconf 67' lang='lat' dir='ltr'>effectum</span> <span class='ocrx_word' id='word_1_344' title='bbox 268 1520 278 1534; x_wconf 92' lang='lat'>,</span> <span class='ocrx_word' id='word_1_345' title='bbox 299 1498 332 1529; x_wconf 86' lang='lat'>&amp;</span> <span class='ocrx_word' id='word_1_346' title='bbox 342 1491 488 1528; x_wconf 84' lang='lat' dir='ltr'>viciffim.</span> <span class='ocrx_word' id='word_1_347' title='bbox 512 1495 564 1526; x_wconf 86' lang='lat' dir='ltr'>Sic</span> <span class='ocrx_word' id='word_1_348' title='bbox 577 1495 611 1528; x_wconf 89' lang='lat' dir='ltr'>in</span> <span class='ocrx_word' id='word_1_349' title='bbox 622 1493 676 1528; x_wconf 78' lang='lat' dir='ltr'>ubi</span> <span class='ocrx_word' id='word_1_350' title='bbox 695 1494 866 1529; x_wconf 81' lang='lat' dir='ltr'>fundantur</span> <span class='ocrx_word' id='word_1_351' title='bbox 877 1493 1053 1529; x_wconf 87' lang='lat' dir='ltr'>relationes</span> <span class='ocrx_word' id='word_1_352' title='bbox 1067 1496 1194 1529; x_wconf 81' lang='lat' dir='ltr'>viciniae</span> <span class='ocrx_word' id='word_1_353' title='bbox 1212 1498 1245 1529; x_wconf 68' lang='grc' dir='ltr'>ὃ(</span> <span class='ocrx_word' id='word_1_354' title='bbox 1261 1493 1413 1528; x_wconf 81' lang='lat' dir='ltr'>distantiae</span> <span class='ocrx_word' id='word_1_355' title='bbox 1428 1510 1438 1536; x_wconf 78' lang='lat'>3</span> <span class='ocrx_word' id='word_1_356' title='bbox 1454 1494 1488 1528; x_wconf 78' lang='lat' dir='ltr'>in</span> 
     </span>
     <span class='ocr_line' id='line_1_30' title="bbox 103 1540 576 1587; baseline 0.006 -15"><span class='ocrx_word' id='word_1_357' title='bbox 103 1540 230 1586; x_wconf 83' lang='lat' dir='ltr'>quando</span> <span class='ocrx_word' id='word_1_358' title='bbox 252 1542 338 1586; x_wconf 90' lang='lat' dir='ltr'>ptius</span> <span class='ocrx_word' id='word_1_359' title='bbox 358 1545 392 1576; x_wconf 74' lang='grc' dir='ltr'>δε</span> <span class='ocrx_word' id='word_1_360' title='bbox 414 1541 576 1587; x_wconf 82' lang='lat' dir='ltr'>posterius.</span> 
     </span>
    </p>

    <p class='ocr_par' dir='ltr' id='par_1_7' title="bbox 100 1587 1490 1880">
     <span class='ocr_line' id='line_1_31' title="bbox 136 1587 1490 1638; baseline 0.001 -15"><span class='ocrx_word' id='word_1_361' title='bbox 136 1589 215 1623; x_wconf 92' lang='lat' dir='ltr'>Non</span> <span class='ocrx_word' id='word_1_362' title='bbox 232 1587 370 1624; x_wconf 79' lang='lat' dir='ltr'>dissimili</span> <span class='ocrx_word' id='word_1_363' title='bbox 384 1591 509 1622; x_wconf 85' lang='lat' dir='ltr'>ratione</span> <span class='ocrx_word' id='word_1_364' title='bbox 522 1587 685 1623; x_wconf 87' lang='lat' dir='ltr'>relationis</span> <span class='ocrx_word' id='word_1_365' title='bbox 704 1588 955 1625; x_wconf 83' lang='lat' dir='ltr'>fundamentum</span> <span class='ocrx_word' id='word_1_366' title='bbox 965 1591 1148 1638; x_wconf 86' lang='lat' dir='ltr'>proximum</span> <span class='ocrx_word' id='word_1_367' title='bbox 1165 1590 1270 1625; x_wconf 86' lang='lat' dir='ltr'>unitas</span> <span class='ocrx_word' id='word_1_368' title='bbox 1286 1588 1344 1632; x_wconf 87' lang='lat' dir='ltr'>est,</span> <span class='ocrx_word' id='word_1_369' title='bbox 1360 1588 1415 1624; x_wconf 81' lang='lat' dir='ltr'>vel</span> <span class='ocrx_word' id='word_1_370' title='bbox 1428 1600 1490 1624; x_wconf 90' lang='lat' dir='ltr'>nu-</span> 
     </span>
     <span class='ocr_line' id='line_1_32' title="bbox 102 1635 1487 1687; baseline 0.001 -16"><span class='ocrx_word' id='word_1_371' title='bbox 102 1648 207 1671; x_wconf 83' lang='lat' dir='ltr'>merus</span> <span class='ocrx_word' id='word_1_372' title='bbox 221 1654 229 1681; x_wconf 76' lang='lat'>3</span> <span class='ocrx_word' id='word_1_373' title='bbox 243 1639 328 1672; x_wconf 67' lang='lat' dir='ltr'>aetio</span> <span class='ocrx_word' id='word_1_374' title='bbox 339 1637 391 1672; x_wconf 89' lang='lat' dir='ltr'>vel</span> <span class='ocrx_word' id='word_1_375' title='bbox 401 1635 499 1685; x_wconf 75' lang='lat' dir='ltr'>passio</span> <span class='ocrx_word' id='word_1_376' title='bbox 515 1651 522 1672; x_wconf 91' lang='lat'>:</span> <span class='ocrx_word' id='word_1_377' title='bbox 545 1649 618 1671; x_wconf 90' lang='lat' dir='ltr'>cum</span> <span class='ocrx_word' id='word_1_378' title='bbox 631 1640 719 1672; x_wconf 88' lang='lat' dir='ltr'>enirn</span> <span class='ocrx_word' id='word_1_379' title='bbox 741 1651 842 1673; x_wconf 87' lang='lat' dir='ltr'>unum</span> <span class='ocrx_word' id='word_1_380' title='bbox 862 1650 994 1682; x_wconf 88' lang='lat' dir='ltr'>eorum,</span> <span class='ocrx_word' id='word_1_381' title='bbox 1015 1640 1098 1674; x_wconf 88' lang='lat' dir='ltr'>inter</span> <span class='ocrx_word' id='word_1_382' title='bbox 1117 1651 1186 1687; x_wconf 89' lang='lat' dir='ltr'>quae</span> <span class='ocrx_word' id='word_1_383' title='bbox 1203 1639 1250 1673; x_wconf 89' lang='lat' dir='ltr'>est</span> <span class='ocrx_word' id='word_1_384' title='bbox 1268 1637 1401 1682; x_wconf 85' lang='lat' dir='ltr'>relatio,</span> <span class='ocrx_word' id='word_1_385' title='bbox 1419 1651 1487 1673; x_wconf 86' lang='lat' dir='ltr'>non</span> 
     </span>
     <span class='ocr_line' id='line_1_33' title="bbox 100 1684 1488 1735; baseline 0.003 -16"><span class='ocrx_word' id='word_1_386' title='bbox 100 1684 150 1719; x_wconf 88' lang='lat' dir='ltr'>est</span> <span class='ocrx_word' id='word_1_387' title='bbox 160 1684 289 1720; x_wconf 90' lang='lat' dir='ltr'>alterius</span> <span class='ocrx_word' id='word_1_388' title='bbox 303 1685 390 1720; x_wconf 77' lang='lat' dir='ltr'>causa</span> <span class='ocrx_word' id='word_1_389' title='bbox 408 1700 416 1722; x_wconf 69' lang='grc' dir='ltr'><strong><em>ε</em></strong></span> <span class='ocrx_word' id='word_1_390' title='bbox 435 1685 489 1720; x_wconf 86' lang='lat' dir='ltr'>vel</span> <span class='ocrx_word' id='word_1_391' title='bbox 502 1698 540 1720; x_wconf 87' lang='lat' dir='ltr'>ea</span> <span class='ocrx_word' id='word_1_392' title='bbox 558 1687 643 1720; x_wconf 85' lang='lat' dir='ltr'>inter</span> <span class='ocrx_word' id='word_1_393' title='bbox 663 1685 694 1721; x_wconf 93' lang='lat' dir='ltr'>se</span> <span class='ocrx_word' id='word_1_394' title='bbox 713 1689 912 1722; x_wconf 86' lang='lat' dir='ltr'>conveniunt</span> <span class='ocrx_word' id='word_1_395' title='bbox 928 1715 937 1729; x_wconf 86' lang='lat'><strong>‚</strong></span> <span class='ocrx_word' id='word_1_396' title='bbox 963 1699 1098 1735; x_wconf 88' lang='lat' dir='ltr'>tumque</span> <span class='ocrx_word' id='word_1_397' title='bbox 1118 1690 1222 1723; x_wconf 85' lang='lat' dir='ltr'>unitas</span> <span class='ocrx_word' id='word_1_398' title='bbox 1239 1687 1488 1723; x_wconf 81' lang='lat' dir='ltr'>fundamentum</span> 
     </span>
     <span class='ocr_line' id='line_1_34' title="bbox 101 1733 1484 1784; baseline 0.002 -16"><span class='ocrx_word' id='word_1_399' title='bbox 101 1733 150 1768; x_wconf 90' lang='lat' dir='ltr'>est</span> <span class='ocrx_word' id='word_1_400' title='bbox 165 1734 329 1770; x_wconf 84' lang='lat' dir='ltr'>relationis</span> <span class='ocrx_word' id='word_1_401' title='bbox 341 1737 543 1783; x_wconf 75' lang='lat' dir='ltr'>proximum3</span> <span class='ocrx_word' id='word_1_402' title='bbox 556 1733 618 1770; x_wconf 84' lang='lat' dir='ltr'>five</span> <span class='ocrx_word' id='word_1_403' title='bbox 629 1738 827 1771; x_wconf 80' lang='lat' dir='ltr'>conveniant</span> <span class='ocrx_word' id='word_1_404' title='bbox 845 1738 879 1770; x_wconf 91' lang='lat' dir='ltr'>in</span> <span class='ocrx_word' id='word_1_405' title='bbox 897 1734 1029 1771; x_wconf 78' lang='lat' dir='ltr'>elsentia</span> <span class='ocrx_word' id='word_1_406' title='bbox 1040 1765 1049 1780; x_wconf 90' lang='lat'>‚</span> <span class='ocrx_word' id='word_1_407' title='bbox 1066 1749 1138 1784; x_wconf 80' lang='lat' dir='ltr'>quae</span> <span class='ocrx_word' id='word_1_408' title='bbox 1159 1739 1263 1772; x_wconf 86' lang='lat' dir='ltr'>unitas</span> <span class='ocrx_word' id='word_1_409' title='bbox 1278 1734 1484 1771; x_wconf 88' lang='lat' dir='ltr'>identitatem</span> 
     </span>
     <span class='ocr_line' id='line_1_35' title="bbox 102 1780 1489 1833; baseline 0.002 -16"><span class='ocrx_word' id='word_1_410' title='bbox 102 1780 224 1825; x_wconf 84' lang='lat' dir='ltr'>efficit,</span> <span class='ocrx_word' id='word_1_411' title='bbox 238 1782 301 1818; x_wconf 86' lang='lat' dir='ltr'>sive</span> <span class='ocrx_word' id='word_1_412' title='bbox 314 1786 347 1819; x_wconf 93' lang='lat' dir='ltr'>in</span> <span class='ocrx_word' id='word_1_413' title='bbox 368 1785 551 1832; x_wconf 86' lang='lat' dir='ltr'>quantitate</span> <span class='ocrx_word' id='word_1_414' title='bbox 565 1813 575 1828; x_wconf 92' lang='lat'>,</span> <span class='ocrx_word' id='word_1_415' title='bbox 594 1796 667 1833; x_wconf 66' lang='lat' dir='ltr'>quse</span> <span class='ocrx_word' id='word_1_416' title='bbox 682 1784 899 1833; x_wconf 81' lang='lat' dir='ltr'>aequalitatern</span> <span class='ocrx_word' id='word_1_417' title='bbox 921 1801 931 1829; x_wconf 86' lang='lat'>·‚</span> <span class='ocrx_word' id='word_1_418' title='bbox 957 1783 1020 1821; x_wconf 85' lang='lat' dir='ltr'>five</span> <span class='ocrx_word' id='word_1_419' title='bbox 1044 1788 1078 1821; x_wconf 90' lang='lat' dir='ltr'>in</span> <span class='ocrx_word' id='word_1_420' title='bbox 1091 1785 1268 1833; x_wconf 84' lang='lat' dir='ltr'>qualitate,</span> <span class='ocrx_word' id='word_1_421' title='bbox 1288 1797 1362 1832; x_wconf 85' lang='lat' dir='ltr'>quae</span> <span class='ocrx_word' id='word_1_422' title='bbox 1377 1782 1489 1820; x_wconf 69' lang='lat' dir='ltr'>simili-</span> 
     </span>
     <span class='ocr_line' id='line_1_36' title="bbox 102 1832 361 1880; baseline 0.004 -14"><span class='ocrx_word' id='word_1_423' title='bbox 102 1832 249 1867; x_wconf 81' lang='lat' dir='ltr'>tudinem</span> <span class='ocrx_word' id='word_1_424' title='bbox 266 1835 361 1880; x_wconf 88' lang='lat' dir='ltr'>parit.</span> 
     </span>
    </p>

    <p class='ocr_par' dir='ltr' id='par_1_8' title="bbox 102 1880 1490 2227">
     <span class='ocr_line' id='line_1_37' title="bbox 137 1880 1490 1924; baseline 0.001 -9"><span class='ocrx_word' id='word_1_425' title='bbox 137 1880 224 1916; x_wconf 88' lang='lat' dir='ltr'>Cum</span> <span class='ocrx_word' id='word_1_426' title='bbox 245 1894 292 1915; x_wconf 89' lang='lat' dir='ltr'>res</span> <span class='ocrx_word' id='word_1_427' title='bbox 305 1883 388 1916; x_wconf 87' lang='lat' dir='ltr'>inter</span> <span class='ocrx_word' id='word_1_428' title='bbox 402 1881 432 1917; x_wconf 90' lang='lat' dir='ltr'>se</span> <span class='ocrx_word' id='word_1_429' title='bbox 442 1881 620 1924; x_wconf 79' lang='lat' dir='ltr'>discrepant</span> <span class='ocrx_word' id='word_1_430' title='bbox 629 1910 638 1924; x_wconf 83' lang='lat'>‚</span> <span class='ocrx_word' id='word_1_431' title='bbox 653 1893 721 1917; x_wconf 85' lang='lat' dir='ltr'>tum</span> <span class='ocrx_word' id='word_1_432' title='bbox 732 1895 881 1918; x_wconf 89' lang='lat' dir='ltr'>numerus</span> <span class='ocrx_word' id='word_1_433' title='bbox 893 1884 1008 1918; x_wconf 89' lang='lat' dir='ltr'>dicitur</span> <span class='ocrx_word' id='word_1_434' title='bbox 1017 1883 1100 1918; x_wconf 90' lang='lat' dir='ltr'>illius</span> <span class='ocrx_word' id='word_1_435' title='bbox 1113 1881 1280 1917; x_wconf 88' lang='lat' dir='ltr'>relationis</span> <span class='ocrx_word' id='word_1_436' title='bbox 1293 1881 1490 1917; x_wconf 73' lang='lat' dir='ltr'>fundamen-</span> 
     </span>
     <span class='ocr_line' id='line_1_38' title="bbox 102 1929 1490 1979; baseline 0.001 -15"><span class='ocrx_word' id='word_1_437' title='bbox 102 1939 183 1965; x_wconf 82' lang='lat' dir='ltr'>tum.</span> <span class='ocrx_word' id='word_1_438' title='bbox 203 1933 278 1966; x_wconf 91' lang='lat' dir='ltr'>Sive</span> <span class='ocrx_word' id='word_1_439' title='bbox 296 1932 331 1966; x_wconf 88' lang='lat' dir='ltr'>in</span> <span class='ocrx_word' id='word_1_440' title='bbox 343 1929 472 1965; x_wconf 85' lang='lat' dir='ltr'>effentia</span> <span class='ocrx_word' id='word_1_441' title='bbox 485 1929 670 1974; x_wconf 83' lang='lat' dir='ltr'>diffideant,</span> <span class='ocrx_word' id='word_1_442' title='bbox 687 1944 760 1979; x_wconf 85' lang='lat' dir='ltr'>quae</span> <span class='ocrx_word' id='word_1_443' title='bbox 776 1931 893 1967; x_wconf 87' lang='lat' dir='ltr'>relatio</span> <span class='ocrx_word' id='word_1_444' title='bbox 903 1943 1038 1968; x_wconf 83' lang='lat' dir='ltr'>vocatur</span> <span class='ocrx_word' id='word_1_445' title='bbox 1050 1930 1215 1970; x_wconf 77' lang='lat' dir='ltr'>diversitas</span> <span class='ocrx_word' id='word_1_446' title='bbox 1232 1948 1242 1975; x_wconf 90' lang='lat'>·‚</span> <span class='ocrx_word' id='word_1_447' title='bbox 1260 1929 1323 1966; x_wconf 86' lang='lat' dir='ltr'>sive</span> <span class='ocrx_word' id='word_1_448' title='bbox 1340 1933 1373 1965; x_wconf 92' lang='lat' dir='ltr'>in</span> <span class='ocrx_word' id='word_1_449' title='bbox 1386 1943 1490 1978; x_wconf 86' lang='lat' dir='ltr'>quan-</span> 
     </span>
     <span class='ocr_line' id='line_1_39' title="bbox 103 1978 1487 2030; baseline -0.002 -16"><span class='ocrx_word' id='word_1_450' title='bbox 103 1980 209 2024; x_wconf 80' lang='lat' dir='ltr'>titate,</span> <span class='ocrx_word' id='word_1_451' title='bbox 219 1984 303 2029; x_wconf 82' lang='lat' dir='ltr'>cujus</span> <span class='ocrx_word' id='word_1_452' title='bbox 315 1982 441 2028; x_wconf 84' lang='lat' dir='ltr'>generis</span> <span class='ocrx_word' id='word_1_453' title='bbox 457 1978 528 2014; x_wconf 89' lang='lat' dir='ltr'>sunt</span> <span class='ocrx_word' id='word_1_454' title='bbox 542 1991 625 2028; x_wconf 88' lang='lat' dir='ltr'>pene</span> <span class='ocrx_word' id='word_1_455' title='bbox 643 1979 776 2016; x_wconf 83' lang='lat' dir='ltr'>infinitae</span> <span class='ocrx_word' id='word_1_456' title='bbox 786 1983 1014 2029; x_wconf 88' lang='lat' dir='ltr'>proportiones</span> <span class='ocrx_word' id='word_1_457' title='bbox 1025 1994 1104 2030; x_wconf 88' lang='lat' dir='ltr'>quas</span> <span class='ocrx_word' id='word_1_458' title='bbox 1120 1982 1312 2015; x_wconf 84' lang='lat' dir='ltr'>Geomettia</span> <span class='ocrx_word' id='word_1_459' title='bbox 1327 1985 1361 2016; x_wconf 90' lang='lat'>&amp;</span> <span class='ocrx_word' id='word_1_460' title='bbox 1374 1979 1487 2014; x_wconf 79' lang='lat' dir='ltr'>Arith-</span> 
     </span>
     <span class='ocr_line' id='line_1_40' title="bbox 102 2027 1490 2077; baseline 0 -13"><span class='ocrx_word' id='word_1_461' title='bbox 102 2030 222 2064; x_wconf 87' lang='lat' dir='ltr'>metica</span> <span class='ocrx_word' id='word_1_462' title='bbox 237 2028 489 2076; x_wconf 69' lang='lat' dir='ltr'>persequuntut3</span> <span class='ocrx_word' id='word_1_463' title='bbox 504 2027 567 2063; x_wconf 85' lang='lat' dir='ltr'>five</span> <span class='ocrx_word' id='word_1_464' title='bbox 587 2030 619 2063; x_wconf 90' lang='lat' dir='ltr'>in</span> <span class='ocrx_word' id='word_1_465' title='bbox 631 2029 805 2077; x_wconf 83' lang='lat' dir='ltr'>qualitate,</span> <span class='ocrx_word' id='word_1_466' title='bbox 821 2031 910 2066; x_wconf 90' lang='lat' dir='ltr'>unde</span> <span class='ocrx_word' id='word_1_467' title='bbox 926 2032 1027 2066; x_wconf 88' lang='lat' dir='ltr'>oritur</span> <span class='ocrx_word' id='word_1_468' title='bbox 1049 2029 1280 2067; x_wconf 84' lang='lat' dir='ltr'>diffimilitudo.</span> <span class='ocrx_word' id='word_1_469' title='bbox 1301 2031 1339 2064; x_wconf 79' lang='lat' dir='ltr'>Et</span> <span class='ocrx_word' id='word_1_470' title='bbox 1354 2028 1490 2075; x_wconf 86' lang='lat' dir='ltr'>quidem</span> 
     </span>
     <span class='ocr_line' id='line_1_41' title="bbox 104 2076 1487 2125; baseline -0.002 -12"><span class='ocrx_word' id='word_1_471' title='bbox 104 2089 178 2112; x_wconf 87' lang='lat' dir='ltr'>cum</span> <span class='ocrx_word' id='word_1_472' title='bbox 187 2077 441 2125; x_wconf 74' lang='lat' dir='ltr'>duaequalitates</span> <span class='ocrx_word' id='word_1_473' title='bbox 456 2080 539 2112; x_wconf 81' lang='lat' dir='ltr'>inter</span> <span class='ocrx_word' id='word_1_474' title='bbox 554 2076 584 2113; x_wconf 88' lang='lat' dir='ltr'>se</span> <span class='ocrx_word' id='word_1_475' title='bbox 598 2079 827 2115; x_wconf 86' lang='lat' dir='ltr'>conferuntur:</span> <span class='ocrx_word' id='word_1_476' title='bbox 840 2092 874 2116; x_wconf 91' lang='lat' dir='ltr'>ut</span> <span class='ocrx_word' id='word_1_477' title='bbox 891 2080 958 2115; x_wconf 86' lang='lat' dir='ltr'>duae</span> <span class='ocrx_word' id='word_1_478' title='bbox 971 2078 1140 2115; x_wconf 86' lang='lat' dir='ltr'>albedines</span> <span class='ocrx_word' id='word_1_479' title='bbox 1151 2109 1161 2123; x_wconf 93' lang='lat'>,</span> <span class='ocrx_word' id='word_1_480' title='bbox 1185 2090 1238 2113; x_wconf 86' lang='lat' dir='ltr'>aut</span> <span class='ocrx_word' id='word_1_481' title='bbox 1252 2077 1371 2113; x_wconf 89' lang='lat' dir='ltr'>albedo</span> <span class='ocrx_word' id='word_1_482' title='bbox 1389 2082 1423 2114; x_wconf 89' lang='lat'>&amp;</span> <span class='ocrx_word' id='word_1_483' title='bbox 1437 2079 1487 2112; x_wconf 89' lang='lat' dir='ltr'>ni-</span> 
     </span>
     <span class='ocr_line' id='line_1_42' title="bbox 104 2126 1488 2175; baseline 0.001 -15"><span class='ocrx_word' id='word_1_484' title='bbox 104 2127 206 2175; x_wconf 80' lang='lat' dir='ltr'>gredo</span> <span class='ocrx_word' id='word_1_485' title='bbox 217 2156 226 2170; x_wconf 90' lang='lat'>‚</span> <span class='ocrx_word' id='word_1_486' title='bbox 248 2138 315 2163; x_wconf 84' lang='lat' dir='ltr'>turn</span> <span class='ocrx_word' id='word_1_487' title='bbox 325 2127 372 2161; x_wconf 88' lang='lat' dir='ltr'>est</span> <span class='ocrx_word' id='word_1_488' title='bbox 383 2128 537 2165; x_wconf 81' lang='lat' dir='ltr'>identitas</span> <span class='ocrx_word' id='word_1_489' title='bbox 549 2155 559 2170; x_wconf 90' lang='lat'>,</span> <span class='ocrx_word' id='word_1_490' title='bbox 587 2126 824 2171; x_wconf 76' lang='lat' dir='ltr'>veldiversitas3</span> <span class='ocrx_word' id='word_1_491' title='bbox 841 2128 895 2165; x_wconf 87' lang='lat' dir='ltr'>sed</span> <span class='ocrx_word' id='word_1_492' title='bbox 913 2129 969 2164; x_wconf 85' lang='lat' dir='ltr'>ubi</span> <span class='ocrx_word' id='word_1_493' title='bbox 989 2129 1054 2164; x_wconf 89' lang='lat' dir='ltr'>duo</span> <span class='ocrx_word' id='word_1_494' title='bbox 1072 2128 1146 2163; x_wconf 88' lang='lat' dir='ltr'>alba</span> <span class='ocrx_word' id='word_1_495' title='bbox 1161 2157 1171 2172; x_wconf 90' lang='lat'>‚</span> <span class='ocrx_word' id='word_1_496' title='bbox 1195 2127 1247 2162; x_wconf 89' lang='lat' dir='ltr'>seu</span> <span class='ocrx_word' id='word_1_497' title='bbox 1262 2126 1435 2173; x_wconf 82' lang='lat' dir='ltr'>qualitates</span> <span class='ocrx_word' id='word_1_498' title='bbox 1451 2129 1488 2167; x_wconf 84' lang='lat' dir='ltr'>in</span> 
     </span>
     <span class='ocr_line' id='line_1_43' title="bbox 107 2174 1486 2227; baseline 0.001 -18"><span class='ocrx_word' id='word_1_499' title='bbox 107 2187 261 2211; x_wconf 85' lang='lat' dir='ltr'>concreto</span> <span class='ocrx_word' id='word_1_500' title='bbox 276 2187 521 2224; x_wconf 85' lang='lat' dir='ltr'>comparantur,</span> <span class='ocrx_word' id='word_1_501' title='bbox 538 2187 609 2212; x_wconf 85' lang='lat' dir='ltr'>tum</span> <span class='ocrx_word' id='word_1_502' title='bbox 626 2175 800 2213; x_wconf 85' lang='lat' dir='ltr'>similitudo</span> <span class='ocrx_word' id='word_1_503' title='bbox 809 2181 946 2227; x_wconf 85' lang='lat' dir='ltr'>emergit</span> <span class='ocrx_word' id='word_1_504' title='bbox 959 2207 969 2222; x_wconf 89' lang='lat'><em>‚</em></span> <span class='ocrx_word' id='word_1_505' title='bbox 980 2189 1033 2212; x_wconf 89' lang='lat' dir='ltr'>aut</span> <span class='ocrx_word' id='word_1_506' title='bbox 1047 2175 1280 2214; x_wconf 72' lang='lat' dir='ltr'>dissimilitudo.</span> <span class='ocrx_word' id='word_1_507' title='bbox 1297 2175 1345 2209; x_wconf 83' lang='lat' dir='ltr'>Ac</span> <span class='ocrx_word' id='word_1_508' title='bbox 1360 2174 1486 2211; x_wconf 88' lang='lat' dir='ltr'>nullum</span> 
     </span>
    </p>

    <p class='ocr_par' dir='ltr' id='par_1_9' title="bbox 107 2223 1487 2368">
     <span class='ocr_line' id='line_1_44' title="bbox 109 2223 1487 2272; baseline 0.004 -15"><span class='ocrx_word' id='word_1_509' title='bbox 109 2223 153 2257; x_wconf 84' lang='lat' dir='ltr'>est</span> <span class='ocrx_word' id='word_1_510' title='bbox 162 2225 443 2269; x_wconf 75' lang='lat' dir='ltr'>praedicamentum</span> <span class='ocrx_word' id='word_1_511' title='bbox 457 2225 543 2272; x_wconf 84' lang='lat' dir='ltr'>quod</span> <span class='ocrx_word' id='word_1_512' title='bbox 561 2224 726 2262; x_wconf 83' lang='lat' dir='ltr'>relationis</span> <span class='ocrx_word' id='word_1_513' title='bbox 745 2227 994 2262; x_wconf 88' lang='lat' dir='ltr'>fundamentum</span> <span class='ocrx_word' id='word_1_514' title='bbox 1008 2224 1069 2262; x_wconf 83' lang='lat' dir='ltr'>effe</span> <span class='ocrx_word' id='word_1_515' title='bbox 1084 2240 1151 2263; x_wconf 88' lang='lat' dir='ltr'>non</span> <span class='ocrx_word' id='word_1_516' title='bbox 1165 2223 1276 2271; x_wconf 82' lang='lat' dir='ltr'>poffit‚</span> <span class='ocrx_word' id='word_1_517' title='bbox 1299 2224 1396 2271; x_wconf 78' lang='lat' dir='ltr'>idque</span> <span class='ocrx_word' id='word_1_518' title='bbox 1414 2253 1423 2267; x_wconf 92' lang='lat'><strong>,</strong></span> <span class='ocrx_word' id='word_1_519' title='bbox 1449 2234 1487 2259; x_wconf 89' lang='lat' dir='ltr'>ut</span> 
     </span>
     <span class='ocr_line' id='line_1_45' title="bbox 107 2270 1486 2322; baseline 0.003 -19"><span class='ocrx_word' id='word_1_520' title='bbox 107 2270 259 2313; x_wconf 83' lang='lat' dir='ltr'>diximus,</span> <span class='ocrx_word' id='word_1_521' title='bbox 276 2276 308 2308; x_wconf 89' lang='lat' dir='ltr'>in</span> <span class='ocrx_word' id='word_1_522' title='bbox 320 2277 441 2310; x_wconf 81' lang='lat' dir='ltr'>unitate</span> <span class='ocrx_word' id='word_1_523' title='bbox 453 2303 463 2318; x_wconf 91' lang='lat'>‚</span> <span class='ocrx_word' id='word_1_524' title='bbox 483 2273 536 2309; x_wconf 87' lang='lat' dir='ltr'>seu</span> <span class='ocrx_word' id='word_1_525' title='bbox 551 2277 798 2319; x_wconf 88' lang='lat' dir='ltr'>convenientia,</span> <span class='ocrx_word' id='word_1_526' title='bbox 819 2288 874 2312; x_wconf 85' lang='lat' dir='ltr'>aut</span> <span class='ocrx_word' id='word_1_527' title='bbox 888 2279 919 2313; x_wconf 89' lang='lat' dir='ltr'>in</span> <span class='ocrx_word' id='word_1_528' title='bbox 935 2288 1086 2319; x_wconf 84' lang='lat' dir='ltr'>numero,</span> <span class='ocrx_word' id='word_1_529' title='bbox 1103 2274 1154 2310; x_wconf 88' lang='lat' dir='ltr'>sen</span> <span class='ocrx_word' id='word_1_530' title='bbox 1166 2277 1197 2310; x_wconf 84' lang='lat' dir='ltr'>in</span> <span class='ocrx_word' id='word_1_531' title='bbox 1208 2271 1389 2310; x_wconf 80' lang='lat' dir='ltr'>diversitate</span> <span class='ocrx_word' id='word_1_532' title='bbox 1403 2284 1486 2322; x_wconf 86' lang='lat' dir='ltr'>qua-</span> 
     </span>
     <span class='ocr_line' id='line_1_46' title="bbox 107 2319 436 2368; baseline 0.012 -14"><span class='ocrx_word' id='word_1_533' title='bbox 107 2319 183 2354; x_wconf 86' lang='lat' dir='ltr'>dam</span> <span class='ocrx_word' id='word_1_534' title='bbox 203 2320 340 2368; x_wconf 82' lang='lat' dir='ltr'>positum</span> <span class='ocrx_word' id='word_1_535' title='bbox 365 2326 436 2362; x_wconf 82' lang='lat' dir='ltr'>erit.</span> 
     </span>
    </p>
   </div>
   <div class='ocr_carea' id='block_1_2' title="bbox 137 2368 1486 2468">
    <p class='ocr_par' dir='ltr' id='par_1_10' title="bbox 137 2368 1486 2468">
     <span class='ocr_line' id='line_1_47' title="bbox 137 2368 1486 2457; baseline 0.001 -53"><span class='ocrx_word' id='word_1_536' title='bbox 137 2368 226 2406; x_wconf 78' lang='lat' dir='ltr'>Cum</span> <span class='ocrx_word' id='word_1_537' title='bbox 236 2381 513 2412; x_wconf 68' lang='lat' dir='ltr'>aiitemununiex</span> <span class='ocrx_word' id='word_1_538' title='bbox 529 2377 567 2411; x_wconf 87' lang='lat' dir='ltr'>iis</span> <span class='ocrx_word' id='word_1_539' title='bbox 578 2386 648 2424; x_wconf 78' lang='lat' dir='ltr'>quae</span> <span class='ocrx_word' id='word_1_540' title='bbox 657 2375 741 2411; x_wconf 82' lang='lat' dir='ltr'>inter</span> <span class='ocrx_word' id='word_1_541' title='bbox 752 2371 783 2412; x_wconf 75' lang='lat' dir='ltr'>,se</span> <span class='ocrx_word' id='word_1_542' title='bbox 795 2373 1063 2419; x_wconf 79' lang='lat' dir='ltr'>conferuntur‚est</span> <span class='ocrx_word' id='word_1_543' title='bbox 1074 2372 1203 2410; x_wconf 87' lang='lat' dir='ltr'>alterius</span> <span class='ocrx_word' id='word_1_544' title='bbox 1217 2370 1393 2457; x_wconf 42' lang='lat' dir='ltr'>effi-usassum</span> <span class='ocrx_word' id='word_1_545' title='bbox 1403 2370 1486 2407; x_wconf 80' lang='lat' dir='ltr'>illius</span> 
     </span>
     <span class='ocr_line' id='line_1_48' title="bbox 1285 2433 1318 2468; baseline -0.03 -13"><span class='ocrx_word' id='word_1_546' title='bbox 1285 2433 1318 2468; x_wconf 75' lang='lat' dir='ltr'>u]</span> 
     </span>
    </p>
   </div>
  </div>
 </body>
</html>
