<?xml version="1.0" encoding="UTF-8"?>
<!DOCTYPE html PUBLIC "-//W3C//DTD XHTML 1.0 Transitional//EN"
    "http://www.w3.org/TR/xhtml1/DTD/xhtml1-transitional.dtd">
<html xmlns="http://www.w3.org/1999/xhtml" xml:lang="en" lang="en">
 <head>
  <title>
</title>
<meta http-equiv="Content-Type" content="text/html;charset=utf-8" />
  <meta name='ocr-system' content='tesseract 3.04.00' />
  <meta name='ocr-capabilities' content='ocr_page ocr_carea ocr_par ocr_line ocrx_word'/>
</head>
<body>
  <div class='ocr_page' id='page_1' title='image "./philosophiavetus01duhauoft_0091.png"; bbox 0 0 1857 2745; ppageno 0'>
   <div class='ocr_carea' id='block_1_1' title="bbox 104 123 1537 2475">
    <p class='ocr_par' dir='ltr' id='par_1_1' title="bbox 113 123 1501 370">
     <span class='ocr_line' id='line_1_1' title="bbox 619 123 1488 161; baseline -0.001 -1"><span class='ocrx_word' id='word_1_1' title='bbox 619 123 979 161; x_wconf 78' lang='lat' dir='ltr'>GENERATiM.</span> <span class='ocrx_word' id='word_1_2' title='bbox 1169 154 1171 156; x_wconf 87' lang='lat'>.</span> <span class='ocrx_word' id='word_1_3' title='bbox 1447 129 1488 161; x_wconf 83' lang='lat'>69</span> 
     </span>
     <span class='ocr_line' id='line_1_2' title="bbox 113 170 1492 224; baseline -0.006 -11"><span class='ocrx_word' id='word_1_4' title='bbox 113 177 292 224; x_wconf 79' lang='lat' dir='ltr'>complures</span> <span class='ocrx_word' id='word_1_5' title='bbox 306 175 405 211; x_wconf 87' lang='lat' dir='ltr'>ullam</span> <span class='ocrx_word' id='word_1_6' title='bbox 421 176 460 209; x_wconf 91' lang='lat' dir='ltr'>de</span> <span class='ocrx_word' id='word_1_7' title='bbox 481 176 518 210; x_wconf 86' lang='lat' dir='ltr'>iis</span> <span class='ocrx_word' id='word_1_8' title='bbox 537 173 708 209; x_wconf 68' lang='lat' dir='ltr'>simulacris</span> <span class='ocrx_word' id='word_1_9' title='bbox 723 186 812 208; x_wconf 85' lang='lat' dir='ltr'>extra</span> <span class='ocrx_word' id='word_1_10' title='bbox 827 177 936 209; x_wconf 89' lang='lat' dir='ltr'>Deum</span> <span class='ocrx_word' id='word_1_11' title='bbox 945 171 1053 222; x_wconf 88' lang='lat' dir='ltr'>positis</span> <span class='ocrx_word' id='word_1_12' title='bbox 1063 170 1383 210; x_wconf 78' lang='lat' dir='ltr'>mentionem-fecere</span> <span class='ocrx_word' id='word_1_13' title='bbox 1394 186 1402 208; x_wconf 91' lang='lat'><strong>:</strong></span> <span class='ocrx_word' id='word_1_14' title='bbox 1413 183 1492 221; x_wconf 84' lang='lat' dir='ltr'>ergo</span> 
     </span>
     <span class='ocr_line' id='line_1_3' title="bbox 115 220 1492 271; baseline -0.006 -9"><span class='ocrx_word' id='word_1_15' title='bbox 115 227 194 263; x_wconf 81' lang='lat' dir='ltr'>falso</span> <span class='ocrx_word' id='word_1_16' title='bbox 205 226 269 261; x_wconf 69' lang='lat' dir='ltr'>liaec</span> <span class='ocrx_word' id='word_1_17' title='bbox 283 226 373 260; x_wconf 87' lang='lat' dir='ltr'>velut</span> <span class='ocrx_word' id='word_1_18' title='bbox 386 224 472 260; x_wconf 82' lang='lat' dir='ltr'>Idola</span> <span class='ocrx_word' id='word_1_19' title='bbox 489 253 498 268; x_wconf 85' lang='lat'>,</span> <span class='ocrx_word' id='word_1_20' title='bbox 510 229 542 261; x_wconf 54' lang='grc' dir='ltr'>ἃ</span> <span class='ocrx_word' id='word_1_21' title='bbox 567 222 658 258; x_wconf 87' lang='lat' dir='ltr'>otiosi</span> <span class='ocrx_word' id='word_1_22' title='bbox 687 225 808 271; x_wconf 80' lang='lat' dir='ltr'>ingenii</span> <span class='ocrx_word' id='word_1_23' title='bbox 836 222 990 270; x_wconf 83' lang='lat' dir='ltr'>figmenta</span> <span class='ocrx_word' id='word_1_24' title='bbox 1003 221 1134 258; x_wconf 86' lang='lat' dir='ltr'>Platorii</span> <span class='ocrx_word' id='word_1_25' title='bbox 1147 220 1338 256; x_wconf 81' lang='lat' dir='ltr'>tribuuntur.</span> <span class='ocrx_word' id='word_1_26' title='bbox 1352 224 1422 255; x_wconf 89' lang='lat' dir='ltr'>Imo</span> <span class='ocrx_word' id='word_1_27' title='bbox 1439 223 1492 256; x_wconf 88' lang='lat' dir='ltr'>di..</span> 
     </span>
     <span class='ocr_line' id='line_1_4' title="bbox 115 270 1501 321; baseline -0.004 -9"><span class='ocrx_word' id='word_1_28' title='bbox 115 274 278 312; x_wconf 80' lang='lat' dir='ltr'>sertiffime</span> <span class='ocrx_word' id='word_1_29' title='bbox 291 275 385 311; x_wconf 88' lang='lat' dir='ltr'>Plato</span> <span class='ocrx_word' id='word_1_30' title='bbox 399 277 432 309; x_wconf 89' lang='lat' dir='ltr'>iii</span> <span class='ocrx_word' id='word_1_31' title='bbox 443 275 474 309; x_wconf 89' lang='lat' dir='ltr'>T</span> <span class='ocrx_word' id='word_1_32' title='bbox 478 276 570 308; x_wconf 82' lang='lat' dir='ltr'>imaeo</span> <span class='ocrx_word' id='word_1_33' title='bbox 583 301 594 316; x_wconf 88' lang='lat'>,</span> <span class='ocrx_word' id='word_1_34' title='bbox 611 271 669 306; x_wconf 90' lang='lat' dir='ltr'>ubi</span> <span class='ocrx_word' id='word_1_35' title='bbox 685 273 794 308; x_wconf 84' lang='lat' dir='ltr'>mundi</span> <span class='ocrx_word' id='word_1_36' title='bbox 812 274 973 321; x_wconf 82' lang='lat' dir='ltr'>originem</span> <span class='ocrx_word' id='word_1_37' title='bbox 989 270 1140 307; x_wconf 82' lang='lat' dir='ltr'>describit</span> <span class='ocrx_word' id='word_1_38' title='bbox 1153 299 1162 315; x_wconf 87' lang='lat'>‚</span> <span class='ocrx_word' id='word_1_39' title='bbox 1181 270 1277 305; x_wconf 91' lang='lat' dir='ltr'>docet</span> <span class='ocrx_word' id='word_1_40' title='bbox 1308 271 1463 305; x_wconf 76' lang='lat' dir='ltr'>mundum</span> <span class='ocrx_word' id='word_1_41' title='bbox 1479 270 1501 306; x_wconf 72' lang='grc' dir='ltr'>ὲ</span> 
     </span>
     <span class='ocr_line' id='line_1_5' title="bbox 115 318 1486 370; baseline -0.004 -11"><span class='ocrx_word' id='word_1_42' title='bbox 115 328 190 363; x_wconf 87' lang='lat' dir='ltr'>Deo</span> <span class='ocrx_word' id='word_1_43' title='bbox 201 354 210 367; x_wconf 90' lang='lat'>,</span> <span class='ocrx_word' id='word_1_44' title='bbox 225 338 296 359; x_wconf 89' lang='lat' dir='ltr'>cum</span> <span class='ocrx_word' id='word_1_45' title='bbox 315 324 438 366; x_wconf 87' lang='lat' dir='ltr'>voluit,</span> <span class='ocrx_word' id='word_1_46' title='bbox 450 328 540 370; x_wconf 86' lang='lat' dir='ltr'>juxta</span> <span class='ocrx_word' id='word_1_47' title='bbox 553 321 733 370; x_wconf 82' lang='lat' dir='ltr'>exemplat,</span> <span class='ocrx_word' id='word_1_48' title='bbox 747 321 835 369; x_wconf 90' lang='lat' dir='ltr'>quod</span> <span class='ocrx_word' id='word_1_49' title='bbox 846 333 956 356; x_wconf 90' lang='lat' dir='ltr'>mente</span> <span class='ocrx_word' id='word_1_50' title='bbox 969 332 1181 370; x_wconf 85' lang='lat' dir='ltr'>conceperat,</span> <span class='ocrx_word' id='word_1_51' title='bbox 1200 320 1370 354; x_wconf 87' lang='lat' dir='ltr'>conditum</span> <span class='ocrx_word' id='word_1_52' title='bbox 1381 318 1486 354; x_wconf 75' lang='lat' dir='ltr'>fuisse.</span> 
     </span>
    </p>

    <p class='ocr_par' dir='ltr' id='par_1_2' title="bbox 116 368 1505 656">
     <span class='ocr_line' id='line_1_6' title="bbox 157 368 1503 422; baseline -0.004 -14"><span class='ocrx_word' id='word_1_53' title='bbox 157 376 209 408; x_wconf 88' lang='lat' dir='ltr'>Sic</span> <span class='ocrx_word' id='word_1_54' title='bbox 227 377 258 408; x_wconf 90' lang='lat' dir='ltr'>in</span> <span class='ocrx_word' id='word_1_55' title='bbox 278 373 440 422; x_wconf 82' lang='lat' dir='ltr'>Dialogo‚</span> <span class='ocrx_word' id='word_1_56' title='bbox 458 375 514 420; x_wconf 90' lang='lat' dir='ltr'>qui</span> <span class='ocrx_word' id='word_1_57' title='bbox 529 373 737 421; x_wconf 36' lang='lat' dir='ltr'>Hippian&amp;</span> <span class='ocrx_word' id='word_1_58' title='bbox 749 374 780 406; x_wconf 91' lang='lat' dir='ltr'>in</span> <span class='ocrx_word' id='word_1_59' title='bbox 797 384 855 415; x_wconf 88' lang='lat' dir='ltr'>eo,</span> <span class='ocrx_word' id='word_1_60' title='bbox 872 373 928 418; x_wconf 91' lang='lat' dir='ltr'>qui</span> <span class='ocrx_word' id='word_1_61' title='bbox 943 370 1150 407; x_wconf 72' lang='lat' dir='ltr'>Parmenides</span> <span class='ocrx_word' id='word_1_62' title='bbox 1169 368 1368 406; x_wconf 80' lang='lat' dir='ltr'>inscribitur,</span> <span class='ocrx_word' id='word_1_63' title='bbox 1392 370 1503 403; x_wconf 89' lang='lat' dir='ltr'>Deum</span> 
     </span>
     <span class='ocr_line' id='line_1_7' title="bbox 117 417 1504 471; baseline -0.006 -13"><span class='ocrx_word' id='word_1_64' title='bbox 117 421 177 458; x_wconf 82' lang='lat' dir='ltr'>esse</span> <span class='ocrx_word' id='word_1_65' title='bbox 195 422 348 471; x_wconf 87' lang='lat' dir='ltr'>opificem</span> <span class='ocrx_word' id='word_1_66' title='bbox 385 421 644 458; x_wconf 78' lang='lat' dir='ltr'>raestantiffimum</span> <span class='ocrx_word' id='word_1_67' title='bbox 657 449 667 464; x_wconf 84' lang='lat'>,</span> <span class='ocrx_word' id='word_1_68' title='bbox 680 421 766 455; x_wconf 86' lang='lat' dir='ltr'>ideas</span> <span class='ocrx_word' id='word_1_69' title='bbox 784 433 851 457; x_wconf 89' lang='lat' dir='ltr'>non</span> <span class='ocrx_word' id='word_1_70' title='bbox 868 419 968 463; x_wconf 85' lang='lat' dir='ltr'>alibi,</span> <span class='ocrx_word' id='word_1_71' title='bbox 981 433 1081 468; x_wconf 83' lang='lat' dir='ltr'>quani</span> <span class='ocrx_word' id='word_1_72' title='bbox 1101 422 1134 454; x_wconf 88' lang='lat' dir='ltr'>in</span> <span class='ocrx_word' id='word_1_73' title='bbox 1155 428 1266 453; x_wconf 85' lang='lat' dir='ltr'>mente</span> <span class='ocrx_word' id='word_1_74' title='bbox 1289 417 1504 465; x_wconf 79' lang='lat' dir='ltr'>intelligentis</span> 
     </span>
     <span class='ocr_line' id='line_1_8' title="bbox 116 465 1504 521; baseline -0.004 -15"><span class='ocrx_word' id='word_1_75' title='bbox 116 472 274 521; x_wconf 84' lang='lat' dir='ltr'>cujusdam</span> <span class='ocrx_word' id='word_1_76' title='bbox 291 474 342 507; x_wconf 91' lang='lat' dir='ltr'>ine</span> <span class='ocrx_word' id='word_1_77' title='bbox 369 484 386 506; x_wconf 94' lang='lat' dir='ltr'>e</span> <span class='ocrx_word' id='word_1_78' title='bbox 403 472 519 507; x_wconf 84' lang='lat' dir='ltr'>docet‚·</span> <span class='ocrx_word' id='word_1_79' title='bbox 535 483 571 506; x_wconf 86' lang='lat' dir='ltr'>ac</span> <span class='ocrx_word' id='word_1_80' title='bbox 583 472 713 506; x_wconf 90' lang='lat' dir='ltr'>demum</span> <span class='ocrx_word' id='word_1_81' title='bbox 725 469 891 506; x_wconf 79' lang='lat' dir='ltr'>concludit</span> <span class='ocrx_word' id='word_1_82' title='bbox 906 468 1134 505; x_wconf 79' lang='lat' dir='ltr'>admirabilem</span> <span class='ocrx_word' id='word_1_83' title='bbox 1156 467 1238 501; x_wconf 88' lang='lat' dir='ltr'>iilius</span> <span class='ocrx_word' id='word_1_84' title='bbox 1258 465 1439 501; x_wconf 85' lang='lat' dir='ltr'>sermonem</span> <span class='ocrx_word' id='word_1_85' title='bbox 1450 465 1504 500; x_wconf 89' lang='lat' dir='ltr'>fo-</span> 
     </span>
     <span class='ocr_line' id='line_1_9' title="bbox 116 515 1504 569; baseline -0.004 -14"><span class='ocrx_word' id='word_1_86' title='bbox 116 533 151 556; x_wconf 86' lang='lat' dir='ltr'>re</span> <span class='ocrx_word' id='word_1_87' title='bbox 165 550 174 565; x_wconf 83' lang='grc'>,</span> <span class='ocrx_word' id='word_1_88' title='bbox 191 524 247 569; x_wconf 87' lang='lat' dir='ltr'>qui</span> <span class='ocrx_word' id='word_1_89' title='bbox 261 522 347 555; x_wconf 84' lang='lat' dir='ltr'>ideas</span> <span class='ocrx_word' id='word_1_90' title='bbox 367 521 515 557; x_wconf 85' lang='lat' dir='ltr'>tolleret:</span> <span class='ocrx_word' id='word_1_91' title='bbox 534 523 689 569; x_wconf 86' lang='lat' dir='ltr'>quoniam</span> <span class='ocrx_word' id='word_1_92' title='bbox 708 523 783 556; x_wconf 93' lang='lat' dir='ltr'>Deo</span> <span class='ocrx_word' id='word_1_93' title='bbox 795 520 1019 568; x_wconf 81' lang='lat' dir='ltr'>cognitionem</span> <span class='ocrx_word' id='word_1_94' title='bbox 1027 529 1162 553; x_wconf 87' lang='lat' dir='ltr'>omnem</span> <span class='ocrx_word' id='word_1_95' title='bbox 1173 517 1323 563; x_wconf 86' lang='lat' dir='ltr'>eriperet.</span> <span class='ocrx_word' id='word_1_96' title='bbox 1337 515 1461 549; x_wconf 78' lang='lat' dir='ltr'>Eodem</span> <span class='ocrx_word' id='word_1_97' title='bbox 1472 518 1504 550; x_wconf 86' lang='lat' dir='ltr'>in</span> 
     </span>
     <span class='ocr_line' id='line_1_10' title="bbox 116 563 1505 619; baseline -0.007 -13"><span class='ocrx_word' id='word_1_98' title='bbox 116 570 191 606; x_wconf 90' lang='lat' dir='ltr'>loco</span> <span class='ocrx_word' id='word_1_99' title='bbox 210 571 418 606; x_wconf 69' lang='lat' dir='ltr'>Parmenides</span> <span class='ocrx_word' id='word_1_100' title='bbox 430 570 638 619; x_wconf 85' lang='lat' dir='ltr'>reprehendit</span> <span class='ocrx_word' id='word_1_101' title='bbox 648 568 916 617; x_wconf 83' lang='lat' dir='ltr'>Socratem,quod</span> <span class='ocrx_word' id='word_1_102' title='bbox 928 569 1014 604; x_wconf 91' lang='lat' dir='ltr'>ideas</span> <span class='ocrx_word' id='word_1_103' title='bbox 1030 579 1137 603; x_wconf 83' lang='lat' dir='ltr'>rerum</span> <span class='ocrx_word' id='word_1_104' title='bbox 1149 563 1372 603; x_wconf 84' lang='lat' dir='ltr'>viliffimatum</span> <span class='ocrx_word' id='word_1_105' title='bbox 1386 563 1505 597; x_wconf 84' lang='lat' dir='ltr'>admit-</span> 
     </span>
     <span class='ocr_line' id='line_1_11' title="bbox 118 619 375 656; baseline 0.004 -1"><span class='ocrx_word' id='word_1_106' title='bbox 118 631 184 655; x_wconf 84' lang='lat' dir='ltr'>tere</span> <span class='ocrx_word' id='word_1_107' title='bbox 202 619 375 656; x_wconf 79' lang='lat' dir='ltr'>dubitaret.</span> 
     </span>
    </p>

    <p class='ocr_par' dir='ltr' id='par_1_3' title="bbox 116 664 1537 1390">
     <span class='ocr_line' id='line_1_12' title="bbox 151 664 1506 718; baseline -0.004 -15"><span class='ocrx_word' id='word_1_108' title='bbox 151 670 262 713; x_wconf 83' lang='lat' dir='ltr'>Qare</span> <span class='ocrx_word' id='word_1_109' title='bbox 276 682 316 704; x_wconf 89' lang='lat' dir='ltr'>ex</span> <span class='ocrx_word' id='word_1_110' title='bbox 328 669 464 705; x_wconf 87' lang='lat' dir='ltr'>Platone</span> <span class='ocrx_word' id='word_1_111' title='bbox 485 668 601 718; x_wconf 77' lang='lat' dir='ltr'>triplex</span> <span class='ocrx_word' id='word_1_112' title='bbox 623 670 666 705; x_wconf 88' lang='lat' dir='ltr'>est</span> <span class='ocrx_word' id='word_1_113' title='bbox 677 681 783 704; x_wconf 85' lang='lat' dir='ltr'>terum</span> <span class='ocrx_word' id='word_1_114' title='bbox 801 667 896 702; x_wconf 87' lang='lat' dir='ltr'>status</span> <span class='ocrx_word' id='word_1_115' title='bbox 911 697 921 711; x_wconf 80' lang='lat'>,</span> <span class='ocrx_word' id='word_1_116' title='bbox 936 666 1047 702; x_wconf 82' lang='lat' dir='ltr'>idealis</span> <span class='ocrx_word' id='word_1_117' title='bbox 1064 669 1098 702; x_wconf 90' lang='lat' dir='ltr'>in</span> <span class='ocrx_word' id='word_1_118' title='bbox 1116 676 1226 701; x_wconf 88' lang='lat' dir='ltr'>mente</span> <span class='ocrx_word' id='word_1_119' title='bbox 1237 664 1346 699; x_wconf 81' lang='lat' dir='ltr'>divina</span> <span class='ocrx_word' id='word_1_120' title='bbox 1361 675 1506 707; x_wconf 65' lang='lat' dir='ltr'>matuta-</span> 
     </span>
     <span class='ocr_line' id='line_1_13' title="bbox 116 711 1501 765; baseline -0.004 -14"><span class='ocrx_word' id='word_1_121' title='bbox 116 718 174 761; x_wconf 86' lang='lat' dir='ltr'>lis,</span> <span class='ocrx_word' id='word_1_122' title='bbox 195 715 270 752; x_wconf 72' lang='lat' dir='ltr'>cum</span> <span class='ocrx_word' id='word_1_123' title='bbox 282 720 535 765; x_wconf 79' lang='lat' dir='ltr'>participatione</span> <span class='ocrx_word' id='word_1_124' title='bbox 551 719 690 765; x_wconf 88' lang='lat' dir='ltr'>quadam</span> <span class='ocrx_word' id='word_1_125' title='bbox 702 716 839 764; x_wconf 82' lang='lat' dir='ltr'>&amp;quasi</span> <span class='ocrx_word' id='word_1_126' title='bbox 855 715 1061 764; x_wconf 72' lang='lat' dir='ltr'>impressione</span> <span class='ocrx_word' id='word_1_127' title='bbox 1072 716 1216 749; x_wconf 85' lang='lat' dir='ltr'>idearum</span> <span class='ocrx_word' id='word_1_128' title='bbox 1237 725 1286 747; x_wconf 82' lang='lat' dir='ltr'>tes</span> <span class='ocrx_word' id='word_1_129' title='bbox 1308 711 1501 754; x_wconf 84' lang='lat' dir='ltr'>efficiuntur;</span> 
     </span>
     <span class='ocr_line' id='line_1_14' title="bbox 117 763 1504 813; baseline -0.005 -10"><span class='ocrx_word' id='word_1_130' title='bbox 117 766 326 803; x_wconf 85' lang='lat' dir='ltr'>&amp;rationalis</span> <span class='ocrx_word' id='word_1_131' title='bbox 338 779 410 802; x_wconf 88' lang='lat' dir='ltr'>cum</span> <span class='ocrx_word' id='word_1_132' title='bbox 425 769 458 801; x_wconf 91' lang='lat' dir='ltr'>in</span> <span class='ocrx_word' id='word_1_133' title='bbox 476 777 589 802; x_wconf 74' lang='lat' dir='ltr'>mentev</span> <span class='ocrx_word' id='word_1_134' title='bbox 598 767 703 801; x_wconf 84' lang='lat' dir='ltr'>nostra</span> <span class='ocrx_word' id='word_1_135' title='bbox 714 794 724 809; x_wconf 85' lang='lat'>‚</span> <span class='ocrx_word' id='word_1_136' title='bbox 742 777 779 800; x_wconf 89' lang='lat' dir='ltr'>ut</span> <span class='ocrx_word' id='word_1_137' title='bbox 791 768 823 800; x_wconf 89' lang='lat' dir='ltr'>in</span> <span class='ocrx_word' id='word_1_138' title='bbox 841 764 1129 813; x_wconf 83' lang='lat' dir='ltr'>speculoquodam</span> <span class='ocrx_word' id='word_1_139' title='bbox 1142 763 1306 811; x_wconf 79' lang='lat' dir='ltr'>refulgent</span> <span class='ocrx_word' id='word_1_140' title='bbox 1317 777 1324 797; x_wconf 91' lang='lat'><strong>:</strong></span> <span class='ocrx_word' id='word_1_141' title='bbox 1335 763 1422 810; x_wconf 92' lang='lat' dir='ltr'>quod</span> <span class='ocrx_word' id='word_1_142' title='bbox 1438 775 1504 797; x_wconf 88' lang='lat' dir='ltr'>tum</span> 
     </span>
     <span class='ocr_line' id='line_1_15' title="bbox 117 809 1506 864; baseline -0.004 -13"><span class='ocrx_word' id='word_1_143' title='bbox 117 815 193 856; x_wconf 78' lang='lat' dir='ltr'>fieri</span> <span class='ocrx_word' id='word_1_144' title='bbox 200 827 314 864; x_wconf 87' lang='lat' dir='ltr'>putat,</span> <span class='ocrx_word' id='word_1_145' title='bbox 327 829 401 851; x_wconf 89' lang='lat' dir='ltr'>cuni</span> <span class='ocrx_word' id='word_1_146' title='bbox 416 828 465 850; x_wconf 87' lang='lat' dir='ltr'>res</span> <span class='ocrx_word' id='word_1_147' title='bbox 484 815 563 864; x_wconf 73' lang='lat' dir='ltr'>ipsis</span> <span class='ocrx_word' id='word_1_148' title='bbox 583 817 616 849; x_wconf 92' lang='lat' dir='ltr'>in</span> <span class='ocrx_word' id='word_1_149' title='bbox 628 816 709 849; x_wconf 85' lang='lat' dir='ltr'>ideis</span> <span class='ocrx_word' id='word_1_150' title='bbox 720 814 965 861; x_wconf 87' lang='lat' dir='ltr'>quodammodo</span> <span class='ocrx_word' id='word_1_151' title='bbox 985 825 1186 848; x_wconf 87' lang='lat' dir='ltr'>contuemur.</span> <span class='ocrx_word' id='word_1_152' title='bbox 1209 814 1298 848; x_wconf 88' lang='lat' dir='ltr'>Nam</span> <span class='ocrx_word' id='word_1_153' title='bbox 1315 809 1335 845; x_wconf 82' lang='lat' dir='ltr'>si</span> <span class='ocrx_word' id='word_1_154' title='bbox 1358 811 1506 847; x_wconf 84' lang='lat' dir='ltr'>Platoni-</span> 
     </span>
     <span class='ocr_line' id='line_1_16' title="bbox 118 861 1503 910; baseline -0.004 -10"><span class='ocrx_word' id='word_1_155' title='bbox 118 867 167 900; x_wconf 31' lang='lat' dir='ltr'>cisr</span> <span class='ocrx_word' id='word_1_156' title='bbox 178 865 336 900; x_wconf 84' lang='lat' dir='ltr'>credimus</span> <span class='ocrx_word' id='word_1_157' title='bbox 353 893 362 907; x_wconf 84' lang='lat'><strong>‚</strong></span> <span class='ocrx_word' id='word_1_158' title='bbox 378 877 468 900; x_wconf 82' lang='lat' dir='ltr'>niens</span> <span class='ocrx_word' id='word_1_159' title='bbox 483 865 625 899; x_wconf 75' lang='lat' dir='ltr'>humani</span> <span class='ocrx_word' id='word_1_160' title='bbox 641 877 708 898; x_wconf 90' lang='lat' dir='ltr'>non</span> <span class='ocrx_word' id='word_1_161' title='bbox 726 863 827 898; x_wconf 86' lang='lat' dir='ltr'>soluiii</span> <span class='ocrx_word' id='word_1_162' title='bbox 841 863 886 897; x_wconf 86' lang='lat' dir='ltr'>est</span> <span class='ocrx_word' id='word_1_163' title='bbox 906 865 1015 910; x_wconf 78' lang='lat' dir='ltr'>imago</span> <span class='ocrx_word' id='word_1_164' title='bbox 1037 863 1154 897; x_wconf 68' lang='lat' dir='ltr'>divina:</span> <span class='ocrx_word' id='word_1_165' title='bbox 1178 864 1294 897; x_wconf 88' lang='lat' dir='ltr'>mentis</span> <span class='ocrx_word' id='word_1_166' title='bbox 1311 891 1320 904; x_wconf 84' lang='lat'>,</span> <span class='ocrx_word' id='word_1_167' title='bbox 1335 861 1387 895; x_wconf 85' lang='lat' dir='ltr'>sed</span> <span class='ocrx_word' id='word_1_168' title='bbox 1405 863 1503 895; x_wconf 72' lang='lat' dir='ltr'>etiam</span> 
     </span>
     <span class='ocr_line' id='line_1_17' title="bbox 117 909 1504 960; baseline -0.005 -11"><span class='ocrx_word' id='word_1_169' title='bbox 117 913 202 949; x_wconf 91' lang='lat' dir='ltr'>illius</span> <span class='ocrx_word' id='word_1_170' title='bbox 215 914 306 948; x_wconf 81' lang='lat' dir='ltr'>velut</span> <span class='ocrx_word' id='word_1_171' title='bbox 323 914 428 947; x_wconf 81' lang='lat' dir='ltr'>radios</span> <span class='ocrx_word' id='word_1_172' title='bbox 438 942 447 957; x_wconf 82' lang='lat'>‚</span> <span class='ocrx_word' id='word_1_173' title='bbox 467 925 524 948; x_wconf 84' lang='lat' dir='ltr'>aut</span> <span class='ocrx_word' id='word_1_174' title='bbox 541 913 741 947; x_wconf 66' lang='lat' dir='ltr'>characteres</span> <span class='ocrx_word' id='word_1_175' title='bbox 756 911 856 946; x_wconf 89' lang='lat' dir='ltr'>habet</span> <span class='ocrx_word' id='word_1_176' title='bbox 874 910 1037 960; x_wconf 71' lang='lat' dir='ltr'>impressos</span> <span class='ocrx_word' id='word_1_177' title='bbox 1050 939 1059 954; x_wconf 89' lang='lat'>‚</span> <span class='ocrx_word' id='word_1_178' title='bbox 1077 924 1157 958; x_wconf 88' lang='lat' dir='ltr'>quos</span> <span class='ocrx_word' id='word_1_179' title='bbox 1172 924 1241 946; x_wconf 84' lang='lat' dir='ltr'>tum</span> <span class='ocrx_word' id='word_1_180' title='bbox 1259 909 1397 944; x_wconf 86' lang='lat' dir='ltr'>consulit</span> <span class='ocrx_word' id='word_1_181' title='bbox 1409 937 1417 951; x_wconf 87' lang='lat'>‚</span> <span class='ocrx_word' id='word_1_182' title='bbox 1431 922 1504 943; x_wconf 88' lang='lat' dir='ltr'>cum</span> 
     </span>
     <span class='ocr_line' id='line_1_18' title="bbox 118 959 1507 1010; baseline -0.006 -12"><span class='ocrx_word' id='word_1_183' title='bbox 118 975 168 998; x_wconf 82' lang='lat' dir='ltr'>tes</span> <span class='ocrx_word' id='word_1_184' title='bbox 187 962 265 1010; x_wconf 87' lang='lat' dir='ltr'>ipsas</span> <span class='ocrx_word' id='word_1_185' title='bbox 279 961 472 998; x_wconf 81' lang='lat' dir='ltr'>universales</span> <span class='ocrx_word' id='word_1_186' title='bbox 488 967 522 998; x_wconf 83' lang='lat'>&amp;</span> <span class='ocrx_word' id='word_1_187' title='bbox 535 960 720 997; x_wconf 76' lang='lat' dir='ltr'>necclsarias</span> <span class='ocrx_word' id='word_1_188' title='bbox 732 963 937 1004; x_wconf 79' lang='lat' dir='ltr'>intuetur,ac</span> <span class='ocrx_word' id='word_1_189' title='bbox 951 960 991 994; x_wconf 92' lang='lat' dir='ltr'>de</span> <span class='ocrx_word' id='word_1_190' title='bbox 1009 962 1045 993; x_wconf 90' lang='lat' dir='ltr'>iis</span> <span class='ocrx_word' id='word_1_191' title='bbox 1058 962 1146 994; x_wconf 62' lang='lat' dir='ltr'>reete</span> <span class='ocrx_word' id='word_1_192' title='bbox 1168 959 1305 1009; x_wconf 78' lang='lat' dir='ltr'>judicat.</span> <span class='ocrx_word' id='word_1_193' title='bbox 1327 959 1394 992; x_wconf 88' lang='lat' dir='ltr'>Res</span> <span class='ocrx_word' id='word_1_194' title='bbox 1410 960 1507 1006; x_wconf 86' lang='lat' dir='ltr'>quip-</span> 
     </span>
     <span class='ocr_line' id='line_1_19' title="bbox 118 1007 1508 1060; baseline -0.004 -15"><span class='ocrx_word' id='word_1_195' title='bbox 118 1023 160 1060; x_wconf 85' lang='lat' dir='ltr'>pe</span> <span class='ocrx_word' id='word_1_196' title='bbox 179 1010 347 1059; x_wconf 80' lang='lat' dir='ltr'>singulares</span> <span class='ocrx_word' id='word_1_197' title='bbox 362 1017 396 1047; x_wconf 63' lang='grc' dir='ltr'>ἅτ</span> <span class='ocrx_word' id='word_1_198' title='bbox 408 1014 564 1058; x_wconf 83' lang='lat' dir='ltr'>perituras</span> <span class='ocrx_word' id='word_1_199' title='bbox 575 1010 614 1042; x_wconf 89' lang='lat' dir='ltr'>ad</span> <span class='ocrx_word' id='word_1_200' title='bbox 625 1008 728 1044; x_wconf 85' lang='lat' dir='ltr'>sensus</span> <span class='ocrx_word' id='word_1_201' title='bbox 740 1038 750 1052; x_wconf 85' lang='lat'>‚</span> <span class='ocrx_word' id='word_1_202' title='bbox 761 1009 954 1043; x_wconf 85' lang='lat' dir='ltr'>universales</span> <span class='ocrx_word' id='word_1_203' title='bbox 966 1014 1001 1044; x_wconf 62' lang='grc' dir='ltr'>ὃς</span> <span class='ocrx_word' id='word_1_204' title='bbox 1013 1020 1148 1042; x_wconf 85' lang='lat' dir='ltr'>aeternas</span> <span class='ocrx_word' id='word_1_205' title='bbox 1162 1009 1203 1041; x_wconf 89' lang='lat' dir='ltr'>ad</span> <span class='ocrx_word' id='word_1_206' title='bbox 1220 1007 1424 1041; x_wconf 66' lang='lat' dir='ltr'>intelledhim</span> <span class='ocrx_word' id='word_1_207' title='bbox 1434 1018 1508 1053; x_wconf 87' lang='lat' dir='ltr'>per-</span> 
     </span>
     <span class='ocr_line' id='line_1_20' title="bbox 119 1053 1507 1097; baseline -0.006 -2"><span class='ocrx_word' id='word_1_208' title='bbox 119 1061 222 1095; x_wconf 87' lang='lat' dir='ltr'>tinere</span> <span class='ocrx_word' id='word_1_209' title='bbox 240 1058 434 1094; x_wconf 79' lang='lat' dir='ltr'>arbitrantur</span> <span class='ocrx_word' id='word_1_210' title='bbox 449 1061 512 1094; x_wconf 90' lang='lat' dir='ltr'>:ita</span> <span class='ocrx_word' id='word_1_211' title='bbox 523 1070 558 1091; x_wconf 89' lang='lat' dir='ltr'>ut</span> <span class='ocrx_word' id='word_1_212' title='bbox 571 1059 711 1091; x_wconf 76' lang='lat' dir='ltr'>rationes</span> <span class='ocrx_word' id='word_1_213' title='bbox 724 1069 830 1090; x_wconf 88' lang='lat' dir='ltr'>rerum</span> <span class='ocrx_word' id='word_1_214' title='bbox 841 1068 964 1091; x_wconf 77' lang='lat' dir='ltr'>aeternae</span> <span class='ocrx_word' id='word_1_215' title='bbox 984 1062 1017 1092; x_wconf 65' lang='grc' dir='ltr'>δ(</span> <span class='ocrx_word' id='word_1_216' title='bbox 1036 1055 1258 1090; x_wconf 82' lang='lat' dir='ltr'>immutabiles</span> <span class='ocrx_word' id='word_1_217' title='bbox 1271 1083 1281 1096; x_wconf 90' lang='lat'>,</span> <span class='ocrx_word' id='word_1_218' title='bbox 1294 1054 1349 1088; x_wconf 85' lang='lat' dir='ltr'>vel</span> <span class='ocrx_word' id='word_1_219' title='bbox 1357 1053 1441 1097; x_wconf 66' lang='lat' dir='ltr'>solae,</span> <span class='ocrx_word' id='word_1_220' title='bbox 1452 1055 1507 1088; x_wconf 68' lang='lat' dir='ltr'>vel</span> 
     </span>
     <span class='ocr_line' id='line_1_21' title="bbox 118 1103 1537 1158; baseline -0.005 -15"><span class='ocrx_word' id='word_1_221' title='bbox 118 1121 182 1158; x_wconf 80' lang='lat' dir='ltr'>pra:</span> <span class='ocrx_word' id='word_1_222' title='bbox 197 1111 317 1143; x_wconf 79' lang='lat' dir='ltr'>caeteris</span> <span class='ocrx_word' id='word_1_223' title='bbox 329 1107 371 1142; x_wconf 88' lang='lat' dir='ltr'>ab</span> <span class='ocrx_word' id='word_1_224' title='bbox 388 1107 556 1144; x_wconf 69' lang='lat' dir='ltr'>intelleecu</span> <span class='ocrx_word' id='word_1_225' title='bbox 568 1109 794 1155; x_wconf 83' lang='lat' dir='ltr'>percipiantur.</span> <span class='ocrx_word' id='word_1_226' title='bbox 819 1108 908 1142; x_wconf 85' lang='lat' dir='ltr'>Nam</span> <span class='ocrx_word' id='word_1_227' title='bbox 922 1104 1023 1140; x_wconf 81' lang='lat' dir='ltr'>sensus</span> <span class='ocrx_word' id='word_1_228' title='bbox 1039 1105 1121 1140; x_wconf 81' lang='lat' dir='ltr'>nihil</span> <span class='ocrx_word' id='word_1_229' title='bbox 1133 1103 1189 1139; x_wconf 82' lang='lat' dir='ltr'>nisi</span> <span class='ocrx_word' id='word_1_230' title='bbox 1202 1104 1380 1138; x_wconf 78' lang='lat' dir='ltr'>accidentia</span> <span class='ocrx_word' id='word_1_231' title='bbox 1401 1105 1506 1152; x_wconf 80' lang='lat' dir='ltr'>perci-</span> <span class='ocrx_word' id='word_1_232' title='bbox 1534 1137 1537 1140; x_wconf 65' lang='grc'>,</span> 
     </span>
     <span class='ocr_line' id='line_1_22' title="bbox 119 1152 1509 1207; baseline -0.004 -15"><span class='ocrx_word' id='word_1_233' title='bbox 119 1161 230 1207; x_wconf 79' lang='lat' dir='ltr'>piunr,</span> <span class='ocrx_word' id='word_1_234' title='bbox 243 1156 387 1193; x_wconf 75' lang='lat' dir='ltr'>cisentias</span> <span class='ocrx_word' id='word_1_235' title='bbox 399 1169 507 1191; x_wconf 88' lang='lat' dir='ltr'>rerum</span> <span class='ocrx_word' id='word_1_236' title='bbox 523 1158 652 1192; x_wconf 85' lang='lat' dir='ltr'>intimas</span> <span class='ocrx_word' id='word_1_237' title='bbox 672 1169 739 1190; x_wconf 87' lang='lat' dir='ltr'>non</span> <span class='ocrx_word' id='word_1_238' title='bbox 753 1156 835 1189; x_wconf 87' lang='lat' dir='ltr'>attin</span> <span class='ocrx_word' id='word_1_239' title='bbox 860 1167 918 1190; x_wconf 76' lang='lat' dir='ltr'>unt</span> <span class='ocrx_word' id='word_1_240' title='bbox 931 1183 940 1198; x_wconf 92' lang='lat'>‚</span> <span class='ocrx_word' id='word_1_241' title='bbox 956 1166 1026 1202; x_wconf 80' lang='lat' dir='ltr'>quae</span> <span class='ocrx_word' id='word_1_242' title='bbox 1046 1153 1199 1201; x_wconf 81' lang='lat' dir='ltr'>nusquam</span> <span class='ocrx_word' id='word_1_243' title='bbox 1216 1152 1296 1187; x_wconf 85' lang='lat' dir='ltr'>alibi</span> <span class='ocrx_word' id='word_1_244' title='bbox 1316 1164 1411 1196; x_wconf 75' lang='lat' dir='ltr'>vcrae,</span> <span class='ocrx_word' id='word_1_245' title='bbox 1423 1155 1509 1187; x_wconf 85' lang='lat' dir='ltr'>inte-</span> 
     </span>
     <span class='ocr_line' id='line_1_23' title="bbox 121 1168 1509 1257; baseline -0.004 -16"><span class='ocrx_word' id='word_1_246' title='bbox 121 1220 183 1257; x_wconf 70' lang='lat' dir='ltr'>grae</span> <span class='ocrx_word' id='word_1_247' title='bbox 195 1212 225 1243; x_wconf 84' lang='lat'>&amp;</span> <span class='ocrx_word' id='word_1_248' title='bbox 238 1205 362 1241; x_wconf 76' lang='lat' dir='ltr'>iincerae</span> <span class='ocrx_word' id='word_1_249' title='bbox 374 1236 383 1249; x_wconf 92' lang='lat'>,</span> <span class='ocrx_word' id='word_1_250' title='bbox 397 1205 497 1254; x_wconf 74' lang='lat' dir='ltr'>quam</span> <span class='ocrx_word' id='word_1_251' title='bbox 516 1207 550 1241; x_wconf 81' lang='lat' dir='ltr'>in</span> <span class='ocrx_word' id='word_1_252' title='bbox 568 1207 693 1239; x_wconf 78' lang='lat' dir='ltr'>:eternis</span> <span class='ocrx_word' id='word_1_253' title='bbox 715 1168 895 1240; x_wconf 46' lang='lat' dir='ltr'>rationibus</span> <span class='ocrx_word' id='word_1_254' title='bbox 911 1203 1047 1252; x_wconf 77' lang='lat' dir='ltr'>fulgent.</span> <span class='ocrx_word' id='word_1_255' title='bbox 1076 1203 1153 1238; x_wconf 85' lang='lat' dir='ltr'>Sola</span> <span class='ocrx_word' id='word_1_256' title='bbox 1170 1204 1257 1237; x_wconf 88' lang='lat' dir='ltr'>enim</span> <span class='ocrx_word' id='word_1_257' title='bbox 1272 1201 1379 1236; x_wconf 82' lang='lat' dir='ltr'>circuli</span> <span class='ocrx_word' id='word_1_258' title='bbox 1398 1204 1481 1236; x_wconf 88' lang='lat' dir='ltr'>ratio</span> <span class='ocrx_word' id='word_1_259' title='bbox 1498 1229 1509 1244; x_wconf 89' lang='lat'>,</span> 
     </span>
     <span class='ocr_line' id='line_1_24' title="bbox 121 1251 1509 1302; baseline -0.004 -12"><span class='ocrx_word' id='word_1_260' title='bbox 121 1256 175 1291; x_wconf 81' lang='lat' dir='ltr'>vel</span> <span class='ocrx_word' id='word_1_261' title='bbox 192 1256 262 1290; x_wconf 73' lang='lat' dir='ltr'>idea</span> <span class='ocrx_word' id='word_1_262' title='bbox 274 1285 282 1299; x_wconf 84' lang='lat'><strong>,</strong></span> <span class='ocrx_word' id='word_1_263' title='bbox 302 1269 401 1302; x_wconf 70' lang='lat' dir='ltr'>quam</span> <span class='ocrx_word' id='word_1_264' title='bbox 417 1267 526 1290; x_wconf 85' lang='lat' dir='ltr'>mente</span> <span class='ocrx_word' id='word_1_265' title='bbox 540 1256 712 1302; x_wconf 84' lang='lat' dir='ltr'>concipio,</span> <span class='ocrx_word' id='word_1_266' title='bbox 726 1254 769 1288; x_wconf 88' lang='lat' dir='ltr'>est</span> <span class='ocrx_word' id='word_1_267' title='bbox 780 1252 1016 1302; x_wconf 77' lang='lat' dir='ltr'>intelligibilis,</span> <span class='ocrx_word' id='word_1_268' title='bbox 1032 1264 1150 1287; x_wconf 72' lang='lat' dir='ltr'>aeterna</span> <span class='ocrx_word' id='word_1_269' title='bbox 1166 1281 1175 1295; x_wconf 90' lang='lat'>,</span> <span class='ocrx_word' id='word_1_270' title='bbox 1196 1251 1363 1298; x_wconf 86' lang='lat' dir='ltr'>&amp;semper</span> <span class='ocrx_word' id='word_1_271' title='bbox 1383 1251 1509 1292; x_wconf 78' lang='lat' dir='ltr'>eadem,</span> 
     </span>
     <span class='ocr_line' id='line_1_25' title="bbox 120 1299 1512 1354; baseline -0.004 -15"><span class='ocrx_word' id='word_1_272' title='bbox 120 1305 355 1354; x_wconf 73' lang='lat' dir='ltr'>participabilis</span> <span class='ocrx_word' id='word_1_273' title='bbox 372 1317 503 1352; x_wconf 70' lang='lat' dir='ltr'>quoque</span> <span class='ocrx_word' id='word_1_274' title='bbox 513 1305 556 1339; x_wconf 82' lang='lat' dir='ltr'>est</span> <span class='ocrx_word' id='word_1_275' title='bbox 567 1334 576 1348; x_wconf 86' lang='lat'>‚</span> <span class='ocrx_word' id='word_1_276' title='bbox 599 1303 681 1339; x_wconf 86' lang='lat' dir='ltr'>milli</span> <span class='ocrx_word' id='word_1_277' title='bbox 703 1301 845 1351; x_wconf 73' lang='lat' dir='ltr'>subjecto</span> <span class='ocrx_word' id='word_1_278' title='bbox 859 1303 1009 1340; x_wconf 44' lang='lat' dir='ltr'>addista‘:</span> <span class='ocrx_word' id='word_1_279' title='bbox 1024 1303 1107 1337; x_wconf 83' lang='lat' dir='ltr'>adeo</span> <span class='ocrx_word' id='word_1_280' title='bbox 1131 1313 1166 1336; x_wconf 89' lang='lat' dir='ltr'>ut</span> <span class='ocrx_word' id='word_1_281' title='bbox 1179 1302 1262 1336; x_wconf 83' lang='lat' dir='ltr'>ratio</span> <span class='ocrx_word' id='word_1_282' title='bbox 1280 1299 1466 1335; x_wconf 81' lang='lat' dir='ltr'>universalis</span> <span class='ocrx_word' id='word_1_283' title='bbox 1481 1302 1512 1334; x_wconf 92' lang='lat' dir='ltr'>ei</span> 
     </span>
     <span class='ocr_line' id='line_1_26' title="bbox 121 1354 629 1390; baseline -0.002 -1"><span class='ocrx_word' id='word_1_284' title='bbox 121 1357 257 1390; x_wconf 88' lang='lat' dir='ltr'>omnino</span> <span class='ocrx_word' id='word_1_285' title='bbox 270 1357 445 1389; x_wconf 80' lang='lat' dir='ltr'>convenire</span> <span class='ocrx_word' id='word_1_286' title='bbox 471 1354 629 1389; x_wconf 80' lang='lat' dir='ltr'>videatur.</span> 
     </span>
    </p>

    <p class='ocr_par' dir='ltr' id='par_1_4' title="bbox 123 1399 1511 1840">
     <span class='ocr_line' id='line_1_27' title="bbox 165 1399 1511 1449; baseline -0.005 -11"><span class='ocrx_word' id='word_1_287' title='bbox 165 1403 330 1439; x_wconf 86' lang='lat' dir='ltr'>Postremo</span> <span class='ocrx_word' id='word_1_288' title='bbox 346 1402 497 1449; x_wconf 43' lang='lat' dir='ltr'>eiiifinodi</span> <span class='ocrx_word' id='word_1_289' title='bbox 513 1403 599 1437; x_wconf 78' lang='lat' dir='ltr'>ideas</span> <span class='ocrx_word' id='word_1_290' title='bbox 612 1401 877 1438; x_wconf 72' lang='lat' dir='ltr'>esseuniversa&#39;es</span> <span class='ocrx_word' id='word_1_291' title='bbox 888 1431 897 1446; x_wconf 88' lang='lat'>‚</span> <span class='ocrx_word' id='word_1_292' title='bbox 914 1407 949 1439; x_wconf 58' lang='grc' dir='ltr'>ὃς</span> <span class='ocrx_word' id='word_1_293' title='bbox 961 1403 1045 1436; x_wconf 88' lang='lat' dir='ltr'>circa</span> <span class='ocrx_word' id='word_1_294' title='bbox 1057 1413 1109 1436; x_wconf 85' lang='lat' dir='ltr'>eas</span> <span class='ocrx_word' id='word_1_295' title='bbox 1128 1413 1272 1436; x_wconf 85' lang='lat' dir='ltr'>mentem</span> <span class='ocrx_word' id='word_1_296' title='bbox 1295 1399 1431 1435; x_wconf 82' lang='lat' dir='ltr'>nostram</span> <span class='ocrx_word' id='word_1_297' title='bbox 1447 1411 1511 1446; x_wconf 82' lang='lat' dir='ltr'>po-</span> 
     </span>
     <span class='ocr_line' id='line_1_28' title="bbox 124 1447 1510 1499; baseline -0.004 -13"><span class='ocrx_word' id='word_1_298' title='bbox 124 1451 275 1487; x_wconf 64' lang='lat' dir='ltr'>tissimum</span> <span class='ocrx_word' id='word_1_299' title='bbox 291 1454 441 1499; x_wconf 80' lang='lat' dir='ltr'>occupati</span> <span class='ocrx_word' id='word_1_300' title='bbox 452 1453 663 1488; x_wconf 83' lang='lat' dir='ltr'>contendunt.</span> <span class='ocrx_word' id='word_1_301' title='bbox 682 1460 719 1488; x_wconf 66' lang='lat'>1³.</span> <span class='ocrx_word' id='word_1_302' title='bbox 733 1452 835 1498; x_wconf 82' lang='lat' dir='ltr'>Qod</span> <span class='ocrx_word' id='word_1_303' title='bbox 858 1450 1049 1486; x_wconf 87' lang='lat' dir='ltr'>incredibile</span> <span class='ocrx_word' id='word_1_304' title='bbox 1062 1448 1250 1484; x_wconf 67' lang='lat' dir='ltr'>sirsenstium</span> <span class='ocrx_word' id='word_1_305' title='bbox 1263 1447 1405 1496; x_wconf 59' lang='lat' dir='ltr'>objeChi,</span> <span class='ocrx_word' id='word_1_306' title='bbox 1415 1459 1510 1482; x_wconf 77' lang='lat' dir='ltr'>nem-</span> 
     </span>
     <span class='ocr_line' id='line_1_29' title="bbox 123 1496 1509 1548; baseline -0.005 -13"><span class='ocrx_word' id='word_1_307' title='bbox 123 1513 165 1548; x_wconf 88' lang='lat' dir='ltr'>pe</span> <span class='ocrx_word' id='word_1_308' title='bbox 184 1513 234 1534; x_wconf 83' lang='lat' dir='ltr'>res</span> <span class='ocrx_word' id='word_1_309' title='bbox 259 1500 447 1548; x_wconf 74' lang='lat' dir='ltr'>singulares,</span> <span class='ocrx_word' id='word_1_310' title='bbox 465 1512 520 1533; x_wconf 86' lang='lat' dir='ltr'>aut</span> <span class='ocrx_word' id='word_1_311' title='bbox 543 1499 702 1535; x_wconf 80' lang='lat' dir='ltr'>sensibiles</span> <span class='ocrx_word' id='word_1_312' title='bbox 718 1502 849 1534; x_wconf 78' lang='lat' dir='ltr'>existere</span> <span class='ocrx_word' id='word_1_313' title='bbox 863 1528 872 1542; x_wconf 90' lang='lat'><em>,</em></span> <span class='ocrx_word' id='word_1_314' title='bbox 885 1511 1031 1533; x_wconf 83' lang='lat' dir='ltr'>mentem</span> <span class='ocrx_word' id='word_1_315' title='bbox 1045 1497 1144 1544; x_wconf 80' lang='lat' dir='ltr'>ipsam</span> <span class='ocrx_word' id='word_1_316' title='bbox 1161 1500 1244 1532; x_wconf 79' lang='lat' dir='ltr'>circa</span> <span class='ocrx_word' id='word_1_317' title='bbox 1262 1496 1417 1543; x_wconf 76' lang='lat' dir='ltr'>figmenta</span> <span class='ocrx_word' id='word_1_318' title='bbox 1438 1507 1509 1529; x_wconf 85' lang='lat' dir='ltr'>tan-</span> 
     </span>
     <span class='ocr_line' id='line_1_30' title="bbox 126 1546 1510 1585; baseline -0.004 -2"><span class='ocrx_word' id='word_1_319' title='bbox 126 1561 193 1583; x_wconf 87' lang='lat' dir='ltr'>tum</span> <span class='ocrx_word' id='word_1_320' title='bbox 205 1554 239 1585; x_wconf 85' lang='lat'>&amp;</span> <span class='ocrx_word' id='word_1_321' title='bbox 253 1552 340 1584; x_wconf 83' lang='lat' dir='ltr'>entia</span> <span class='ocrx_word' id='word_1_322' title='bbox 356 1550 490 1582; x_wconf 83' lang='lat' dir='ltr'>rationis</span> <span class='ocrx_word' id='word_1_323' title='bbox 505 1547 632 1582; x_wconf 81' lang='lat' dir='ltr'>versari.</span> <span class='ocrx_word' id='word_1_324' title='bbox 647 1563 673 1584; x_wconf 84' lang='lat'>2.</span> <span class='ocrx_word' id='word_1_325' title='bbox 689 1550 810 1582; x_wconf 85' lang='lat' dir='ltr'>Omnis</span> <span class='ocrx_word' id='word_1_326' title='bbox 822 1547 997 1581; x_wconf 82' lang='lat' dir='ltr'>multitudo</span> <span class='ocrx_word' id='word_1_327' title='bbox 1015 1546 1055 1579; x_wconf 87' lang='lat' dir='ltr'>ad</span> <span class='ocrx_word' id='word_1_328' title='bbox 1076 1548 1235 1580; x_wconf 85' lang='lat' dir='ltr'>unitatem</span> <span class='ocrx_word' id='word_1_329' title='bbox 1255 1554 1446 1579; x_wconf 75' lang='lat' dir='ltr'>revocatur:</span> <span class='ocrx_word' id='word_1_330' title='bbox 1459 1556 1510 1577; x_wconf 85' lang='lat' dir='ltr'>er-</span> 
     </span>
     <span class='ocr_line' id='line_1_31' title="bbox 124 1594 1508 1644; baseline -0.005 -12"><span class='ocrx_word' id='word_1_331' title='bbox 124 1612 168 1644; x_wconf 69' lang='lat' dir='ltr'>go</span> <span class='ocrx_word' id='word_1_332' title='bbox 181 1609 292 1632; x_wconf 88' lang='lat' dir='ltr'>omnes</span> <span class='ocrx_word' id='word_1_333' title='bbox 305 1596 452 1631; x_wconf 73' lang='lat' dir='ltr'>homines</span> <span class='ocrx_word' id='word_1_334' title='bbox 469 1598 500 1630; x_wconf 87' lang='lat' dir='ltr'>in</span> <span class='ocrx_word' id='word_1_335' title='bbox 516 1608 577 1630; x_wconf 89' lang='lat' dir='ltr'>una</span> <span class='ocrx_word' id='word_1_336' title='bbox 603 1598 802 1631; x_wconf 85' lang='lat' dir='ltr'>conveniunt</span> <span class='ocrx_word' id='word_1_337' title='bbox 818 1595 945 1638; x_wconf 86' lang='lat' dir='ltr'>forma,</span> <span class='ocrx_word' id='word_1_338' title='bbox 963 1605 1019 1628; x_wconf 88' lang='lat' dir='ltr'>aut</span> <span class='ocrx_word' id='word_1_339' title='bbox 1036 1594 1109 1628; x_wconf 87' lang='lat' dir='ltr'>idea</span> <span class='ocrx_word' id='word_1_340' title='bbox 1124 1623 1132 1636; x_wconf 91' lang='lat'>‚</span> <span class='ocrx_word' id='word_1_341' title='bbox 1151 1598 1235 1641; x_wconf 85' lang='lat' dir='ltr'>cujus</span> <span class='ocrx_word' id='word_1_342' title='bbox 1259 1595 1508 1641; x_wconf 78' lang='lat' dir='ltr'>participatione</span> 
     </span>
     <span class='ocr_line' id='line_1_32' title="bbox 124 1639 1507 1692; baseline -0.005 -11"><span class='ocrx_word' id='word_1_343' title='bbox 124 1647 207 1681; x_wconf 87' lang='lat' dir='ltr'>suam</span> <span class='ocrx_word' id='word_1_344' title='bbox 218 1646 319 1680; x_wconf 84' lang='lat' dir='ltr'>sortiti</span> <span class='ocrx_word' id='word_1_345' title='bbox 329 1644 399 1680; x_wconf 90' lang='lat' dir='ltr'>sunt</span> <span class='ocrx_word' id='word_1_346' title='bbox 411 1656 566 1679; x_wconf 67' lang='lat' dir='ltr'>naturam.</span> <span class='ocrx_word' id='word_1_347' title='bbox 591 1652 630 1689; x_wconf 58' lang='lat'>3³.</span> <span class='ocrx_word' id='word_1_348' title='bbox 649 1645 743 1679; x_wconf 83' lang='lat' dir='ltr'>Nihil</span> <span class='ocrx_word' id='word_1_349' title='bbox 758 1642 863 1680; x_wconf 80' lang='lat' dir='ltr'>afferri</span> <span class='ocrx_word' id='word_1_350' title='bbox 877 1643 1000 1692; x_wconf 86' lang='lat' dir='ltr'>potest,</span> <span class='ocrx_word' id='word_1_351' title='bbox 1011 1643 1100 1689; x_wconf 88' lang='lat' dir='ltr'>quod</span> <span class='ocrx_word' id='word_1_352' title='bbox 1115 1643 1282 1677; x_wconf 89' lang='lat' dir='ltr'>hominem</span> <span class='ocrx_word' id='word_1_353' title='bbox 1297 1641 1338 1676; x_wconf 82' lang='lat' dir='ltr'>ab</span> <span class='ocrx_word' id='word_1_354' title='bbox 1353 1653 1440 1686; x_wconf 89' lang='lat' dir='ltr'>equo</span> <span class='ocrx_word' id='word_1_355' title='bbox 1450 1639 1507 1674; x_wconf 81' lang='lat' dir='ltr'>dis-</span> 
     </span>
     <span class='ocr_line' id='line_1_33' title="bbox 124 1690 1510 1740; baseline -0.002 -11"><span class='ocrx_word' id='word_1_356' title='bbox 124 1697 298 1738; x_wconf 84' lang='lat' dir='ltr'>criminet,</span> <span class='ocrx_word' id='word_1_357' title='bbox 313 1705 369 1728; x_wconf 78' lang='lat' dir='ltr'>aut</span> <span class='ocrx_word' id='word_1_358' title='bbox 394 1693 487 1727; x_wconf 86' lang='lat' dir='ltr'>alteri</span> <span class='ocrx_word' id='word_1_359' title='bbox 513 1693 638 1728; x_wconf 85' lang='lat' dir='ltr'>homini</span> <span class='ocrx_word' id='word_1_360' title='bbox 656 1693 791 1728; x_wconf 82' lang='lat' dir='ltr'>similem</span> <span class='ocrx_word' id='word_1_361' title='bbox 814 1691 954 1737; x_wconf 77' lang='lat' dir='ltr'>efficiat,</span> <span class='ocrx_word' id='word_1_362' title='bbox 969 1690 1026 1726; x_wconf 88' lang='lat' dir='ltr'>nifi</span> <span class='ocrx_word' id='word_1_363' title='bbox 1047 1693 1202 1740; x_wconf 82' lang='lat' dir='ltr'>primaeva</span> <span class='ocrx_word' id='word_1_364' title='bbox 1230 1691 1314 1726; x_wconf 88' lang='lat' dir='ltr'>illius</span> <span class='ocrx_word' id='word_1_365' title='bbox 1338 1692 1442 1729; x_wconf 86' lang='lat' dir='ltr'>ratio,</span> <span class='ocrx_word' id='word_1_366' title='bbox 1456 1690 1510 1726; x_wconf 89' lang='lat' dir='ltr'>vel</span> 
     </span>
     <span class='ocr_line' id='line_1_34' title="bbox 126 1738 1508 1791; baseline -0.003 -13"><span class='ocrx_word' id='word_1_367' title='bbox 126 1745 198 1778; x_wconf 87' lang='lat' dir='ltr'>idea</span> <span class='ocrx_word' id='word_1_368' title='bbox 209 1773 217 1786; x_wconf 95' lang='lat'>‚</span> <span class='ocrx_word' id='word_1_369' title='bbox 231 1755 288 1791; x_wconf 88' lang='lat' dir='ltr'>per</span> <span class='ocrx_word' id='word_1_370' title='bbox 305 1755 400 1789; x_wconf 80' lang='lat' dir='ltr'>quam</span> <span class='ocrx_word' id='word_1_371' title='bbox 419 1742 560 1776; x_wconf 89' lang='lat' dir='ltr'>hominis</span> <span class='ocrx_word' id='word_1_372' title='bbox 576 1741 708 1777; x_wconf 79' lang='lat' dir='ltr'>eiscntia</span> <span class='ocrx_word' id='word_1_373' title='bbox 724 1743 924 1777; x_wconf 84' lang='lat' dir='ltr'>constituitur</span> <span class='ocrx_word' id='word_1_374' title='bbox 940 1743 996 1785; x_wconf 76' lang='lat' dir='ltr'>3in</span> <span class='ocrx_word' id='word_1_375' title='bbox 1009 1753 1073 1788; x_wconf 86' lang='lat' dir='ltr'>qua</span> <span class='ocrx_word' id='word_1_376' title='bbox 1094 1754 1168 1776; x_wconf 91' lang='lat' dir='ltr'>cum</span> <span class='ocrx_word' id='word_1_377' title='bbox 1188 1740 1259 1775; x_wconf 89' lang='lat' dir='ltr'>aliis</span> <span class='ocrx_word' id='word_1_378' title='bbox 1275 1741 1431 1775; x_wconf 89' lang='lat' dir='ltr'>convenit</span> <span class='ocrx_word' id='word_1_379' title='bbox 1447 1738 1508 1774; x_wconf 90' lang='lat' dir='ltr'>ho-</span> 
     </span>
     <span class='ocr_line' id='line_1_35' title="bbox 128 1789 1313 1840; baseline -0.004 -12"><span class='ocrx_word' id='word_1_380' title='bbox 128 1791 271 1828; x_wconf 87' lang='lat' dir='ltr'>minibus</span> <span class='ocrx_word' id='word_1_381' title='bbox 281 1821 291 1836; x_wconf 83' lang='lat'>‚</span> <span class='ocrx_word' id='word_1_382' title='bbox 306 1804 343 1826; x_wconf 91' lang='lat' dir='ltr'>ac</span> <span class='ocrx_word' id='word_1_383' title='bbox 360 1792 492 1826; x_wconf 90' lang='lat' dir='ltr'>demum</span> <span class='ocrx_word' id='word_1_384' title='bbox 504 1790 546 1826; x_wconf 87' lang='lat' dir='ltr'>ab</span> <span class='ocrx_word' id='word_1_385' title='bbox 555 1790 626 1825; x_wconf 81' lang='lat' dir='ltr'>aliis</span> <span class='ocrx_word' id='word_1_386' title='bbox 638 1791 769 1827; x_wconf 83' lang='lat' dir='ltr'>diversae</span> <span class='ocrx_word' id='word_1_387' title='bbox 784 1790 903 1840; x_wconf 88' lang='lat' dir='ltr'>speciei</span> <span class='ocrx_word' id='word_1_388' title='bbox 916 1819 926 1834; x_wconf 88' lang='lat'>,</span> <span class='ocrx_word' id='word_1_389' title='bbox 940 1802 996 1826; x_wconf 88' lang='lat' dir='ltr'>aut</span> <span class='ocrx_word' id='word_1_390' title='bbox 1007 1792 1135 1839; x_wconf 79' lang='lat' dir='ltr'>generis</span> <span class='ocrx_word' id='word_1_391' title='bbox 1148 1789 1313 1827; x_wconf 88' lang='lat' dir='ltr'>dividitur.</span> 
     </span>
    </p>

    <p class='ocr_par' dir='ltr' id='par_1_5' title="bbox 599 1839 1037 1886">
     <span class='ocr_line' id='line_1_36' title="bbox 599 1839 1037 1886; baseline 0.005 -13"><span class='ocrx_word' id='word_1_392' title='bbox 599 1839 796 1881; x_wconf 59' lang='lat' dir='ltr'>Obyce&#39;liones</span> <span class='ocrx_word' id='word_1_393' title='bbox 815 1841 1037 1886; x_wconf 71' lang='lat' dir='ltr'>diffiilvuntur.</span> 
     </span>
    </p>

    <p class='ocr_par' dir='ltr' id='par_1_6' title="bbox 127 1887 1511 2036">
     <span class='ocr_line' id='line_1_37' title="bbox 166 1887 1509 1940; baseline -0.002 -15"><span class='ocrx_word' id='word_1_394' title='bbox 166 1893 250 1940; x_wconf 84' lang='lat' dir='ltr'>Opp.</span> <span class='ocrx_word' id='word_1_395' title='bbox 261 1889 428 1926; x_wconf 82' lang='lat' dir='ltr'>1⁰.Multis</span> <span class='ocrx_word' id='word_1_396' title='bbox 439 1892 474 1925; x_wconf 88' lang='lat' dir='ltr'>in</span> <span class='ocrx_word' id='word_1_397' title='bbox 488 1889 565 1924; x_wconf 86' lang='lat' dir='ltr'>locis</span> <span class='ocrx_word' id='word_1_398' title='bbox 576 1888 785 1924; x_wconf 85' lang='lat' dir='ltr'>Aristotelem</span> <span class='ocrx_word' id='word_1_399' title='bbox 801 1887 1106 1923; x_wconf 80' lang='lat' dir='ltr'>refellerePlatonis</span> <span class='ocrx_word' id='word_1_400' title='bbox 1127 1888 1214 1922; x_wconf 79' lang='lat' dir='ltr'>ideas</span> <span class='ocrx_word' id='word_1_401' title='bbox 1225 1916 1234 1930; x_wconf 91' lang='lat'>,</span> <span class='ocrx_word' id='word_1_402' title='bbox 1252 1887 1343 1934; x_wconf 89' lang='lat' dir='ltr'>quod</span> <span class='ocrx_word' id='word_1_403' title='bbox 1358 1899 1410 1921; x_wconf 90' lang='lat' dir='ltr'>eas</span> <span class='ocrx_word' id='word_1_404' title='bbox 1422 1887 1509 1935; x_wconf 82' lang='lat' dir='ltr'>sepa-</span> 
     </span>
     <span class='ocr_line' id='line_1_38' title="bbox 127 1935 1511 1979; baseline -0.004 -4"><span class='ocrx_word' id='word_1_405' title='bbox 127 1952 211 1975; x_wconf 84' lang='lat' dir='ltr'>ratas</span> <span class='ocrx_word' id='word_1_406' title='bbox 227 1946 260 1977; x_wconf 86' lang='lat'>&amp;</span> <span class='ocrx_word' id='word_1_407' title='bbox 272 1951 404 1975; x_wconf 84' lang='lat' dir='ltr'>aeternas</span> <span class='ocrx_word' id='word_1_408' title='bbox 422 1939 599 1974; x_wconf 84' lang='lat' dir='ltr'>induxerit:</span> <span class='ocrx_word' id='word_1_409' title='bbox 617 1937 669 1973; x_wconf 90' lang='lat' dir='ltr'>sed</span> <span class='ocrx_word' id='word_1_410' title='bbox 687 1937 765 1973; x_wconf 90' lang='lat' dir='ltr'>illud</span> <span class='ocrx_word' id='word_1_411' title='bbox 785 1940 919 1972; x_wconf 88' lang='lat' dir='ltr'>omnino</span> <span class='ocrx_word' id='word_1_412' title='bbox 943 1935 988 1970; x_wconf 86' lang='lat' dir='ltr'>est</span> <span class='ocrx_word' id='word_1_413' title='bbox 1004 1936 1215 1979; x_wconf 87' lang='lat' dir='ltr'>incredibile,</span> <span class='ocrx_word' id='word_1_414' title='bbox 1235 1935 1439 1971; x_wconf 79' lang='lat' dir='ltr'>Aristotelem</span> <span class='ocrx_word' id='word_1_415' title='bbox 1455 1948 1511 1970; x_wconf 87' lang='lat' dir='ltr'>aut</span> 
     </span>
     <span class='ocr_line' id='line_1_39' title="bbox 130 1982 1506 2036; baseline -0.004 -12"><span class='ocrx_word' id='word_1_416' title='bbox 130 1989 258 2025; x_wconf 85' lang='lat' dir='ltr'>Platoni</span> <span class='ocrx_word' id='word_1_417' title='bbox 270 2001 336 2023; x_wconf 88' lang='lat' dir='ltr'>tam</span> <span class='ocrx_word' id='word_1_418' title='bbox 346 2000 456 2036; x_wconf 86' lang='lat' dir='ltr'>aperte</span> <span class='ocrx_word' id='word_1_419' title='bbox 469 1986 646 2036; x_wconf 77' lang='lat' dir='ltr'>imposuisse</span> <span class='ocrx_word' id='word_1_420' title='bbox 657 2017 666 2031; x_wconf 83' lang='lat'>‚</span> <span class='ocrx_word' id='word_1_421' title='bbox 680 1986 832 2022; x_wconf 84' lang='lat' dir='ltr'>aiit&#39;illius</span> <span class='ocrx_word' id='word_1_422' title='bbox 847 1997 993 2021; x_wconf 85' lang='lat' dir='ltr'>mentem</span> <span class='ocrx_word' id='word_1_423' title='bbox 1016 1998 1082 2020; x_wconf 90' lang='lat' dir='ltr'>non</span> <span class='ocrx_word' id='word_1_424' title='bbox 1096 1983 1266 2019; x_wconf 84' lang='lat' dir='ltr'>assecutum</span> <span class='ocrx_word' id='word_1_425' title='bbox 1286 1982 1377 2019; x_wconf 73' lang='lat' dir='ltr'>fuille</span> <span class='ocrx_word' id='word_1_426' title='bbox 1389 2015 1398 2027; x_wconf 89' lang='lat'>,</span> <span class='ocrx_word' id='word_1_427' title='bbox 1433 1998 1506 2019; x_wconf 89' lang='lat' dir='ltr'>cum</span> 
     </span>
    </p>

    <p class='ocr_par' dir='ltr' id='par_1_7' title="bbox 104 2034 1507 2135">
     <span class='ocr_line' id='line_1_40' title="bbox 104 2034 1507 2085; baseline -0.003 -13"><span class='ocrx_word' id='word_1_428' title='bbox 104 2040 106 2043; x_wconf 53' lang='lat'><strong>⁴</strong></span> <span class='ocrx_word' id='word_1_429' title='bbox 131 2051 206 2073; x_wconf 88' lang='lat' dir='ltr'>eum</span> <span class='ocrx_word' id='word_1_430' title='bbox 226 2050 282 2085; x_wconf 86' lang='lat' dir='ltr'>pet</span> <span class='ocrx_word' id='word_1_431' title='bbox 296 2040 414 2085; x_wconf 77' lang='lat' dir='ltr'>viginti</span> <span class='ocrx_word' id='word_1_432' title='bbox 431 2050 533 2073; x_wconf 84' lang='lat' dir='ltr'>annos</span> <span class='ocrx_word' id='word_1_433' title='bbox 542 2038 699 2080; x_wconf 85' lang='lat' dir='ltr'>audierit,</span> <span class='ocrx_word' id='word_1_434' title='bbox 720 2049 774 2070; x_wconf 82' lang='lat' dir='ltr'>aut</span> <span class='ocrx_word' id='word_1_435' title='bbox 798 2035 955 2070; x_wconf 87' lang='lat' dir='ltr'>summum</span> <span class='ocrx_word' id='word_1_436' title='bbox 969 2037 1074 2069; x_wconf 85' lang='lat' dir='ltr'>virum</span> <span class='ocrx_word' id='word_1_437' title='bbox 1089 2035 1128 2067; x_wconf 90' lang='lat' dir='ltr'>de</span> <span class='ocrx_word' id='word_1_438' title='bbox 1146 2034 1175 2068; x_wconf 86' lang='lat' dir='ltr'>se</span> <span class='ocrx_word' id='word_1_439' title='bbox 1188 2034 1272 2069; x_wconf 89' lang='lat' dir='ltr'>bene</span> <span class='ocrx_word' id='word_1_440' title='bbox 1290 2036 1441 2068; x_wconf 86' lang='lat' dir='ltr'>meritum</span> <span class='ocrx_word' id='word_1_441' title='bbox 1455 2047 1507 2068; x_wconf 86' lang='lat' dir='ltr'>ca·</span> 
     </span>
     <span class='ocr_line' id='line_1_41' title="bbox 131 2082 1412 2135; baseline -0.002 -13"><span class='ocrx_word' id='word_1_442' title='bbox 131 2087 439 2123; x_wconf 80' lang='lat' dir='ltr'>lumniis.ttaducere</span> <span class='ocrx_word' id='word_1_443' title='bbox 460 2085 695 2135; x_wconf 73' lang='lat' dir='ltr'>voluille:Ergo</span> <span class='ocrx_word' id='word_1_444' title='bbox 714 2085 806 2120; x_wconf 81' lang='lat' dir='ltr'>Plato</span> <span class='ocrx_word' id='word_1_445' title='bbox 821 2085 908 2119; x_wconf 81' lang='lat' dir='ltr'>ideas</span> <span class='ocrx_word' id='word_1_446' title='bbox 926 2095 1016 2119; x_wconf 80' lang='lat' dir='ltr'>extra</span> <span class='ocrx_word' id='word_1_447' title='bbox 1028 2087 1136 2118; x_wconf 90' lang='lat' dir='ltr'>Deum</span> <span class='ocrx_word' id='word_1_448' title='bbox 1151 2083 1263 2131; x_wconf 77' lang='lat' dir='ltr'>positas</span> <span class='ocrx_word' id='word_1_449' title='bbox 1279 2082 1412 2119; x_wconf 82' lang='lat' dir='ltr'>admisit.</span> 
     </span>
    </p>

    <p class='ocr_par' dir='ltr' id='par_1_8' title="bbox 131 2131 1513 2428">
     <span class='ocr_line' id='line_1_42' title="bbox 167 2131 1512 2184; baseline -0.003 -13"><span class='ocrx_word' id='word_1_450' title='bbox 167 2137 204 2171; x_wconf 86' lang='lat' dir='ltr'>R.</span> <span class='ocrx_word' id='word_1_451' title='bbox 216 2135 298 2175; x_wconf 68' lang='lat' dir='ltr'>Diffi</span> <span class='ocrx_word' id='word_1_452' title='bbox 315 2140 389 2178; x_wconf 86' lang='lat' dir='ltr'>maj.</span> <span class='ocrx_word' id='word_1_453' title='bbox 410 2135 594 2171; x_wconf 86' lang='lat' dir='ltr'>Aristoteles</span> <span class='ocrx_word' id='word_1_454' title='bbox 611 2146 778 2184; x_wconf 77' lang='lat' dir='ltr'>oppugnat</span> <span class='ocrx_word' id='word_1_455' title='bbox 794 2135 882 2168; x_wconf 87' lang='lat' dir='ltr'>ideas</span> <span class='ocrx_word' id='word_1_456' title='bbox 893 2162 901 2176; x_wconf 84' lang='lat'>‚</span> <span class='ocrx_word' id='word_1_457' title='bbox 919 2132 1086 2168; x_wconf 68' lang='lat' dir='ltr'>utarebus</span> <span class='ocrx_word' id='word_1_458' title='bbox 1096 2131 1164 2179; x_wconf 75' lang='lat' dir='ltr'>ipsis</span> <span class='ocrx_word' id='word_1_459' title='bbox 1178 2132 1311 2166; x_wconf 78' lang='lat' dir='ltr'>secretas</span> <span class='ocrx_word' id='word_1_460' title='bbox 1323 2137 1355 2169; x_wconf 68' lang='lat'>&amp;-</span> <span class='ocrx_word' id='word_1_461' title='bbox 1370 2131 1512 2176; x_wconf 80' lang='lat' dir='ltr'>inutiles,</span> 
     </span>
     <span class='ocr_line' id='line_1_43' title="bbox 131 2180 1511 2233; baseline -0.006 -13"><span class='ocrx_word' id='word_1_462' title='bbox 131 2185 407 2232; x_wconf 71' lang='lat' dir='ltr'>quemadmodum</span> <span class='ocrx_word' id='word_1_463' title='bbox 418 2184 476 2233; x_wconf 84' lang='lat' dir='ltr'>ipsi</span> <span class='ocrx_word' id='word_1_464' title='bbox 490 2184 660 2219; x_wconf 66' lang='lat' dir='ltr'>videbatur</span> <span class='ocrx_word' id='word_1_465' title='bbox 671 2213 680 2226; x_wconf 89' lang='lat'>‚</span> <span class='ocrx_word' id='word_1_466' title='bbox 700 2196 807 2218; x_wconf 87' lang='lat' dir='ltr'>rerum</span> <span class='ocrx_word' id='word_1_467' title='bbox 818 2185 936 2218; x_wconf 86' lang='lat' dir='ltr'>naturis</span> <span class='ocrx_word' id='word_1_468' title='bbox 949 2181 1146 2229; x_wconf 80' lang='lat' dir='ltr'>explicandis</span> <span class='ocrx_word' id='word_1_469' title='bbox 1159 2210 1166 2221; x_wconf 92' lang='lat'><strong>‚</strong></span> <span class='ocrx_word' id='word_1_470' title='bbox 1192 2182 1229 2215; x_wconf 83' lang='lat' dir='ltr'>C.</span> <span class='ocrx_word' id='word_1_471' title='bbox 1244 2192 1278 2214; x_wconf 88' lang='lat' dir='ltr'>ut</span> <span class='ocrx_word' id='word_1_472' title='bbox 1291 2180 1314 2217; x_wconf 68' lang='lat' dir='ltr'>,a</span> <span class='ocrx_word' id='word_1_473' title='bbox 1336 2183 1413 2218; x_wconf 81' lang='lat' dir='ltr'>Deo</span> <span class='ocrx_word' id='word_1_474' title='bbox 1425 2180 1511 2229; x_wconf 75' lang='lat' dir='ltr'>sepa-</span> 
     </span>
     <span class='ocr_line' id='line_1_44' title="bbox 133 2230 1510 2280; baseline -0.002 -13"><span class='ocrx_word' id='word_1_475' title='bbox 133 2245 214 2267; x_wconf 80' lang='lat' dir='ltr'>tatas</span> <span class='ocrx_word' id='word_1_476' title='bbox 225 2263 234 2277; x_wconf 82' lang='grc'>,</span> <span class='ocrx_word' id='word_1_477' title='bbox 250 2236 293 2270; x_wconf 94' lang='lat' dir='ltr'>N.</span> <span class='ocrx_word' id='word_1_478' title='bbox 306 2236 360 2275; x_wconf 70' lang='lat' dir='ltr'>vix</span> <span class='ocrx_word' id='word_1_479' title='bbox 373 2237 459 2268; x_wconf 86' lang='lat' dir='ltr'>enim</span> <span class='ocrx_word' id='word_1_480' title='bbox 474 2233 555 2268; x_wconf 88' lang='lat' dir='ltr'>ullus</span> <span class='ocrx_word' id='word_1_481' title='bbox 567 2233 673 2268; x_wconf 80' lang='lat' dir='ltr'>afferri</span> <span class='ocrx_word' id='word_1_482' title='bbox 685 2233 787 2280; x_wconf 86' lang='lat' dir='ltr'>potest</span> <span class='ocrx_word' id='word_1_483' title='bbox 796 2245 835 2267; x_wconf 86' lang='lat' dir='ltr'>ex</span> <span class='ocrx_word' id='word_1_484' title='bbox 852 2230 1187 2273; x_wconf 78' lang='lat' dir='ltr'>Aristoteleloci15‚iibi</span> <span class='ocrx_word' id='word_1_485' title='bbox 1203 2230 1288 2263; x_wconf 85' lang='lat' dir='ltr'>ideas</span> <span class='ocrx_word' id='word_1_486' title='bbox 1303 2241 1392 2263; x_wconf 77' lang='lat' dir='ltr'>extra</span> <span class='ocrx_word' id='word_1_487' title='bbox 1403 2233 1510 2265; x_wconf 88' lang='lat' dir='ltr'>Deum</span> 
     </span>
     <span class='ocr_line' id='line_1_45' title="bbox 134 2277 1510 2330; baseline -0.002 -15"><span class='ocrx_word' id='word_1_488' title='bbox 134 2280 246 2328; x_wconf 82' lang='lat' dir='ltr'>positas</span> <span class='ocrx_word' id='word_1_489' title='bbox 256 2281 406 2317; x_wconf 70' lang='lat' dir='ltr'>admisisse</span> <span class='ocrx_word' id='word_1_490' title='bbox 416 2283 586 2318; x_wconf 83' lang='lat' dir='ltr'>Platonem</span> <span class='ocrx_word' id='word_1_491' title='bbox 599 2294 709 2330; x_wconf 80' lang='lat' dir='ltr'>aperte</span> <span class='ocrx_word' id='word_1_492' title='bbox 719 2281 856 2325; x_wconf 76' lang='lat' dir='ltr'>doceat3</span> <span class='ocrx_word' id='word_1_493' title='bbox 877 2292 1015 2327; x_wconf 84' lang='lat' dir='ltr'>cumque</span> <span class='ocrx_word' id='word_1_494' title='bbox 1034 2278 1185 2325; x_wconf 77' lang='lat' dir='ltr'>nusquam</span> <span class='ocrx_word' id='word_1_495' title='bbox 1203 2277 1356 2327; x_wconf 81' lang='lat' dir='ltr'>ejusmodi</span> <span class='ocrx_word' id='word_1_496' title='bbox 1378 2279 1455 2313; x_wconf 81' lang='lat' dir='ltr'>ideae</span> <span class='ocrx_word' id='word_1_497' title='bbox 1477 2282 1510 2313; x_wconf 91' lang='lat' dir='ltr'>in</span> 
     </span>
     <span class='ocr_line' id='line_1_46' title="bbox 134 2326 1507 2374; baseline -0.002 -10"><span class='ocrx_word' id='word_1_498' title='bbox 134 2328 225 2364; x_wconf 89' lang='lat' dir='ltr'>libris</span> <span class='ocrx_word' id='word_1_499' title='bbox 236 2330 408 2366; x_wconf 82' lang='lat' dir='ltr'>Platonicis</span> <span class='ocrx_word' id='word_1_500' title='bbox 419 2343 607 2374; x_wconf 82' lang='lat' dir='ltr'>occurrant,</span> <span class='ocrx_word' id='word_1_501' title='bbox 623 2344 689 2366; x_wconf 92' lang='lat' dir='ltr'>non</span> <span class='ocrx_word' id='word_1_502' title='bbox 702 2330 745 2364; x_wconf 83' lang='lat' dir='ltr'>est</span> <span class='ocrx_word' id='word_1_503' title='bbox 754 2342 806 2364; x_wconf 82' lang='lat' dir='ltr'>cur</span> <span class='ocrx_word' id='word_1_504' title='bbox 818 2331 901 2366; x_wconf 86' lang='lat' dir='ltr'>illius</span> <span class='ocrx_word' id='word_1_505' title='bbox 918 2330 1109 2364; x_wconf 78' lang='lat' dir='ltr'>sententiam</span> <span class='ocrx_word' id='word_1_506' title='bbox 1129 2340 1167 2362; x_wconf 79' lang='lat' dir='ltr'>ex</span> <span class='ocrx_word' id='word_1_507' title='bbox 1191 2326 1359 2362; x_wconf 83' lang='lat' dir='ltr'>Aristotele</span> <span class='ocrx_word' id='word_1_508' title='bbox 1374 2355 1382 2369; x_wconf 82' lang='grc'>,</span> <span class='ocrx_word' id='word_1_509' title='bbox 1403 2327 1454 2362; x_wconf 85' lang='lat' dir='ltr'>vel</span> <span class='ocrx_word' id='word_1_510' title='bbox 1469 2340 1507 2361; x_wconf 84' lang='lat' dir='ltr'>ex</span> 
     </span>
     <span class='ocr_line' id='line_1_47' title="bbox 134 2375 1513 2428; baseline -0.004 -16"><span class='ocrx_word' id='word_1_511' title='bbox 134 2378 205 2413; x_wconf 78' lang='lat' dir='ltr'>aliis</span> <span class='ocrx_word' id='word_1_512' title='bbox 221 2378 409 2427; x_wconf 78' lang='lat' dir='ltr'>authoribus</span> <span class='ocrx_word' id='word_1_513' title='bbox 418 2380 577 2417; x_wconf 84' lang='lat' dir='ltr'>molestius</span> <span class='ocrx_word' id='word_1_514' title='bbox 587 2382 802 2428; x_wconf 73' lang='lat' dir='ltr'>inquiramus:</span> <span class='ocrx_word' id='word_1_515' title='bbox 827 2379 1084 2428; x_wconf 69' lang='lat' dir='ltr'>praesertimcuni</span> <span class='ocrx_word' id='word_1_516' title='bbox 1096 2376 1281 2414; x_wconf 80' lang='lat' dir='ltr'>Aristoteles</span> <span class='ocrx_word' id='word_1_517' title='bbox 1305 2378 1338 2410; x_wconf 86' lang='lat' dir='ltr'>in</span> <span class='ocrx_word' id='word_1_518' title='bbox 1355 2375 1422 2425; x_wconf 82' lang='lat' dir='ltr'>ipso</span> <span class='ocrx_word' id='word_1_519' title='bbox 1444 2388 1513 2412; x_wconf 75' lang='lat' dir='ltr'>nia-</span> 
     </span>
    </p>

    <p class='ocr_par' dir='ltr' id='par_1_9' title="bbox 1246 2427 1356 2475">
     <span class='ocr_line' id='line_1_48' title="bbox 1246 2427 1356 2475; baseline -0.027 -15"><span class='ocrx_word' id='word_1_520' title='bbox 1246 2464 1264 2475; x_wconf 19' lang='lat'>⁴*</span> <span class='ocrx_word' id='word_1_521' title='bbox 1283 2427 1298 2460; x_wconf 89' lang='lat' dir='ltr'>I</span> <span class='ocrx_word' id='word_1_522' title='bbox 1322 2430 1356 2473; x_wconf 67' lang='lat' dir='ltr'>”l</span> 
     </span>
    </p>
   </div>
  </div>
 </body>
</html>
