1857 2745
581 134 622 170 M
639 134 674 171 O
688 134 721 169 R
734 133 763 170 Α
778 135 805 170 L
819 135 833 169 1
848 135 881 171 S.
1418 155 1434 180 2

75 181 341 230 'erunteJusquod
354 181 479 218 bonum
494 181 541 217 est
554 211 565 227 ‚
583 194 640 218 aut
659 183 779 218 malum
802 183 1000 220 charaCteres
1024 183 1065 219 ab
1090 184 1238 222 Authore
1256 199 1376 223 naturae
1389 155 1453 225 iinf

72 229 173 280 preffi
188 261 198 276 ,
227 230 344 280 quibus
362 232 452 267 utilia
465 231 484 267 ὲ
497 234 610 279 noxiis&
625 231 824 281 separemus:
840 232 892 282 spe
901 236 992 268 omni
1010 232 1134 269 sublata
1148 262 1157 277 ,
1172 236 1248 281 quid
1256 239 1385 284 jucundi
1405 240 1453 274 su-

101 281 179 315 erest
191 284 225 316 in
242 283 309 316 vita
327 291 339 317 3
359 282 449 316 Idem
465 279 606 328 liquebit
626 293 758 316 caeteros
781 280 915 318 affectus
931 286 1137 330 percurrenti.
1160 285 1212 318 Sic
1236 284 1453 323 misericordia

74 292 141 364 gne
157 332 358 366 immanitate
369 330 507 378 quadam
519 360 528 374 ‚
542 342 646 365 metus
657 330 719 366 sine
734 332 920 366 temeritate
933 343 999 365 non
1013 333 1156 379 eripitur.
1180 334 1310 368 Merum
1330 338 1415 371 enim
1432 336 1452 372 fi

76 376 228 412 sustuleris
242 408 252 423 ,
278 391 409 414 omnem
425 381 498 414 vitae
514 379 715 429 diligentiam
728 378 818 415 simul
833 379 927 414 tolles
947 393 956 415 :
974 378 1039 413 haec
1057 382 1144 415 euim
1159 379 1280 416 summa
1298 384 1343 417 est
1366 387 1398 419 in
1415 388 1452 420 iis

74 428 132 473 qui
147 425 235 475 leges
247 456 257 471 ,
275 430 329 474 qui
345 440 569 477 paupertatem
580 458 590 472 ,
610 431 666 476 qui
681 430 894 477 ignominiam
910 457 920 472 ,
933 430 987 476 qui
1003 440 1144 464 mortem
1162 431 1288 466 timent.
1315 434 1368 466 Sic
1388 437 1452 469 uti..

73 473 111 509 lis
120 475 164 509 est
176 475 389 512 misericordia
400 478 440 510 ad
450 490 548 525 opem
561 477 728 513 ferendam
738 506 748 522 ‚
767 483 802 514 δε
819 477 1016 512 calamitates
1036 476 1206 513 hominum
1228 477 1450 520 sublevandas.

68 523 141 569 Qi
157 535 267 560 autem
281 539 392 561 contra
404 525 560 570 sentiunt,
575 529 698 574 quique
711 539 751 563 ne
761 527 911 562 dolorem
921 525 1054 573 quidem
1066 528 1150 560 inter
1169 527 1255 562 mala
1267 542 1453 575 numerant,

73 571 108 606 hi
120 571 229 607 frustra
238 575 430 611 ratiunculas
447 575 594 611 adversus
607 587 814 614 communem
827 576 995 611 hominum
1007 573 1130 610 sensum
1141 604 1150 621 ‚
1170 581 1203 612 &
1217 580 1452 625 experientiam

73 620 233 669 colligunt
247 640 257 667 3
272 626 361 671 iique
372 623 538 668 dolorem,
561 637 617 660 aut
626 625 845 674 aegritudinem
868 623 931 658 alia
951 625 1049 659 animi
1067 622 1331 671 perturbatione,
1345 627 1455 676 super-

73 668 128 703 bia
145 672 299 707 nimirum
309 702 318 715 ,
342 675 512 710 &virtutis
525 673 750 722 suaeopinione
761 703 772 718 ‚
788 674 889 708 lenire
904 683 1067 707 conantur.
1082 675 1172 708 Hinc
1183 675 1313 722 August.
1328 675 1347 712 l.
1357 689 1404 724 14.
1414 679 1455 712 de

67 718 176 754 ·'-Civit.
187 722 251 755 Dei
265 750 275 765 ,
299 734 359 756 non
381 725 459 769 qula
474 722 588 759 durum
604 724 736 772 aliquid
751 750 762 764 ,
795 724 864 759 ideo
878 721 1017 760 ruffum,-
1033 733 1092 757 aut
1113 724 1191 770 quia
1208 721 1371 771 stupidum
1396 726 1450 771 est,

64 766 142 801 ‚video
160 770 286 814 simum.

184 849 187 852 .
580 821 765 855 Solvuntur
781 819 976 865 objefliones.

71 869 75 884 ’-
108 865 400 916 Multaopponunt
410 871 514 904 Sto'ici
526 882 597 917 quae
611 872 661 905 M.
672 868 798 904 Tullius
818 869 838 905 l.
851 884 874 915 3.
890 874 923 906 &
938 882 974 913 4.
991 867 1120 904 Tuscul.
1140 868 1208 904 fuse
1221 869 1424 919 persequitur
1442 881 1455 916 ,*

64 926 206 962 ‘quaeque
216 929 282 951 uno
294 919 417 954 item&
433 917 537 953 altero
553 929 743 966 argumento
766 917 1001 965 comprehendi
1028 915 1166 965 poffunt.
1192 919 1339 968 Affer
1355 949 1367 964 ,
1403 923 1454 956 in-

71 965 205 1009 quiunt,
228 963 296 999 sunt
311 968 410 1001 animi
426 966 686 1012 perturbationes
697 980 704 1001 :
715 964 770 1000 sed
782 964 991 1000 conturbatus
1008 968 1134 1000 animus
1158 980 1225 1002 non
1242 969 1286 1002 est
1302 980 1393 1017 aptus
1413 971 1455 1005 ad

71 1013 303 1058 exequendum
318 1027 427 1049 munus
446 1013 533 1050 suum
545 1044 555 1058 ‚
569 1015 658 1062 quod
677 1015 720 1049 est
733 1016 860 1048 ratione
878 1013 963 1048 bene
975 1016 1021 1047 uti
1038 1029 1046 1049 :
1068 1017 1347 1061 quemadmodum
1373 1031 1454 1053 ocu-

71 1057 118 1093 lus
132 1061 340 1096 conturbatus
353 1075 418 1097 non
430 1064 473 1096 est
484 1062 588 1110 probe
605 1063 740 1098 affe-stus
754 1062 793 1095 ad
806 1061 897 1096 suurn
915 1074 1029 1096 munus
1060 1062 1259 1111 fungendum
1276 1081 1284 1107 3
1303 1077 1453 1101 totumve

69 1114 185 1156 corpus
199 1109 219 1144 a
230 1110 309 1144 statu
323 1122 396 1145 cum
405 1111 452 1144 est
467 1122 593 1145 motum
603 1139 612 1154 ‚
624 1111 712 1145 deest
723 1107 832 1144 officio
842 1108 897 1143 suo
912 1114 947 1145 &
967 1112 1090 1144 muneri
1107 1127 1116 1153 3
1138 1123 1197 1146 nec
1209 1124 1321 1147 manus
1335 1113 1453 1149 affeaa

59 1157 162 1191 metite
172 1158 219 1192 est
235 1187 244 1202 ,
260 1161 378 1195 cumin
390 1170 517 1194 tumore
531 1159 579 1194 est
594 1158 656 1203 3fic
670 1161 768 1208 igitur
781 1157 906 1193 inflatus
928 1162 960 1194 δε
976 1168 1101 1193 tumens
1121 1161 1244 1195 animus
1256 1164 1288 1195 in
1305 1164 1386 1196 vitio
1399 1165 1452 1200 est.

70 1206 115 1240 At
124 1207 220 1241 iratus
231 1209 356 1242 animus
368 1207 457 1243 velut
477 1207 645 1256 turgescir3
661 1206 778 1256 cupita
790 1219 856 1253 quo
868 1205 956 1240 laesus
967 1207 1139 1251 videtur‚ei
1152 1209 1251 1255 quam
1268 1213 1453 1247 maximum

70 1253 218 1290 dolorem
234 1258 378 1292 inurere:
397 1269 435 1291 ex
448 1270 514 1304 quo
528 1256 566 1292 fit
583 1269 620 1292 ut
629 1257 738 1292 alieno
749 1256 836 1292 malo
845 1255 981 1304 gaudeat
1000 1269 1008 1290 :
1035 1257 1122 1303 quod
1138 1260 1251 1305 utique
1270 1262 1302 1293 in
1325 1259 1452 1308 sapien-

73 1313 139 1338 tem
148 1317 216 1340 non
231 1305 328 1341 cadit.
345 1306 431 1340 Cum
442 1308 538 1355 igitur
552 1304 812 1354 perturbationes
823 1303 881 1339 fint
889 1315 996 1338 motus
1013 1303 1132 1339 turbidi
1147 1334 1157 1348 ,
1169 1312 1204 1343 ὃ(
1216 1306 1325 1342 morbi
1337 1312 1452 1354 animi3

68 1363 212 1399 cumque
225 1366 280 1388 eos
297 1353 388 1389 sanos
406 1356 546 1388 dicamus
561 1383 570 1396 ,
596 1367 735 1401 quorum
758 1365 851 1388 mens
872 1363 966 1388 motu
983 1352 1066 1400 quasi
1088 1355 1240 1402 improbo
1266 1357 1453 1405 perturbata

67 1400 163 1435 nullo
176 1400 234 1436 fit:
253 1405 307 1448 qui
318 1414 430 1437 contra
449 1402 557 1437 affecti
571 1401 660 1446 sunt,
682 1402 740 1436 hos
755 1400 881 1436 insanos
899 1401 1057 1447 appellari
1070 1403 1192 1437 necelse
1204 1405 1256 1440 est.
1282 1407 1392 1453 Atque
1414 1419 1451 1442 ut

68 1460 185 1497 corpus
199 1452 298 1485 etiam
309 1449 330 1485 fi
343 1451 553 1485 mediocriter
562 1462 678 1498 aegrum
689 1451 737 1485 est
750 1478 760 1494 ,
778 1449 886 1484 sanum
900 1461 967 1484 non
981 1449 1028 1483 est
1047 1463 1053 1485 :
1082 1448 1121 1484 fic
1133 1449 1155 1485 fi
1172 1454 1205 1487 in
1228 1455 1340 1488 animo
1352 1456 1394 1489 est
1411 1455 1452 1490 il-

72 1495 103 1531 la
128 1499 333 1534 mediocritas
348 1527 357 1542 ‚
382 1511 472 1534 caret
488 1499 633 1534 sanitate.

107 1546 198 1592 Resp.
220 1548 303 1590 Dist.
317 1552 392 1593 maj.
416 1547 560 1583 Affedhxs
571 1547 641 1583 sunt
652 1546 912 1595 perturbationes
923 1574 933 1588 ‚
950 1551 983 1582 &
997 1546 1105 1581 morbi
1118 1550 1219 1583 animi
1234 1576 1244 1591 ‚
1261 1561 1335 1583 cum
1352 1554 1451 1586 ratio.

69 1595 120 1630 nis
135 1594 213 1630 fines
228 1598 528 1646 praetergrediuntur
543 1626 552 1640 ‚
565 1602 599 1634 ὃ(
612 1596 696 1631 male
709 1598 743 1630 iis
757 1598 892 1638 utimur,
901 1595 957 1629 C.*
971 1594 1058 1630 Cum
1075 1594 1230 1643 passiones
1254 1597 1324 1632 sunt
1335 1600 1451 1634 mode„

70 1654 165 1687 ratae,
187 1650 221 1685 &
237 1648 366 1681 rationis
385 1647 474 1681 dic‘to
487 1646 673 1689 audientes,
693 1647 736 1682 N.
760 1647 842 1681 Sunt
857 1645 944 1678 enim
958 1645 1115 1679 virtutum
1135 1646 1361 1692 instrumenta,
1379 1660 1450 1696 quae

66 1691 193 1727 militer
205 1694 332 1741 possunt
350 1694 504 1730 adhiberi-

102 1742 233 1776 -Contra
248 1771 258 1786 ,
278 1746 427 1788 inquiunt
440 1773 450 1787 ,
467 1742 553 1778 nulla
569 1742 860 1790 libido‚nequidem
876 1743 1058 1786 mediocris,
1073 1741 1162 1778 bona
1175 1740 1236 1777 effe
1245 1742 1370 1791 potest:
1399 1743 1453 1779 sed

70 1787 171 1836 pasfio
183 1793 288 1825 omnis
302 1790 405 1826 libido
416 1792 562 1839 quaedam
573 1793 619 1826 est
632 1807 639 1828 :
654 1791 693 1826 fic
707 1792 870 1826 iracundia
884 1791 1033 1827 definitur
1047 1790 1218 1826 ulciscendi
1234 1790 1348 1826 libido.
1362 1794 1451 1828 Hinc

72 1837 217 1873 Christus
230 1842 408 1884 Dominus,
435 1840 559 1876 Matth.
573 1854 598 1887 ς.
621 1842 732 1874 Omnis
757 1842 813 1885 qui
836 1843 984 1886 irascitur
992 1841 1100 1884 fratri
1108 1840 1167 1884 fico
1179 1868 1188 1879 ,
1207 1853 1277 1874 reus
1296 1842 1357 1873 erit
1364 1842 1451 1884 judi-

72 1888 127 1923 εἶθ.
143 1889 182 1922 Et
193 1900 241 1934 pr.
260 1903 308 1925 20.
328 1890 383 1921 Ne
396 1890 482 1924 dicas
496 1917 505 1931 ‚
530 1889 660 1923 reddam
675 1889 814 1922 malunt,-
834 1889 962 1936 expefla
972 1889 1165 1925 Dominum,
1192 1887 1391 1924 &liberabit
1408 1894 1451 1926 te.'

70 1936 110 1970 Et
129 1936 231 1970 Eccli.
246 1940 350 1971 Homo
370 1937 490 1972 homini
509 1939 650 1982 rest’rvat
665 1939 768 1978 iram,
797 1934 836 1970 (ῥ’
864 1937 884 1970 ὰ
906 1936 974 1969 Deo
992 1939 1102 1982 quaerit
1113 1936 1283 1973 medelam.

106 1985 196 2030 Resp.
211 1985 295 2030 Dist.
312 1989 389 2021 min.
403 1985 504 2022 Pasfio
518 1985 679 2021 effiaenata
690 2014 700 2029 ‚
723 1997 859 2031 quaeque
877 1983 1000 2020 excessu
1016 1995 1148 2029 peccat,
1175 1983 1280 2019 libido
1303 1985 1450 2032 quaedam

72 2031 116 2066 est
128 2060 138 2075 ,
161 2033 201 2068 C.
217 2033 318 2070 Paffio
330 2034 485 2070 aratione
497 2046 674 2083 temperata
685 2063 695 2077 ,
721 2035 767 2070 N.
784 2034 884 2070 Unde
901 2036 956 2081 qui
975 2032 1135 2069 effraenata
1146 2033 1290 2069 feruntur
1302 2034 1451 2079 libidine,

71 2092 127 2115 aut
140 2082 319 2126 iracundia,
343 2083 401 2119 hos
420 2083 512 2119 exisse
529 2084 545 2119 ὲ
569 2084 723 2130 potestate
740 2084 858 2119 mentis
869 2082 1003 2117 dicimus
1018 2111 1026 2125 ‚
1042 2084 1094 2117 cui
1117 2094 1253 2130 regnum
1266 2085 1363 2118 totius
1387 2084 1451 2118 ho..

72 2130 167 2164 minis
177 2129 318 2165 &natura
329 2131 486 2168 tributum
498 2132 551 2167 est.
571 2135 646 2167 Hoc
661 2134 758 2180 igitur
769 2132 869 2167 modo
880 2133 925 2165 ira
939 2161 949 2175 ,
963 2143 1123 2178 quatenus
1134 2131 1290 2166 ultionem
1310 2132 1452 2167 medita-

75 2186 126 2210 tur
142 2205 152 2219 ,
165 2191 219 2214 aur
233 2192 319 2214 extra
333 2183 466 2216 rationis
483 2181 598 2216 limites
609 2183 763 2224 excurrit,
781 2181 802 2216 ὲ
816 2180 941 2216 Christo
956 2183 1101 2216 Domino
1119 2179 1320 2228 prohibetur.
1350 2181 1452 2216 Unde

74 2226 108 2260 in
120 2226 231 2260 Graeco
243 2240 279 2262 ea
291 2243 357 2265 vox
370 2229 518 2265 habetur.
541 2230 603 2262 ξικιῗ
620 2227 684 2263 sine
693 2230 792 2266 causa.
811 2232 920 2277 anue
941 2231 972 2264 in
986 2231 1108 2264 Latinis
1126 2228 1363 2276 exemplaribus
1374 2241 1450 2264 ante

73 2275 271 2321 Hieronymi
281 2289 427 2325 tempora
441 2277 610 2327 legebatur
631 2294 639 2320 3
665 2281 745 2314 &in
760 2280 890 2327 Syriaca
918 2276 1061 2312 versione
1076 2290 1143 2324 quae
1162 2276 1365 2314 vetustiffima
1383 2278 1425 2312 est
1440 2307 1449 2321 ,

72 2320 136 2356 fine
157 2322 423 2371 cauffi‚repexit1ir.
443 2330 495 2361 Sic
511 2326 612 2361 verba
630 2329 789 2373 Sapientis
811 2326 948 2374 intelligi
977 2325 1100 2361 debent
1126 2326 1165 2359 de
1184 2327 1229 2359 ira
1258 2338 1330 2373 quae
1349 2325 1449 2361 ultio-

73 2382 152 2407 nem
165 2375 309 2420 expetit,
328 2386 465 2423 quaeque
484 2376 633 2424 justitiam
657 2378 722 2412 Dei
741 2390 809 2413 non
834 2387 984 2423 operatur
1003 2404 1013 2418 ,
1031 2387 1101 2422 quae
1129 2377 1162 2409 in
1184 2377 1322 2422 proximi
1351 2388 1450 2410 nocu-

1141 2425 1230 2472 Ggg
1254 2425 1285 2472 iij
