1857 2745
544 127 584 160 M
605 128 641 162 O
663 126 695 161 R
716 127 746 161 A
772 128 799 163 L
824 129 838 162 1
859 130 892 165 S.
923 129 925 133 ’
1357 146 1413 176 30*

67 175 218 223 Confirm.
233 174 357 210 Idcirco
367 176 399 209 in
409 176 558 223 appetitu
571 175 752 211 irrationali
763 176 869 212 nullus
880 176 982 226 vulgo
994 177 1032 214 ha
1038 178 1120 213 bitus
1131 180 1311 227 reponitur,
1322 182 1412 227 quod

18 228 38 264 s
36 230 95 264 atis
105 225 147 262 ab
160 225 297 275 objecto
308 224 390 260 aura
399 225 590 272 cognitione
600 252 610 268 ,
625 236 681 260 aut
697 225 768 261 aliis
782 238 821 261 ex
831 226 926 262 causis
944 228 1191 264 determinetur:
1203 232 1410 275 quantumvis

16 287 133 326 negare
150 288 216 311 non
226 273 377 323 possimus
397 275 480 320 quin
493 272 586 309 bruta
602 272 657 309 usu
674 280 708 312 &
726 276 873 311 industria
887 288 1039 325 magnam
1061 280 1230 324 acquirant
1250 277 1289 311 ad
1307 291 1410 314 certas

14 337 62 361 tes
77 324 242 360 faciendas
256 323 447 358 facilitatem
462 335 470 357 ε
484 335 563 373 ergo
580 322 662 359 nihil
672 324 716 359 est
739 324 836 360 causae
852 337 908 360 cur
924 325 1053 360 habitus
1070 328 1105 361 in
1128 326 1301 361 voluntate
1319 327 1383 376 ipsa
1400 358 1410 371 ,

14 385 170 421 tanquam
185 373 354 408 distinctas
363 370 538 418 qualitates
554 373 728 409 statuamus
741 387 832 410 :cum
846 372 888 408 ab
901 374 1070 410 intellectu
1085 380 1119 412 δε
1131 373 1187 410 usu
1199 373 1271 409 satis
1296 374 1332 411 fit
1348 377 1409 411 de-

14 425 189 458 terminata
204 437 213 464 ς
233 433 343 470 neque
354 420 408 455 illa
419 419 560 457 facilitas
574 422 661 458 aliud
681 424 837 471 quiddam
849 422 885 459 fit
902 422 961 460 nisi
977 423 1044 461 usus
1069 428 1104 462 δε
1127 425 1317 460 exercitatio
1329 454 1339 470 ,
1355 437 1411 461 aut

13 483 100 508 certe
115 469 248 508 affectio
261 471 411 520 quaedam
423 482 462 506 ex
472 470 524 507 usu
539 483 736 521 comparata.

510 552 643 600 Satisfit
662 553 898 601 objeffionibus.

16 618 175 718 QUae
184 628 296 654 contra
309 619 433 666 opponi
448 615 586 666 possunt,
602 617 726 654 facilius
743 615 1131 662 dilsolves,fiadverteris
1151 628 1190 653 ιο.
1208 615 1338 652 habitus
1356 618 1407 651 in-

115 666 317 703 tellectuales
327 668 392 701 dici
401 695 411 710 ,
424 668 513 715 quod
525 670 645 703 mentis
663 670 802 716 imperio
818 666 1010 716 subjaceant.
1025 669 1115 704 Nam
1131 665 1254 714 spiritus
1270 668 1306 702 in
1318 678 1407 700 cete-

12 715 74 752 bro
85 720 147 752 huc
163 716 237 750 illuc
254 715 421 759 fluctuant,
432 728 530 764 atque
546 729 658 752 eorum
670 728 765 752 motu
778 714 992 766 phantafia‚ut
1003 727 1150 752 torrente
1160 715 1303 763 quodam
1316 714 1409 750 abri-

10 767 97 815 pitur
115 778 123 800 ε
140 767 275 799 ut'inter
285 764 509 800 somniandum
526 768 657 808 evenit,
669 771 703 802 &
719 766 919 814 quandoque
936 767 1039 801 etiam
1058 778 1132 801 cum
1153 765 1324 813 vigilamus
1335 792 1345 807 ,
1368 776 1405 798 ac

12 816 61 851 vis
70 815 274 862 imaginatrix
284 812 344 848 fibi
362 815 570 862 permittitur.
581 814 646 849 Sed
656 812 732 850 ct'im
747 814 872 863 aliquid
886 827 960 850 cum
973 818 1157 850 attentione
1171 814 1217 847 est
1230 813 1405 862 agendum:

11 861 130 899 utcfirn
141 865 246 898 oratio
263 863 373 910 aliqua
390 863 434 897 est
443 863 607 898 recitanda
620 876 660 899 ex
674 864 792 899 ordine
804 892 814 908 ‚
834 876 926 899 mens
945 864 1009 912 ipsa
1027 864 1297 911 imaginationem
1319 864 1405 897 intra

13 911 213 961 praescriptos
232 910 312 946 fines
328 913 455 946 coercet
468 925 476 946 ε
490 923 559 946 tum
568 914 656 947 enim
666 926 732 948 non
745 912 849 948 solum
863 915 991 948 invenit
1012 913 1098 960 quod
1111 912 1215 954 dicat,
1225 910 1280 946 sed
1299 911 1331 945 id
1346 922 1404 945 ex-

12 960 295 1009 pendit‚&quod
317 961 496 1002 invenerit,
515 960 690 1008 prudenter
709 960 850 996 collocat
863 973 1023 1009 :cumque
1046 958 1210 1010 phantasia
1226 970 1403 1008 evagatur,

15 1022 107 1045 mens
127 1021 201 1044 eam
224 1009 262 1042 ad
280 1005 427 1042 officium
441 1019 588 1044 revocat.

50 1057 150 1094 Unde
171 1055 302 1092 habitus
313 1056 360 1090 illi
379 1055 614 1091 intellectuales
631 1055 798 1100 dicuntur,
816 1059 904 1104 quod
921 1058 1061 1094 amente
1079 1068 1248 1106 tegantur:
1264 1069 1330 1092 non
1342 1057 1404 1091 ali-

11 1117 63 1143 ter
75 1118 112 1141 ac
123 1107 301 1144 memoria,
315 1117 386 1152 quae
403 1104 485 1139 nihil
498 1104 567 1139 fere
576 1104 620 1138 est
632 1115 745 1152 praetet
764 1103 914 1141 habitum
925 1135 936 1150 ,
952 1107 994 1140 ad
1014 1106 1213 1141 intellectum
1235 1108 1377 1153 pertinet
1395 1120 1403 1141 :

11 1167 85 1193 curn
101 1154 219 1203 species
228 1153 269 1188 ab
280 1166 318 1188 ea
327 1151 472 1201 reposcat
482 1152 713 1196 intellectus,&
727 1152 812 1190 illius
825 1153 904 1203 jussu
912 1155 974 1191 sese
984 1154 1137 1199 offerant,
1153 1167 1195 1189 eo
1205 1154 1341 1202 quidem
1349 1167 1405 1189 or-

15 1205 172 1251 dine,quo
182 1215 262 1252 opus
278 1202 336 1237 est.
357 1205 447 1238 Nam
460 1215 553 1238 mens
570 1215 623 1238 eas
634 1201 760 1251 seligit,
776 1203 895 1251 quibus
916 1205 1039 1254 indiget
1049 1222 1058 1248 3
1079 1204 1220 1252 reliquas
1238 1215 1309 1250 quae
1337 1215 1406 1239 tut,

12 1255 131 1289 matim
140 1254 317 1300 irrumpunt
326 1281 336 1295 ‚
348 1250 463 1300 abigit.
477 1253 563 1287 Cum
572 1264 683 1287 autem
692 1255 727 1287 in
739 1255 785 1287 rei
794 1252 885 1301 ipsius
895 1256 1089 1289 memoriam
1100 1282 1110 1297 ‚
1119 1258 1206 1302 cujus
1218 1251 1316 1288 obliti
1332 1264 1405 1288 era.-

15 1301 403 1348 mus,deducimut,idque
414 1300 451 1336 fit
464 1303 713 1336 ratiocinatione
727 1303 868 1349 quadam
878 1332 887 1347 ‚
906 1308 941 1340 ὅ(
954 1301 1039 1351 quasi
1055 1303 1230 1351 gradatim,
1243 1311 1345 1349 atque
1363 1314 1404 1336 ex

11 1352 134 1388 mentis
149 1348 238 1399 ipsius
250 1351 390 1397 imperio
405 1379 415 1393 ,
431 1362 499 1385 tum
510 1349 748 1385 reminiscentia
763 1351 878 1386 dicitur
894 1364 981 1399 ‚quae
994 1351 1124 1387 homini
1146 1352 1275 1400 propria
1293 1350 1350 1393 est,
1366 1362 1404 1385 ac

15 1412 57 1438 ne
68 1401 122 1435 vix
135 1399 269 1446 quidem
280 1398 321 1433 ab
337 1397 449 1433 intelle
455 1398 549 1434 &nali
560 1397 675 1433 habitu
685 1400 790 1446 potest
799 1400 948 1448 separari.
960 1404 999 1437 Et
1012 1413 1100 1435 certe
1109 1401 1226 1436 eadem
1238 1400 1281 1435 est
1290 1399 1406 1434 utrius-

15 1460 81 1497 que
101 1449 232 1490 ratio,&
241 1459 344 1481 unum
357 1459 395 1481 ex
410 1446 514 1481 altero
528 1446 625 1481 facile
639 1446 928 1494 explicatur.Unde
944 1451 1022 1484 utin
1034 1448 1141 1484 bestiis
1157 1447 1400 1484 reminiscentia

17 1496 106 1533 nulla
117 1496 216 1538 est,ita
232 1507 293 1530 nec
307 1493 436 1530 habitus
452 1497 581 1542 proprie
592 1495 707 1529 dietus.
729 1498 819 1530 Nam
839 1509 881 1530 eae
894 1498 1029 1543 quidem
1061 1499 1281 1531 meminerunt
1302 1523 1312 1536 ,
1329 1508 1405 1530 cum

15 1543 238 1594 phantasmata
256 1554 297 1578 eo
314 1542 383 1578 fere
400 1544 593 1589 ordine,quo
605 1541 779 1586 subierunt,
794 1556 940 1579 connexa
953 1543 1055 1579 solent
1064 1542 1323 1591 recurrere3at1se
1337 1556 1405 1578 rne-

18 1592 141 1630 minisse
150 1605 211 1628 nec
222 1594 419 1641 percipiunt,
432 1604 493 1628 nec
505 1604 574 1639 quae
583 1590 640 1626 sibi
651 1603 731 1639 opus
742 1590 827 1636 sunt,
846 1594 970 1641 rejectis
983 1592 1051 1628 aliis
1065 1592 1189 1642 eligunt
1203 1620 1214 1636 ,
1237 1604 1298 1628 nec
1315 1604 1404 1641 quae-

19 1654 93 1679 tunt
104 1641 216 1677 abdita
227 1671 237 1685 ,
261 1652 317 1676 aut
333 1643 471 1677 inventa
479 1638 722 1689 recognoscunt.

49 1705 80 1729 2.
96 1689 240 1726 Habitus
255 1692 390 1726 nomine
414 1702 487 1725 eam
501 1689 694 1725 facilitatem
710 1688 930 1738 intelligimus,
943 1690 984 1724 de
998 1688 1095 1724 rebus
1113 1694 1178 1737 jam
1196 1700 1273 1726 ante
1292 1702 1406 1738 perce.

16 1743 80 1790 ptis
92 1740 276 1788 cogitandi,
285 1751 339 1774 aut
348 1741 464 1774 iterum
475 1751 527 1773 eas
541 1737 792 1785 efficiendi‚quas
804 1737 979 1775 effecimus.
1003 1739 1060 1774 Illa
1081 1738 1220 1775 facilitas
1240 1739 1405 1787 cogitandi

17 1792 176 1838 praecipue
196 1791 229 1824 in
249 1789 385 1836 vestigiis
402 1787 539 1822 cerebro
550 1786 704 1834 impteffis
718 1815 728 1829 ‚
744 1786 862 1834 quibus
874 1800 968 1823 certae
981 1789 1116 1823 addic’tae
1135 1786 1206 1823 sunt
1220 1800 1315 1836 perce
1341 1791 1406 1822 tio-

19 1837 303 1882 nes‚constituitur.
321 1839 457 1874 Namut
476 1839 559 1871 tami
572 1835 694 1871 arboris
719 1836 912 1872 idemtidem
928 1836 1037 1872 inflexi
1051 1867 1060 1883 ‚
1083 1836 1208 1872 facilius
1231 1838 1264 1871 in
1277 1848 1314 1870 ea
1329 1837 1405 1871 dem

17 1898 122 1935 partes
135 1885 327 1922 fleetuntur:
353 1887 400 1920 ita
415 1886 485 1921 fere
494 1885 618 1920 cerebri
634 1883 755 1920 fibrillae
763 1884 931 1933 spirituum
943 1889 1188 1929 anitanone‚aut
1202 1883 1406 1934 objectorum

19 1934 155 1985 impulsu
179 1947 271 1970 certo
288 1935 388 1970 modo
405 1933 550 1977 affectat,
569 1933 696 1969 easdem
717 1933 938 1981 impreffiones
960 1916 1085 1970 {acilius
1106 1936 1282 1983 excipiunt.
1304 1933 1406 1970 Unde

19 1986 290 2020 rerumromnium
302 1997 371 2020 non
383 1984 500 2019 eadem
516 1983 672 2019 facilitate
680 1983 883 2018 recordamur
894 1982 964 2020 :sed
975 1996 1048 2031 quae
1068 1995 1127 2033 per
1140 1982 1244 2019 sensus
1270 1981 1406 2026 subiere,

19 2032 150 2069 altiores
162 2033 271 2082 plagas
282 2031 388 2069 solent
401 2032 535 2068 cerebro
551 2031 685 2081 infigere
698 2048 708 2075 ·,
719 2036 753 2069 &
764 2044 832 2080 quo
844 2031 950 2081 saepius
959 2035 1006 2067 rei
1018 2035 1196 2081 imaginem
1204 2030 1306 2068 oculis
1326 2031 1408 2066 hau-

20 2081 127 2126 fimus,
143 2083 206 2118 hoc
221 2085 362 2118 tenacius
373 2081 510 2117 cerebro
531 2082 677 2118 inhaetet.
699 2083 753 2116 Sic
769 2080 900 2117 habitus
921 2084 1070 2131 corporei
1085 2084 1313 2129 acquiruntur,
1332 2092 1406 2114 cum

22 2141 66 2165 ex
76 2129 269 2180 imaginibus
288 2144 393 2166 rerum
407 2133 573 2179 conceptis
598 2130 724 2179 spiritus
741 2132 777 2166 in
794 2130 928 2167 cerebro
945 2131 1065 2180 copiosi
1083 2133 1118 2166 in
1139 2142 1240 2165 certas
1258 2131 1405 2177 corporis

23 2189 127 2227 partes
137 2182 196 2215 diri
241 2191 397 2229 ntut‚qu:e
409 2192 526 2229 magna
537 2179 703 2215 celeritate
718 2181 751 2214 iu
767 2192 886 2215 nervos
901 2186 936 2218 &
950 2180 1108 2216 musculos
1125 2179 1273 2215 feruntur
1287 2191 1295 2213 ς
1309 2179 1407 2225 idque

25 2238 119 2262 tanta
136 2228 200 2263 faci
215 2232 296 2264 itate
306 2243 360 2274 ,ut
373 2232 427 2266 vix
437 2231 610 2277 concipere
623 2230 737 2263 animo
751 2227 901 2276 posfir'nus
912 2259 922 2274 ,
935 2242 998 2277 qua
1016 2230 1181 2264 celeritate
1194 2229 1227 2262 in
1246 2229 1336 2262 unius
1346 2240 1406 2262 vo.

26 2278 70 2309 cis
81 2279 347 2323 pronunciatione
362 2291 413 2314 tot
424 2278 554 2315 musculi
563 2280 598 2314 in
616 2278 752 2313 divetfixs
772 2290 879 2326 partes
894 2289 1109 2313 moveantur:
1123 2277 1186 2312 hoc
1205 2277 1319 2323 utique
1337 2275 1406 2311 usus

27 2322 126 2358 efficit
141 2353 151 2368 >
159 2324 239 2360 dum
251 2326 370 2373 spiritus
381 2328 488 2379 saepius
500 2338 722 2364 commeantes
735 2328 823 2363 viam
833 2326 893 2364 sibi
905 2327 1089 2376 expeditam
1101 2327 1259 2376 aperiunt.
1270 2326 1332 2361 His
1344 2327 1407 2359 ita-

31 2384 96 2420 que
119 2372 295 2422 explicatis,

1168 2423 1243 2471 Qq
1290 2424 1301 2456 i
