1857 2745
302 131 375 165 DE
426 129 898 166 UNIVERSALIBUS
938 129 1298 169 GENERATIM.
1461 143 1481 172 6

112 180 202 217 ideas
214 180 301 214 reete
313 179 407 228 dirigi
424 184 457 215 δε
473 176 711 228 ordinatipoile
724 179 937 222 existimavit,
955 177 1013 214 nisi
1027 190 1077 212 res
1095 190 1208 214 omnes
1225 208 1236 224 ,
1262 192 1341 228 quas
1354 151 1504 233 perceps-v

114 241 203 273 mus,
223 231 257 264 in
271 240 394 262 certum
410 228 578 271 ordinem,
597 240 634 263 ac
651 228 744 263 velut
766 231 798 263 in
813 228 877 264 suas
892 227 998 263 classes
1007 226 1106 263 essent
1116 228 1262 277 digestae,
1276 235 1310 267 &
1326 233 1366 266 ad
1380 230 1504 269 summa

111 279 260 328 quaedam
273 290 392 326 genera
400 279 545 313 redadkae.
562 279 632 313 Has
647 280 760 326 utique
779 290 884 312 rerum
902 277 994 312 series
1005 278 1270 324 Praedicamenta,
1291 280 1343 315 vel
1357 283 1506 332 Catego.

110 331 173 363 rias
185 328 366 375 appellavit
381 357 391 372 ,
418 327 504 361 aede
518 328 555 361 iis
566 330 707 375 primum
717 328 903 364 Dialesticae
924 326 981 362 suae
999 325 1119 362 librum
1146 329 1306 378 inscripsit.
1331 332 1402 379 Qi
1427 345 1504 368 cum

110 376 319 413 subobscurus
344 377 529 418 videretur,
548 390 583 411 ut
602 376 725 412 facilius
740 377 877 426 intelligi
905 374 1026 425 posset,
1062 377 1259 426 Porphyrius
1286 381 1369 415 hunc
1384 383 1503 416 tradin-

111 436 181 461 tum
212 427 339 470 edidit,
363 428 422 474 qui
438 426 478 459 ad
499 426 689 475 Categorias
713 427 893 463 Aristotelis
908 455 917 470 ‚
953 424 1038 474 quasi
1052 428 1141 461 viam
1162 431 1300 463 muniret
1331 444 1340 465 ι
1363 431 1448 466 unde
1469 437 1502 469 ἃς

107 475 278 519 dcay'ylw,
311 474 363 510 seu
377 475 655 510 introducitionem
669 475 819 524 inscripsit
840 494 849 519 3
875 478 1046 510 transsatum
1067 477 1167 510 etiam
1181 477 1222 511 de
1237 480 1381 526 quinque
1412 484 1502 515 voci-

110 523 170 560 bus
189 525 369 574 appellavit
382 556 392 570 ‚
416 526 502 572 quod
518 537 566 558 res
579 538 693 560 omnes
703 524 912 569 universales,
934 526 973 559 de
988 523 1108 572 quibus
1119 524 1181 560 hoc
1207 525 1281 560 loco
1294 530 1363 576 agit
1379 557 1388 571 ,
1404 532 1501 576 quin-

107 585 174 621 que
184 574 233 609 his
244 573 380 610 vocibus
396 586 527 622 genere,
549 573 652 624 specie
667 604 677 619 ,
688 574 872 611 differentia
885 604 894 618 ,
915 576 1048 624 proprio
1064 574 1286 612 &accidente
1305 579 1500 614 continean-

111 633 162 658 tur
185 628 219 660 &
246 623 458 671 explicentur.

142 672 271 708 Author
284 673 374 720 hujus
389 671 533 721 opusculi
549 675 592 709 est
604 674 799 723 Porphyrius
812 703 821 717 ,
846 675 988 720 quiante
999 673 1148 709 Malchus
1162 672 1331 709 dicebatur
1342 706 1351 720 ‚
1365 679 1501 714 natione

107 720 269 765 Phoenix,
290 734 333 756 cx
347 721 535 757 Christiano
545 723 649 758 faetus
664 723 815 769 Apostata
825 722 1053 759 &Christianae
1066 723 1230 773 religionis
1245 723 1341 759 hostis
1355 726 1500 764 infestus.

106 769 233 807 Plotini
243 769 486 806 Platonicorum
500 773 660 819 principis
675 771 739 805 fuit
755 772 884 805 auditor
897 798 906 811 ‚
932 776 1020 819 cujus
1043 771 1148 806 iibros
1175 775 1206 807 in
1227 774 1376 810 ordinem
1397 776 1501 826 diges-

107 817 163 863 sit,
181 821 266 855 circa
285 818 498 857 Aureliani&
512 820 715 857 Diocletiani
727 831 875 868 tempora
895 819 1005 856 floruit
1022 850 1032 865 ,
1058 833 1096 855 ac
1119 824 1236 857 Roma:
1257 823 1499 875 Philosophiam

106 868 220 904 docuit
243 869 454 905 Platonicam.

142 921 187 953 Ea
203 930 312 953 aurern
323 918 411 967 hujus
423 917 499 952 libri
513 916 672 952 scribendi
691 917 755 953 fuit
768 915 890 953 occasio
901 947 910 962 ‚
941 919 1028 965 quod
1050 920 1183 966 quidam
1208 925 1272 967 (jus
1296 923 1423 959 auditor
1440 939 1499 961 no-

109 969 197 1002 mine
207 966 416 1016 Chrysaorius
429 979 502 1001 curn
517 968 548 1001 in
562 968 734 1001 tractatum
743 968 922 1002 Aristotelis
935 969 975 1001 de
988 967 1175 1017 Categoriis
1189 969 1345 1005 incidisset
1356 1002 1365 1015 ‚
1388 986 1499 1022 neque

108 1028 184 1050 eum
195 1027 265 1063 prae’
279 1015 472 1050 obscuritate
491 1015 689 1063 intelligeret
704 1043 714 1057 ‚
730 1014 848 1063 scripsit
857 1017 1040 1064 porphyrio
1058 1027 1126 1050 turn
1139 1019 1171 1050 in
1183 1019 1292 1051 Sicilia
1306 1021 1449 1068 degenti,
1463 1036 1500 1058 ut

107 1062 245 1098 brevem
261 1065 532 1098 commentarium
549 1063 592 1097 ad
609 1063 640 1098 se
661 1066 808 1098 mitteret
822 1093 833 1107 ‚
862 1077 930 1111 quo
955 1064 1081 1098 facilius
1107 1065 1286 1100 Aristotelis
1310 1067 1430 1105 librum
1449 1073 1498 1107 in-

108 1112 243 1148 tellectu
261 1113 414 1160 consequi
425 1111 539 1161 posset.
559 1114 647 1148 Huic
658 1112 892 1162 morem-geffit
904 1114 1100 1162 Porphyrius
1115 1141 1123 1152 ‚
1153 1116 1250 1160 eique
1263 1118 1436 1154 tractatum
1459 1121 1499 1156 de

105 1161 337 1198 universalibus
357 1191 366 1205 ‚
383 1173 439 1198 aut
451 1163 595 1209 quinque
620 1160 758 1197 vocibus
772 1161 872 1206 misit,
890 1174 990 1209 quem
1005 1175 1041 1197 ut
1060 1163 1334 1200 introductionem
1348 1169 1386 1202 ad
1399 1171 1499 1214 Legi-

106 1222 181 1246 cam
207 1211 384 1248 Aristotelis
400 1240 410 1255 ,
424 1216 458 1248 δε
473 1223 596 1259 magnae
612 1210 763 1245 utilitatis
785 1212 825 1246 ad
843 1211 1051 1247 definitiones
1080 1216 1113 1248 δε
1131 1211 1303 1248 divisiones
1320 1218 1382 1251 rite
1412 1210 1497 1252 insti-

108 1261 245 1295 tuendas
274 1259 463 1309 Philosophi
487 1271 571 1309 pene
594 1272 706 1295 omnes
733 1261 893 1310 explicare
922 1266 956 1298 ὃ(
982 1264 1225 1296 commentariis
1258 1263 1412 1301 illustrare
1438 1281 1497 1302 vo-

104 1307 245 1347 luerunt.
258 1337 261 1340 -

140 1361 245 1408 Hujus
265 1361 416 1394 tractatus
427 1358 592 1408 objedkum
614 1371 686 1394 cum
694 1358 730 1394 sit
740 1359 918 1394 universale
944 1364 955 1405 (
973 1372 1050 1395 nam
1065 1362 1175 1396 omnia
1187 1389 1196 1403 ,
1222 1373 1294 1408 quae
1319 1365 1351 1397 in
1376 1375 1420 1399 eo
1433 1376 1496 1400 tra-

106 1408 226 1442 duntur
237 1408 276 1442 ad
298 1409 328 1442 id
345 1411 492 1443 revocari
507 1407 634 1457 possunt
647 1437 656 1452 ,
673 1410 685 1452 )
716 1422 792 1443 eum
806 1410 846 1443 de
861 1407 1093 1445 universalibus
1108 1408 1212 1445 solent
1226 1409 1397 1446 inscribere
1415 1443 1425 1457 ‚
1451 1414 1493 1448 de

107 1455 224 1503 quibus
235 1455 405 1491 universim
415 1459 521 1505 primo
530 1486 540 1500 ‚
571 1458 690 1492 deinde
703 1457 863 1505 sigillatim
876 1456 971 1493 nobis
992 1459 1152 1508 agendum
1173 1459 1225 1494 est.
1238 1485 1241 1487 -
1254 1461 1384 1507 Duplex
1398 1465 1494 1511 igitur

108 1507 172 1538 erit
180 1504 269 1552 hujus
282 1507 435 1540 trastatus
453 1505 648 1553 disputatio‚·
664 1509 752 1553 prior
761 1506 802 1540 de
814 1505 1045 1541 universalibus
1059 1508 1240 1554 generatim
1256 1535 1266 1549 ,
1284 1511 1442 1555 posterior
1452 1512 1494 1545 de

108 1554 148 1588 iis
168 1552 305 1589 seorsum
324 1554 511 1588 instituetur.

386 1634 842 1677 DISPUTATIO
903 1634 1157 1677 PRIMA.

539 1717 595 1749 De
619 1719 799 1764 universali
816 1719 1008 1767 generatim.

199 1800 257 1836 Uo
272 1798 423 1834 distin&a
437 1796 493 1842 fit,
512 1811 579 1834 non
587 1797 777 1846 perturbata
789 1827 799 1842 ‚
819 1805 853 1836 &
880 1799 1026 1835 involuta
1044 1801 1237 1850 disputatio,
1263 1802 1345 1836 circa
1364 1803 1493 1838 univer.

201 1848 264 1884 sale
275 1859 414 1897 quatuor
431 1846 500 1883 sunt
523 1847 619 1882 nobis
632 1846 838 1885 discutienda.
848 1851 991 1884 Primum
1002 1849 1085 1885 illius
1097 1853 1209 1893 notio,
1234 1855 1268 1887 &
1288 1851 1376 1884 varia
1397 1851 1490 1900 hujus

107 1900 249 1934 nominis
267 1899 422 1946 acceptio.
445 1897 674 1940 Secundum‚in
684 1909 749 1943 quo
766 1909 880 1932 natura
895 1896 977 1932 illius
1002 1898 1102 1946 posita
1114 1899 1150 1934 sit
1168 1905 1223 1943 ‚&
1236 1899 1403 1947 quomodo
1423 1903 1491 1935 exi-

108 1947 178 1982 stat.
199 1955 239 1993 3⁰.
267 1946 448 1994 Qomodo
465 1946 580 1995 gradus
593 1945 810 1995 Metaphysici
834 1948 918 1980 inter
937 1945 966 1981 se
984 1947 1226 1997 distinguantur.
1252 1955 1303 1994 4⁰.
1329 1950 1410 1994 Qae
1429 1947 1490 1985 sint

108 1994 290 2030 universalis
308 1998 530 2046 proprietates.
543 2004 585 2043 5⁰.
608 1997 763 2043 Denique
781 1995 961 2044 quotuplex
980 1994 1016 2032 fit
1036 1996 1213 2034 universale
1236 1995 1332 2033 nobis
1358 1999 1420 2032 erit
1441 2000 1490 2033 in-

109 2045 313 2092 quirendum.

465 2128 803 2176 QUAESTIO
854 2128 1105 2166 PRIMA.

308 2210 362 2243 De
377 2212 500 2244 nomine
519 2238 529 2249 ,
547 2212 689 2248 notione,
708 2206 747 2244 ό·
765 2210 860 2243 varia
872 2209 1063 2255 universalis
1085 2210 1269 2258 acceptione.

149 2286 160 2294 ⁸
222 2287 398 2325 Nivershlis
412 2293 545 2326 nomine
562 2291 594 2324 id
611 2290 823 2339 intelligimus
838 2319 848 2334 ‚
867 2290 955 2336 quod
965 2290 1008 2324 est
1025 2301 1198 2324 commune
1212 2290 1338 2335 multis,
1369 2304 1405 2327 ut
1425 2292 1485 2329 sin.

222 2337 329 2386 gulare
339 2338 392 2373 vel
404 2340 608 2375 individuum
626 2339 760 2374 dicimus
772 2369 781 2383 ‚
806 2339 894 2386 quod
910 2339 974 2372 dici
988 2337 1041 2374 vel
1054 2339 1218 2387 praedicari
1234 2340 1274 2374 de
1294 2340 1402 2378 multis
1418 2355 1485 2378 non

106 2386 232 2435 potest,
253 2398 287 2422 ut
301 2389 447 2424 Socrates
457 2389 499 2425 de
507 2402 573 2427 uno
588 2400 711 2427 tantuin
722 2417 733 2434 ,
752 2402 818 2427 non
836 2389 876 2423 de
888 2385 1031 2436 pluribus
1054 2388 1180 2424 dicitur.

1244 2440 1261 2484 ,Ι
1288 2439 1314 2486 ij
