1857 2745
1837 236 1845 244 a
1839 95 1846 197 -=—-..1

370 168 437 201 472
796 151 1226 189 METAPHYSICAE

363 204 423 239 test
436 203 476 236 de
488 202 624 238 veritate
639 204 672 238 &
685 199 835 237 bonitate
849 228 860 244 ,
881 213 953 249 quae
971 212 1045 236 cum
1053 199 1112 237 sint
1121 200 1224 237 reales
1238 229 1248 245 ‚
1273 201 1306 237 in
1329 198 1395 236 sola
1413 203 1585 251 negatione
1603 215 1669 242 non
1680 203 1752 243 sum*

361 250 479 298 positae.

399 299 485 348 Resp.
501 300 569 333 Has
581 299 663 333 entis
674 298 863 334 affectiones
883 297 943 334 effe
956 298 1033 346 quid
1044 298 1131 334 reale
1145 327 1153 342 ,
1170 311 1244 335 cum
1262 299 1304 335 ab
1322 311 1397 336 ente
1417 312 1484 336 non
1500 300 1761 350 distinguantur:
1814 341 1816 351 7

360 350 473 395 itaque
493 350 525 383 in
544 347 597 382 suo
613 360 772 395 conceptu
791 348 860 384 sunt
880 348 958 396 quid
973 347 1058 382 reale
1083 353 1117 386 &
1132 346 1304 396 positivum
1322 352 1448 385 ratione
1462 349 1507 384 sui
1523 349 1750 399 fundamenti,
1813 361 1816 368 ’

363 395 415 431 seu
428 400 511 432 entis
521 395 610 445 ipfius
625 426 634 440 ,
657 410 722 432 non
733 400 860 433 ratione
872 397 922 432 sui.
949 399 1002 432 Sic
1015 399 1118 432 unitas
1129 398 1313 434 formaliter
1324 399 1372 433 est
1383 401 1515 448 negatio
1525 400 1751 446 distinffionis,

362 457 416 481 aut
426 446 651 482 multitudinis,
668 448 797 482 Veritas
809 447 852 482 est
862 446 1077 481 conformitas
1098 460 1168 482 cum
1180 449 1329 495 primaeva
1343 447 1396 482 sua
1407 447 1516 496 regula
1528 466 1537 494 3
1559 460 1612 483 aut
1625 460 1662 484 ut
1679 451 1751 486 aliis

363 494 470 543 placet
486 525 495 540 ,
514 509 586 531 cum
606 494 663 530 suis
682 498 865 545 principiis:
884 508 934 530 res
956 497 998 531 est
1025 494 1109 530 bona
1134 495 1281 532 absolute
1295 526 1304 541 ‚
1331 509 1403 531 cum
1424 497 1504 532 nihil
1531 498 1618 532 deest
1635 509 1751 536 eorum

364 556 434 592 quae
449 545 490 580 ad
513 550 580 593 ejus
603 543 839 594 perfectionem
860 546 1082 594 requiruntur,
1099 557 1134 581 ut
1157 544 1287 582 bonitas
1307 545 1443 581 relativa
1459 549 1491 582 iu
1516 547 1750 586 convenientia

364 592 465 642 posita
483 593 541 630 est.
1707 599 1712 603 '

398 642 533 687 Instant.
545 645 660 681 Unum
674 660 741 682 non
756 645 954 693 distinguitur
965 642 1006 678 ab
1021 654 1096 679 ente
1109 643 1187 678 reali
1200 658 1207 680 :
1222 643 1272 679 sed
1284 655 1340 678 ens
1351 642 1439 692 reale
1451 645 1493 680 est
1504 645 1661 694 quiddam
1671 656 1750 695 [περ

366 701 414 727 ter
424 695 633 740 negationem
652 708 746 743 :ergo
760 707 858 731 unum
876 695 907 728 in
923 695 1095 742 negatione
1117 692 1183 727 sola
1200 706 1269 728 non
1286 692 1437 730 consistit.

400 740 485 787 Refiae,
496 743 609 778 Unum
624 745 656 779 in
673 734 765 781 ῑέὀὶο
784 755 840 780 ens
858 742 959 790 ipsum
978 741 1160 785 includere,
1181 744 1232 776 cui
1244 742 1334 776 addit
1362 744 1570 790 negationem
1586 740 1750 778 divisionis

365 790 396 824 in
409 788 564 838 obliquo,
586 793 682 840 idque
695 796 788 829 omni
806 791 969 826 attr1buto
990 803 1164 827 commune
1184 792 1229 826 est
1243 820 1253 835 ,
1274 802 1311 826 ut
1327 791 1415 826 idem
1429 791 1466 826 fit
1487 804 1561 826 cum
1580 790 1750 840 subjeeto,

364 841 415 873 cui
426 840 515 874 addit
532 840 654 888 aliquid
671 843 855 879 distinetum
871 840 982 875 saltem
997 843 1030 874 in
1051 838 1212 888 obliquo:
1233 852 1268 875 ut
1280 843 1313 875 in
1323 839 1378 875 illa
1391 839 1633 890 propositione,
1646 841 1749 877 homo

365 888 408 922 est
424 889 535 924 doetus
550 919 560 933 ,
579 889 632 925 vel
652 903 760 928 caecus.
1158 887 1166 894 “

400 939 435 973 N
438 950 498 973 unc
508 938 578 974 aliae
589 941 672 974 entis
684 940 873 976 affeffiones
884 939 990 973 minus
1005 938 1139 985 quidem
1152 937 1384 986 generales,sed
1404 950 1476 984 quae
1488 947 1597 973 tamen
1607 937 1749 975 substan-

364 988 412 1020 tiae
425 999 585 1036 corporea:
600 993 632 1025 &
643 988 776 1037 spiritali
798 988 869 1024 sunt
880 999 1079 1030 communeS,
1096 998 1234 1034 quaeque
1246 987 1286 1021 ad
1300 985 1558 1035 Metaphysicam
1572 989 1749 1034 pertinent,

363 1033 508 1071 breviter
521 1036 590 1073 sunt
604 1038 799 1085 explicandae
818 1052 826 1074 :
840 1035 995 1086 ejusmodi
1008 1035 1078 1071 sunt
1088 1035 1228 1071 extensio
1242 1065 1252 1080 ,
1269 1034 1322 1070 seu
1332 1037 1494 1083 quantitas
1508 1036 1541 1069 in
1559 1035 1749 1080 universum,

362 1083 498 1130 qualitas
514 1087 625 1121 itidem
636 1116 646 1131 ,
664 1087 872 1130 locus‚motus
889 1084 954 1133 ipse
969 1083 1138 1120 universim
1155 1096 1305 1134 acceptus
1315 1114 1325 1130 ‚
1346 1090 1381 1122 ὅτ.
1397 1087 1430 1121 in
1446 1083 1605 1120 abstradw
1626 1085 1751 1134 spedlffl—v

366 1143 432 1177 tm,
456 1139 489 1172 δε
500 1146 639 1184 tempus.
661 1139 713 1172 De
728 1135 854 1184 fingulis
872 1145 910 1169 ex
924 1135 1036 1170 ordine
1052 1134 1222 1182 agendum.

803 1233 896 1281 QU
923 1235 962 1266 ΛΞ
987 1233 1007 1266 S
1033 1233 1063 1267 T
1088 1233 1102 1265 1
1125 1232 1160 1266 O
1196 1232 1211 1264 Ι
1242 1232 1268 1268 1,

779 1332 830 1365 De
847 1329 1025 1376 extenfione
1045 1331 1077 1363 in
1091 1329 1283 1376 univerficm,

455 1425 533 1463 Uod
546 1426 566 1461 si
579 1426 736 1463 naturales
758 1430 911 1464 notiones
927 1425 1143 1469 consulamus,
1162 1429 1278 1474 quanti
1304 1429 1438 1463 nomine
1458 1427 1491 1461 id
1511 1429 1749 1479 intelligimus,

456 1477 543 1522 quod
577 1488 660 1512 artes
679 1475 777 1512 habe-t
792 1477 984 1526 integrales,
1005 1475 1118 1522 easque
1129 1489 1195 1510 non
1214 1474 1322 1520 fimul3
1340 1476 1390 1511 seu
1409 1488 1575 1525 tempore,
1596 1490 1632 1514 ut
1643 1493 1749 1528 quan-

362 1535 429 1558 tum
440 1490 664 1569 successsvu1113
687 1525 739 1560 seu
753 1526 844 1571 loco,
864 1539 900 1562 ut
911 1536 1067 1573 quantum
1083 1527 1274 1560 continuum
1289 1531 1322 1561 &
1341 1538 1544 1574 permanens.
1576 1530 1687 1576 Itaque
1708 1529 1749 1564 ad

362 1576 522 1609 rationem
533 1577 645 1622 quanti
660 1576 691 1609 id
706 1576 833 1610 videtur
842 1578 1004 1625 pertinere
1015 1602 1025 1616 ,
1046 1585 1081 1608 ut
1094 1585 1200 1621 partes
1215 1573 1348 1609 habeat.
1370 1573 1474 1622 Qod
1489 1587 1599 1611 autem
1609 1577 1679 1612 aliae
1689 1575 1750 1613 sint

362 1634 450 1656 extra
462 1623 537 1657 alias
549 1622 673 1671 pofitae,
696 1624 781 1660 forte
795 1625 827 1659 id
845 1638 912 1660 non
929 1625 975 1659 est
986 1624 1027 1657 de
1038 1622 1124 1657 illius
1138 1620 1267 1658 effentia
1280 1652 1289 1666 ,
1307 1622 1359 1657 sed
1378 1627 1408 1658 ei
1424 1626 1550 1662 accidit.
1576 1628 1664 1662 Nam
1678 1637 1749 1662 tota

363 1670 492 1706 cffcntia
501 1684 591 1720 aquae
599 1674 642 1708 est
656 1676 687 1709 in
698 1687 759 1709 una
772 1674 909 1724 guttula.
932 1671 1034 1721 Qod
1053 1671 1075 1707 si
1094 1671 1207 1707 multas
1217 1672 1395 1716 addideris,
1424 1683 1492 1708 tum
1510 1686 1600 1722 aquae
1618 1675 1748 1710 effe-ntia

363 1720 470 1768 stepius
489 1724 628 1770 repetita
650 1725 867 1771 quantitatem
882 1723 966 1758 illius
988 1720 1125 1764 efficiet,
1159 1721 1257 1768 idque
1277 1725 1419 1758 maxime
1433 1721 1520 1769 quod
1539 1723 1642 1772 plures
1653 1736 1748 1771 -aquae

362 1782 459 1818 gutta:
469 1784 538 1805 non
552 1770 641 1807 simul
654 1801 664 1815 ,
680 1772 732 1806 sed
743 1772 885 1820 pluribus
896 1771 988 1807 insint
1005 1771 1095 1806 locis.
1123 1771 1205 1817 Qae
1227 1773 1338 1816 utique
1354 1771 1495 1807 extensio
1514 1786 1580 1808 non
1602 1773 1640 1807 ad
1656 1772 1747 1822 ipsius

363 1831 450 1865 aquae
467 1818 629 1854 essentiam
651 1823 811 1869 pertinet,
833 1820 885 1856 sed
899 1824 928 1856 ei
945 1821 1191 1868 quodammodo
1207 1820 1331 1854 accidit.

392 1870 469 1916 Jim
482 1880 516 1902 ut
532 1881 623 1904 certo
631 1871 743 1905 ordine
764 1872 797 1905 in
808 1883 841 1905 re
853 1871 1028 1905 admodum
1038 1868 1186 1904 involuta
1201 1869 1463 1916 progrediamur,
1480 1869 1620 1918 primum
1635 1871 1748 1905 videa-

362 1930 430 1952 mus
445 1930 483 1952 an
494 1916 663 1954 substantia
675 1932 731 1967 per
740 1921 886 1955 accidens
898 1920 1029 1967 aliquod
1046 1919 1191 1952 additum
1202 1946 1210 1959 ,
1226 1930 1266 1952 an
1283 1930 1340 1965 per
1348 1917 1481 1963 seipsam
1491 1918 1611 1953 habeat
1624 1931 1746 1967 partes.

363 1965 529 2009 Secundo,
552 1981 592 2002 an
610 1971 770 2016 quantitas
786 1982 858 2016 quae
869 1969 983 2004 dicitur
1001 1979 1151 2010 externa,
1168 1965 1204 2000 lit
1215 1967 1360 2001 accidens
1370 1966 1547 2002 substantiae
1566 1966 1746 2016 superaddi-

363 2029 440 2052 tum.
465 2016 597 2062 Tertio,
617 2030 657 2052 an
671 2017 812 2054 extensio
826 2017 864 2053 sit
871 2019 949 2068 quid
960 2017 1150 2052 distincitum
1161 2014 1181 2050 ὲ,
1193 2014 1371 2051 substantia.
1387 2018 1435 2051 Sit
1451 2018 1548 2065 igitur

903 2092 1017 2134 Prima‘
1031 2099 1057 2130 C
1059 2096 1205 2143 onclnfio.

418 2165 602 2200 Substantia
614 2177 669 2214 per
679 2166 809 2215 seipsam
821 2177 928 2217 partes
940 2164 1222 2214 habetintegtales
1232 2195 1242 2210 ‚
1266 2170 1301 2203 δε
1314 2165 1357 2200 est
1365 2175 1421 2213 per
1439 2163 1469 2199 se
1484 2162 1647 2200 divifibilis
1659 2191 1668 2208 ‚
1689 2175 1744 2199 ne·

364 2226 426 2260 que
446 2215 476 2247 id
498 2214 596 2249 habet
615 2228 671 2263 per
682 2216 831 2252 accidens
844 2216 979 2263 aliquod
993 2214 1240 2264 superadditum.

406 2262 495 2298 Proh.
507 2266 600 2298 concl.
617 2267 710 2312 Aqua
724 2279 753 2301 v.
772 2278 818 2315 gr.
834 2277 873 2300 ex
885 2265 995 2300 multis
1013 2266 1112 2313 guttis
1134 2263 1222 2299 simul
1242 2263 1338 2297 unitis
1354 2263 1480 2297 constat
1495 2292 1503 2305 ,
1521 2275 1589 2310 quae
1603 2263 1744 2297 totidem

365 2310 429 2344 sunt
443 2310 618 2348 substantia:
636 2331 644 2355 3
662 2326 771 2361 neque
790 2327 852 2350 una
862 2325 952 2364 gutta
963 2317 1064 2362 magis
1075 2314 1122 2348 est
1140 2312 1308 2349 substantia
1325 2311 1421 2359 quam
1432 2312 1530 2347 altera
1553 2326 1561 2348 ε
1585 2324 1662 2360 ergo
1670 2323 1743 2345 cor-

367 2372 422 2404 pus
433 2372 470 2394 ex
493 2374 607 2396 natura
618 2362 667 2397 sua
678 2369 710 2400 ὅ(
721 2363 910 2406 intrinsece,
928 2375 961 2398 ut
976 2364 1069 2397 aiunt
1084 2392 1093 2406 ,
1111 2376 1147 2399 aa:
1164 2363 1243 2397 citra
1252 2361 1353 2398 ullum
1364 2361 1514 2397 accidens
1525 2390 1535 2405 ‚
1557 2372 1663 2410 partes
1683 2360 1745 2394 ha-

366 2408 424 2442 'bet
450 2407 513 2444 luas
530 2414 729 2463 integrantes
741 2441 752 2458 ,
779 2418 814 2451 ὅ(
841 2411 1067 2449 substantiales.
