1857 2745
180 216 223 249 ut
246 202 401 245 scientia
426 201 488 243 illa
513 201 701 259 generalis
713 233 725 252 ,
744 212 831 255 quae
843 200 964 256 prima
978 213 1134 257 quoque
1149 198 1394 255 Philosophia
1409 197 1548 242 dicitur
1562 236 1572 254 ,

182 259 268 303 sede
280 260 341 301 sua
357 260 461 316 pulsa
473 273 538 315 per
552 261 642 301 alias
663 258 878 313 disciplinas
900 260 1026 316 vagari
1043 273 1217 316 cogatur.
1240 257 1364 316 Qod
1387 257 1474 299 sane
1489 274 1571 300 ma.

181 333 298 377 gnam
312 316 539 360 discentium
551 319 717 375 ingeniis
730 313 997 360 confusionem
1014 351 1026 369 ,
1051 319 1130 358 imo
1148 324 1188 360 &
1200 317 1414 358 molestiam
1438 316 1547 358 affert
1564 336 1574 360 :

181 391 272 417 curn
281 376 426 434 ubique
440 376 631 434 Metaphy
639 375 720 417 ficae
736 382 776 418 δε
789 374 809 417 ὲ
821 374 989 418 senfibus
1013 389 1173 418 remotae
1186 375 1413 432 quaestiones
1437 375 1575 416 obtru-

184 433 338 477 dantur.

230 490 499 550 Quamobrem
514 506 600 546 quae
613 489 661 531 ad
677 493 836 547 primam
852 489 1139 546 Philosophiam
1154 492 1344 546 pertinent
1360 524 1371 541 ‚
1395 491 1433 529 in
1454 505 1575 533 unum

180 563 316 606 corpus
328 551 577 605 collegimus,
600 553 814 605 quaequein
832 552 975 606 Logica
991 583 1001 600 ‚
1016 550 1163 590 Murali
1179 582 1188 599 ,
1217 555 1256 590 δι
1278 547 1435 601 Physica
1457 548 1505 587 ab
1533 552 1577 590 iis

178 607 387 662 disciplinis
410 606 496 648 sunt
516 610 660 658 aliena,
685 608 775 648 huic
807 607 1050 647 scientiarum
1079 608 1245 662 principi
1272 603 1521 646 reddidimus.

236 667 298 708 Re
319 679 445 708 tamen
466 665 544 720 ipsa
563 663 775 706 accuratius
797 664 960 718 expensa
984 665 1176 704 noluimus
1190 663 1210 704 {1
1225 677 1380 717 recepto
1395 667 1431 703 in
1451 664 1577 704 δώο-7

181 723 225 763 lis
238 737 344 762 more
355 755 367 773 ,
406 725 505 763 &ab
519 737 566 762 eo
580 726 649 777 qui.
665 726 702 762 in
715 724 835 777 prima
846 723 958 773 hujus
979 724 1105 776 operis
1121 721 1301 763 Editione
1318 718 1481 761 servatus
1496 722 1548 762 est
1565 757 1576 775 ‚

179 778 314 820 ordine
331 778 524 820 recedere.
544 779 713 820 Accessit
727 793 887 834 quoque
900 793 944 818 ea
967 780 1065 819 ratio
1081 810 1090 824 ,
1117 778 1225 833 quod
1248 777 1339 819 cum
1364 781 1577 836 Metaphy-

181 836 252 878 fica
285 837 328 878 sit
352 838 466 893 paulo
488 836 687 878 abstrusior
706 871 717 889 ,
754 844 794 879 &
827 837 1021 877 intellectu
1045 835 1267 889 difficilior,
1300 839 1465 894 ingeniis
1498 843 1579 891 jam

181 893 339 936 firmatis
352 929 361 946 ,
376 902 415 937 δι
428 909 524 950 pene
549 894 686 936 adultis
705 894 889 936 tradenda
903 893 1089 935 videatur.

224 956 319 995 Tres
340 955 378 992 in
399 953 575 993 tractatus
599 951 718 992 divisa
744 952 764 993 Ξι
786 952 898 993 nobis
925 950 1016 994 fuit.
1048 953 1198 993 Primus
1219 952 1315 991 entis
1339 951 1451 1006 ipsius
1473 954 1578 1007 prin-

180 1012 301 1063 cipia,
315 1008 557 1060 affectiones,
571 1016 611 1050 δε
630 1010 836 1064 praecipuas
860 1023 980 1063 partes
1000 1013 1189 1048 continet.
1226 1008 1424 1048 Secundus
1450 1011 1579 1051 causas

180 1079 305 1107 rerum
322 1067 498 1121 explicat.
521 1068 676 1108 Tertius
696 1065 865 1119 denique
881 1065 1144 1121 Theologiam
1166 1065 1378 1105 naturalem
1405 1068 1579 1119 comple-

181 1124 293 1165 &itur
313 1143 322 1166 z
348 1125 416 1165 ubi
439 1139 525 1179 quae
541 1121 588 1164 ad
610 1126 690 1164 Dei
706 1122 972 1173 existentiam,
996 1122 1202 1174 attributa,
1232 1124 1463 1163 concursum
1494 1123 1579 1181 spe-

181 1182 304 1228 &anu
334 1181 440 1222 fimul
460 1196 544 1237 quae
565 1180 612 1222 ad
625 1183 761 1222 animae
784 1182 975 1222 rationalis
998 1194 1173 1221 naturam
1195 1211 1203 1224 ‚
1223 1182 1550 1224 immortalitatem
1567 1219 1578 1238 ‚

182 1243 279 1280 vires
298 1273 309 1291 ,
350 1238 577 1281 functiones,
603 1240 767 1280 attinent
789 1273 801 1290 ‚
858 1240 975 1297 longe
1007 1237 1221 1280 accuratius
1246 1239 1361 1294 quam
1393 1243 1433 1280 in·
1459 1246 1581 1296 prima

184 1296 365 1340 Editione
398 1299 684 1353 pertrafflintur.
748 1299 865 1338 Hanc
896 1311 1011 1338 unam
1048 1296 1326 1352 Metaphysicae
1364 1312 1510 1351 partem
1536 1303 1581 1341 iis

181 1355 385 1412 legendam
396 1356 655 1407 consulimus,
680 1356 748 1410 qui
763 1354 1025 1411 Philosophiae
1045 1353 1205 1396 stadium
1219 1369 1298 1394 non
1318 1354 1580 1411 perfunctorie

181 1412 444 1459 decurrerunt.
455 1415 644 1474 Qamvis
661 1417 764 1454 enim
780 1413 1050 1455 controversia:
1071 1427 1168 1469 pene
1189 1427 1325 1453 omnes
1336 1428 1423 1469 quae
1443 1419 1579 1458 nonin

183 1471 452 1528 Metaphyfica
465 1471 589 1513 solum
604 1505 616 1523 ,
641 1471 834 1512 sedetiam
849 1473 888 1511 in
903 1470 1062 1527 Physica
1081 1471 1251 1528 generali
1273 1474 1408 1528 agitari
1434 1473 1579 1526 solent,

181 1527 265 1569 saris
277 1543 319 1569 ut
331 1531 442 1570 nobis
455 1530 613 1584 quidem
628 1528 778 1570 videtur
791 1561 804 1580 ,
822 1527 1027 1584 diligenter
1040 1535 1079 1570 &
1094 1527 1264 1569 dilucide
1277 1543 1324 1568 eo
1344 1531 1420 1568 loci
1432 1531 1582 1572 tradan-

183 1597 244 1625 tur
255 1619 267 1638 ,
280 1599 409 1626 tamen
421 1600 500 1626 non
514 1600 567 1626 cae
584 1583 746 1625 fortaffis
767 1587 866 1625 tanti
884 1587 970 1625 sunt
982 1618 992 1634 ‚
1013 1599 1055 1626 ut
1068 1586 1111 1625 iis
1125 1589 1190 1639 qui
1203 1586 1279 1637 jam
1293 1584 1313 1625 a
1331 1586 1579 1643 Philosophia

182 1643 269 1682 sunt
291 1642 485 1692 instructi,
506 1656 655 1681 moram
666 1642 956 1693 nectant,&ab
978 1642 1191 1682 utilioribus
1205 1656 1396 1684 avocent:
1416 1644 1581 1686 sednul-

181 1700 218 1739 la
229 1699 331 1739 estin
343 1713 423 1741 tota
440 1698 713 1754 Philosophia,
734 1701 965 1751 aututilior‚
987 1713 1052 1740 aut
1069 1699 1277 1752 jucundior
1298 1700 1415 1755 quirin
1439 1705 1518 1745 Dei
1538 1710 1579 1747 δε

178 1759 317 1800 animat
330 1757 464 1799 nostrae
479 1758 759 1815 cognitio,quae
771 1760 808 1799 in
827 1757 1225 1816 tertioMetaphyficae
1239 1759 1398 1802 tractatu
1409 1762 1577 1816 explica-

185 1829 260 1857 tur.

222 1875 440 1930 Praecipuus
455 1888 584 1917 autem
597 1874 662 1916 hic
675 1875 783 1915 labor
796 1875 923 1916 noster
947 1871 1107 1932 Physica
1120 1875 1342 1915 continetur
1357 1908 1368 1926 ‚
1402 1890 1519 1931 qnam
1540 1884 1580 1919 in

181 1945 255 1974 tres
268 1946 389 1989 partes
402 1932 673 1975 distribuimus.
691 1934 817 1974 Prima
832 1935 1020 1990 generalis
1030 1932 1106 1974 dici
1119 1932 1232 1976 solet,
1249 1947 1334 1986 quae
1351 1935 1388 1971 in
1409 1948 1480 1975 tres
1504 1950 1580 1977 tra-

180 1990 588 2033 &atusanobis-divisa
603 2006 761 2048 quoque
773 1989 861 2033 fuit.
886 1993 931 2031 In
948 1993 1070 2048 primo
1091 1992 1252 2032 tractam
1275 2004 1400 2030 rerum
1425 2007 1582 2034 natura..

181 2051 275 2089 lium
288 2052 471 2105 principia
483 2057 520 2092 &
534 2052 724 2091 clementa
737 2064 784 2092 ex
796 2052 971 2090 omnium
994 2063 1091 2106 pen-e
1107 2048 1435 2104 Philosophorum
1457 2053 1580 2105 placi·

182 2109 230 2148 tis
244 2110 502 2150 excutiuntur.
525 2111 570 2149 In
585 2106 752 2149 secundo
771 2107 820 2149 de
833 2122 967 2149 natura
979 2115 1018 2150 δε
1034 2110 1165 2164 primis
1187 2121 1394 2162 corporum
1418 2110 1578 2152 attribu-

182 2166 233 2206 tis-
243 2196 253 2210 ,
266 2164 313 2206 de
327 2167 500 2207 continui
512 2166 697 2209 divifione
710 2200 722 2218 ,
734 2164 784 2206 de
797 2180 905 2208 motu
921 2167 942 2207 ὲ
956 2181 1106 2208 motore
1122 2164 1316 2215 transsato,
1330 2164 1378 2205 de
1390 2170 1581 2223 precipuis

183 2235 324 2264 naturae
345 2225 492 2279 legibus
514 2227 551 2266 in
565 2239 744 2267 motuum
755 2228 1111 2268 communicatione
1128 2224 1358 2276 observatis,
1380 2223 1429 2263 de
1454 2240 1581 2271 rerum

185 2284 360 2336 gravium
374 2282 555 2324 descensu
568 2285 782 2325 accelerato
793 2299 802 2330 ‚¹
823 2284 1018 2339 liquorum
1039 2285 1256 2339 aequilibrio
1269 2318 1281 2336 ‚
1300 2297 1349 2323 >ac
1367 2280 1517 2326 dealii‘s
1538 2290 1580 2328 in

182 2338 286 2378 hanc
298 2354 376 2380 rem
388 2342 562 2396 plurimis
586 2342 715 2383 nostro
750 2341 826 2382 hoc
850 2344 990 2385 saeculo
1013 2341 1580 2396 autinventi552utillustratis,

185 2409 377 2490 quanssm
394 2398 480 2442 ficri
516 2403 642 2458 potuit
665 2399 859 2457 perspicue
886 2408 928 2445 δε
957 2401 1317 2461 ἀίίῒίιιᾶεεὲἰηιυς.»
1356 2402 1433 2441 Αο
1455 2415 1581 2457 preter

334 2469 389 2490 om.
404 2460 432 2494 J.
1383 2461 1402 2496 ἐ
