1857 2745
356 116 402 153 64
839 105 872 138 D
891 103 916 138 E
964 102 999 138 N
1025 103 1056 137 A
1077 103 1108 137 T
1136 101 1172 139 U
1197 101 1228 137 R
1252 100 1282 136 A

397 157 484 205 Resp,
499 152 580 198 DJst·
596 159 666 188 ant.
679 151 802 188 Ertotis
813 150 900 186 forte
913 150 1040 187 causam
1060 164 1127 187 non
1142 150 1390 201 deprehendet,
1420 149 1462 187 C.
1479 151 1630 188 Errorem
1650 149 1755 202 ipsiim'

356 206 530 242 secundum
543 202 573 237 se
591 214 659 238 non
672 200 971 244 animadvertet,N.
983 203 1073 238 Nam
1084 202 1236 251 praecipui
1252 203 1446 248 errores,qui
1462 203 1547 237 inter
1557 205 1754 240 ratiocinan-

354 256 429 290 dum
447 262 638 296 occurrunt,
653 264 718 287 non
736 262 803 287 tam
826 263 865 286 ex
878 250 1014 286 defectu
1032 251 1163 295 formae,
1177 250 1279 299 quam
1294 263 1334 286 ex
1356 250 1420 299 ipsa
1439 254 1574 286 materia
1595 254 1754 291 oriuntur.

355 305 447 351 Qin
459 304 559 338 etiam
578 313 723 336 errorum
734 300 841 335 causas
855 300 1019 335 interdum
1032 301 1112 335 citra
1128 303 1255 350 Logicae
1297 311 1432 349 raecepta
1443 301 1637 350 detegimus,
1652 302 1755 351 Qd

352 355 467 401 utique
478 353 590 401 negati
608 364 674 386 non
687 350 793 400 potest
809 350 849 384 de
873 352 912 384 iis
925 379 934 394 ‚
962 352 1020 399 qui
1045 352 1202 401 Logicam
1223 313 1323 400 ipszl'm
1344 351 1542 386 invenerunt
1563 365 1570 386 :
1590 351 1753 387 habemus

352 405 443 438 enim
458 402 613 450 quasdam
629 400 715 451 leges
732 403 1054 449 argumentationum
1072 400 1167 437 velut
1183 402 1293 436 animo
1310 402 1501 449 congenitas
1513 430 1522 444 ‚
1550 413 1593 437 ex
1613 413 1753 449 quarum

352 464 481 487 attenta
493 451 710 486 meditatione
723 455 755 487 ὅ(
765 449 995 485 observatione
1013 452 1205 500 prodierunt
1217 449 1305 499 leges
1317 449 1525 499 syllogisticae,
1534 463 1604 498 quae
1617 453 1651 486 in
1661 448 1755 485 scho-

354 501 392 537 lis
412 499 629 537 addiscuntur.
645 502 725 536 Haec
742 501 854 549 utique
869 500 961 536 velut
974 500 1095 536 semina
1116 502 1148 536 in
1165 502 1266 535 animi
1278 498 1346 534 solo
1364 499 1579 547 sparsa‚studio
1595 505 1629 537 &
1645 500 1754 535 medi.

353 554 480 586 tatione
500 562 654 599 tanquam
664 549 784 600 plantae
801 550 933 586 cultoris
946 550 1097 586 industria
1108 552 1245 600 irrigatae
1258 550 1291 586 in
1302 549 1482 598 perfe&ani
1495 548 1664 586 scientiam
1672 550 1754 585 ado-

353 599 517 637 levetunt.

400 651 488 699 Opp.
503 658 545 686 20.
561 651 642 686 Non
651 648 809 699 poffumus
828 650 1008 700 perspectas
1033 649 1156 686 habere
1174 648 1393 687 conclusiones
1405 678 1415 694 ‚
1434 647 1490 686 nisi
1504 661 1563 698 per
1580 660 1674 685 veras
1691 648 1752 683 de.·

352 699 613 736 monstrationes.
640 700 705 734 Sed
718 698 781 735 sine
799 701 922 748 Logica
935 714 1002 736 non
1019 699 1146 748 possunt
1160 700 1276 736 haberi
1288 699 1441 749 perfestae
1450 698 1755 735 demonstrationes:

352 750 519 784 nonenim
534 747 675 784 habetur
692 749 840 798 perfeeta
851 749 1099 793 demonstratio,
1112 748 1167 785 nisi
1185 751 1331 797 exigatur
1351 749 1391 783 ad
1411 748 1537 796 regulas
1557 746 1756 783 demonstra.

354 801 480 833 tionum
492 827 502 842 ‚
520 811 580 834 nec
595 801 732 834 materia
745 809 873 834 tantum
889 827 898 842 ,
920 797 974 833 sed
990 800 1088 833 etiarn
1114 798 1222 833 forma
1243 797 1420 847 syllogismi
1436 796 1682 833 demonstrativi
1696 808 1755 830 co-

350 847 541 896 gnoscatut:
556 847 611 882 sed
625 848 691 883 haec
707 847 865 883 docentur
883 850 914 882 in
929 849 1069 896 Logica:
1086 850 1170 896 Ergo
1181 849 1260 881 citra
1275 849 1429 882 Looicam
1444 846 1532 882 nulla
1556 844 1629 881 fieti
1646 846 1754 894 potest

350 895 498 944 perfe&a
513 897 750 931 demonstratio
762 925 772 939 ‚
790 895 903 932 [altem
915 899 947 933 in
959 898 1096 930 materia
1108 895 1234 930 difficili
1255 901 1288 932 &
1304 878 1451 933 ossscura.

392 946 485 994 Reſjv,
500 947 590 994 Neg.
600 949 678 981 min.
694 951 728 983 δε
741 945 781 979 ad
798 944 884 980 illius
899 944 1132 994 probationem
1156 944 1225 989 dist.
1244 949 1320 990 maj.
1349 947 1432 981 Non
1458 943 1598 980 habetur
1616 945 1755 981 demon-

351 994 462 1028 stratio
472 994 620 1041 peffedlca
632 993 688 1030 nisi
702 994 742 1028 ad
757 994 883 1042 tegulas
902 1001 936 1030 &
954 994 1096 1029 formam
1115 994 1395 1029 demonstrationis
1410 1007 1494 1030 verae
1512 997 1680 1043 exigatur,
1720 1006 1754 1029 et

351 1044 510 1089 Logicam
522 1043 720 1086 naturalem,
736 1043 777 1078 C.
797 1054 853 1090 per
873 1044 1030 1091 Logicam
1054 1041 1260 1076 artificialem
1276 1071 1285 1086 ‚
1319 1045 1364 1080 N.
1384 1045 1416 1078 in
1438 1042 1612 1091 disciplinis
1628 1055 1689 1091 ptae
1703 1055 1754 1078 et..

352 1092 411 1125 tim
424 1091 668 1126 Mathematicis
682 1120 691 1135 ,
709 1090 767 1125 ubi
784 1093 943 1139 principia
956 1103 1013 1139 pet
1031 1090 1060 1125 se
1071 1090 1201 1126 lucent:
1226 1093 1259 1126 in
1275 1091 1347 1126 aliis
1369 1104 1447 1128 vero
1461 1092 1655 1140 disciplinis,
1675 1104 1755 1141 qua-

352 1152 422 1174 tum
432 1142 590 1190 principia
603 1151 670 1176 non
686 1140 769 1175 adeo
783 1139 854 1175 sunt
864 1139 948 1175 clara
967 1169 977 1183 ,
1002 1153 1063 1176 nec
1080 1138 1320 1176 conclufionum
1339 1153 1377 1176 ex
1396 1144 1435 1176 iis
1453 1141 1608 1177 deductio
1626 1153 1692 1177 tam
1708 1141 1754 1178 est

351 1189 520 1225 manifesta
533 1219 542 1234 ‚
569 1192 726 1238 Logicam
738 1187 799 1224 effe
810 1187 1005 1237 plerumque
1022 1188 1227 1226 necessariam
1250 1189 1337 1225 ultro
1352 1191 1573 1227 concedimus.

402 1238 478 1283 Inst.
501 1239 564 1273 Sed
581 1241 638 1286 qui
656 1251 723 1274 non
742 1239 786 1273 est
809 1238 968 1274 institutus
988 1241 1110 1288 Logica
1128 1237 1312 1283 artificiali,
1344 1253 1411 1275 non
1431 1240 1502 1275 satis
1531 1241 1575 1275 est
1591 1239 1700 1275 firmus
1717 1245 1754 1278 &

351 1288 495 1324 constans
505 1291 591 1323 circa
603 1287 821 1324 conclusiones
838 1316 848 1331 ,
879 1300 955 1336 quas
972 1301 1009 1324 ex
1026 1289 1192 1337 principiis
1210 1287 1369 1333 deduxit,
1398 1302 1458 1325 nec
1478 1289 1526 1324 illi
1554 1288 1628 1324 satis
1647 1289 1752 1337 liquet

351 1348 393 1372 an
408 1336 492 1373 bene
506 1337 560 1373 vel
574 1337 660 1373 male
675 1340 886 1374 ratiocinetur
902 1352 910 1374 ε
927 1340 1011 1384 Ergo
1029 1339 1152 1387 Logica
1163 1336 1206 1371 est
1216 1336 1389 1373 neceffaria
1404 1366 1415 1382 ‚
1440 1350 1477 1373 ut
1489 1337 1638 1374 scientias
1651 1341 1753 1376 etiam

347 1386 608 1428 Mathematicas
625 1389 658 1422 in
668 1388 749 1422 statu
762 1386 910 1435 perfecto
929 1377 1120 1423 habeamus.

398 1436 487 1484 Resp.
505 1437 591 1484 Neg.
603 1447 668 1470 ant1
680 1437 766 1472 Cum
779 1438 869 1471 enim
882 1438 1099 1485 cogitationes
1113 1438 1232 1473 nostras
1258 1438 1346 1472 redte
1356 1435 1554 1485 disponimus
1564 1464 1573 1475 ‚
1592 1448 1653 1472 nec
1661 1438 1754 1486 prim

350 1486 436 1532 cipia
450 1484 653 1520 admittimus
663 1514 673 1529 ,
688 1484 745 1521 nisi
756 1486 927 1520 evidenter
940 1488 1072 1534 cognita
1085 1515 1094 1529 ‚
1121 1498 1219 1534 atque
1238 1499 1277 1521 ex
1293 1485 1455 1534 prioribus
1477 1485 1680 1534 insequentia
1692 1487 1752 1521 de-

351 1532 563 1569 monstramus
573 1563 583 1578 ,
598 1546 635 1569 ut
653 1533 758 1570 solent
768 1533 1000 1570 Mathematici
1013 1564 1023 1578 ,
1043 1546 1111 1569 tum
1136 1535 1268 1572 firmi&
1280 1535 1461 1571 constantes
1478 1535 1584 1571 sumus
1600 1536 1633 1570 in
1649 1533 1752 1571 alsen-

351 1582 485 1618 tiendo:
505 1595 580 1618 narn
605 1584 791 1620 &rectrices
809 1582 935 1631 regulas
951 1583 972 1619 a
994 1595 1107 1619 natura
1131 1584 1325 1634 praesctiptas
1342 1583 1503 1632 sequimur
1518 1613 1530 1628 ,
1555 1596 1595 1619 ex
1640 1596 1751 1620 uarum

351 1630 581 1668 observatione
596 1633 780 1669 Dialectica
796 1632 954 1681 paulatim
974 1633 1102 1670 coaluit.
1121 1636 1246 1682 Neque
1263 1633 1318 1668 ulli
1336 1633 1566 1682 paralogismos
1580 1661 1589 1675 ‚
1631 1646 1671 1668 eu
1688 1633 1752 1667 fal-

349 1679 396 1716 sas
406 1681 671 1718 ratiocinationes
686 1685 789 1718 acrius
799 1681 981 1718 discernunt
994 1710 1004 1726 ,
1018 1684 1117 1730 quam
1137 1685 1324 1717 Geometrae
1336 1711 1345 1725 ‚
1363 1683 1464 1716 etiam
1480 1681 1502 1716 si
1518 1683 1655 1729 Logices
1671 1694 1750 1730 prae-

350 1741 446 1778 cepta
462 1732 483 1764 ii
502 1743 569 1767 non
580 1732 819 1768 didicerint.Sic
828 1732 979 1767 homines
991 1743 1103 1767 natura
1116 1731 1170 1767 sua
1186 1732 1377 1780 eloquentes
1387 1742 1544 1780 praecepta
1555 1730 1751 1778 eloquentiae

351 1782 450 1816 etiam
460 1793 530 1819 non
548 1783 743 1832 cogitantes
760 1781 946 1819 observant.

818 1868 867 1913 Q
879 1865 916 1902 U
942 1867 981 1899 AE
1001 1865 1023 1898 s
1041 1865 1072 1899 T
1092 1865 1106 1897 1
1126 1863 1160 1897 0
1216 1864 1260 1896 V.

746 1941 837 1990 Qid
855 1943 902 1990 fit
925 1944 1049 1992 Logica
1065 1969 1073 1981 ,
1095 1939 1134 1977 ᾤ’
1153 1942 1337 1992 quotuplex.

343 2024 448 2110 EX
462 2024 556 2062 diffis
571 2023 650 2074 quid
665 2023 701 2059 sit
714 2024 855 2080 Logia,
873 2023 945 2060 satis
962 2025 1076 2072 liquet.
1101 2023 1151 2059 Est
1168 2025 1256 2058 enim
1270 2021 1403 2059 scientia
1412 2025 1555 2074 prac‘tica
1565 2054 1575 2070 ,
1590 2039 1659 2075 quae
1672 2037 1749 2065 vet:

416 2074 498 2111 satur
514 2078 599 2110 circa
621 2085 684 2110 tres
698 2085 819 2109 mentis
832 2077 1041 2122 operationes
1051 2104 1060 2118 ,
1075 2072 1159 2109 utad
1169 2084 1283 2108 verum
1296 2074 1491 2123 dirigendas,
1509 2076 1596 2112 Cum
1611 2078 1746 2114 dicimus

343 2135 419 2160 eam
434 2123 496 2160 esse
517 2123 685 2159 scientiam
702 2125 877 2171 practicam
890 2153 899 2166 ‚
923 2136 1024 2173 genus
1048 2123 1132 2159 illius
1149 2135 1221 2156 cum
1247 2134 1410 2159 remotum
1427 2153 1436 2168 ,
1469 2136 1537 2161 tum
1559 2129 1745 2170 proximum

347 2174 509 2209 afferimus
523 2190 530 2210 z
544 2173 761 2210 differentiam
775 2186 853 2208 vero
867 2172 951 2208 suam
970 2172 1012 2208 ab
1035 2173 1168 2223 objedm
1189 2171 1319 2207 formali
1347 2185 1522 2213 mutuatur,
1545 2178 1584 2210 Et
1607 2176 1744 2223 quidem

346 2234 382 2257 ut
399 2223 523 2271 regulas
534 2223 601 2259 suas
616 2224 716 2259 modo
726 2224 981 2258 demonstrativo
995 2224 1090 2258 tradit
1105 2252 1115 2267 ,
1139 2221 1279 2256 scientiae
1298 2235 1421 2257 nomen
1436 2222 1569 2259 obtinet
1594 2239 1602 2260 ε
1630 2237 1744 2272 quate-

347 2283 405 2306 nus
414 2284 493 2306 vero
506 2272 633 2308 easdem
646 2273 769 2322 tegulas
780 2273 821 2307 ad
836 2270 925 2308 usum
938 2275 1040 2321 perite
1050 2279 1084 2310 &
1099 2269 1270 2306 artificiose
1287 2267 1425 2306 adhibe}
1437 2302 1447 2316 ,
1473 2276 1549 2308 artis
1564 2287 1686 2311 nomen
1703 2273 1744 2309 fi-

348 2318 385 2354 bi
403 2322 555 2359 vinelaeat.
570 2326 657 2359 Hinc
669 2322 797 2357 definiri
810 2324 913 2371 potest
924 2335 971 2357 ars
983 2325 1070 2357 recte
1083 2319 1261 2357 definiendi
1273 2349 1282 2363 ‚
1295 2319 1464 2356 dividendi
1483 2351 1492 2363 ,
1514 2329 1548 2361 &
1568 2336 1741 2373 argumen-

347 2370 457 2407 tandi:
478 2371 530 2407 vel
543 2402 553 2418 ‚
568 2374 741 2410 utdiclmm
752 2373 795 2407 cst
809 2402 819 2417 ‚
843 2385 892 2408 ars
913 2374 1002 2409 reae
1022 2372 1137 2409 utendi
1148 2372 1297 2414 ratione5
1321 2370 1380 2409 vel
1398 2371 1542 2421 denique
1554 2402 1564 2418 ,
1594 2372 1742 2457 mavit-sp

1622 2422 1709 2457 desti
1736 2451 1744 2463 ,
