1857 2745
356 111 416 156 428
613 98 1103 137 PHILOSOPHIA
1154 98 1474 135 M-ORALIS.

358 156 478 192 cellere
491 182 500 196 ,
516 163 577 187 nec
598 148 758 197 compesci
776 147 873 184 facile
882 145 968 196 posse
982 175 993 191 ,
1007 147 1061 182 sed
1077 161 1149 183 curn
1163 151 1325 197 appetitus
1347 149 1584 183 commotiones
1606 162 1673 185 non
1692 161 1758 185 va}

360 206 407 241 let
421 215 478 251 pro
493 201 630 248 imperio
641 209 869 247 regere,arrern
883 202 916 234 &
925 196 1110 232 industriam
1119 197 1376 244 adhibe-*nmque
1386 200 1419 233 in
1432 197 1496 232 hoc
1508 199 1554 232 vis
1568 200 1759 234 animicon-

361 253 433 289 fistit
446 279 455 294 ‚
472 261 510 284 ut
523 247 721 297 paffionumi
728 258 842 295 mpetu
860 258 926 282 non
939 243 1130 295 abripiatur.
1144 245 1293 295 objecta
1306 245 1363 283 fibi
1373 245 1528 281 exhibere
1541 247 1644 294 potest
1654 276 1664 290 ‚
1687 260 1757 296 quae

361 314 435 337 curn
448 297 591 334 motibus
605 295 759 345 oppositis
771 295 1023 342 fintconjuntih.
1040 295 1187 331 Primum
1200 299 1294 332 enim
1305 297 1428 330 animus
1442 307 1549 343 partes
1563 299 1704 343 corporis
1716 298 1758 332 ad

363 348 533 386 arbitrium
549 349 632 395 regit
648 375 667 390 ‚‚
678 352 711 384 ὃ(
731 358 811 393 quos
832 344 982 393 passionis
997 343 1087 379 aestus
1101 357 1187 393 pene
1199 356 1397 394 extorquent
1408 374 1417 388 ‚
1436 347 1461 378 is
1477 347 1608 381 retinet.
1635 343 1760 381 Verfim

363 399 506 434 attentio
524 398 643 432 mentis
659 424 675 438 ,.
694 396 822 430 solertia
840 422 850 437 ,
875 393 1045 442 diligentia
1057 421 1068 437 ‚
1090 398 1198 429 cautio
1211 424 1221 438 ,
1241 396 1434 429 exercitatio
1455 392 1526 429 sunt
1547 393 1760 438 adhibendae,

362 447 448 484 flexu
459 446 621 482 interdum
637 450 670 481 ὃ(
684 444 831 492 quodam
845 444 979 477 circuitu
1006 456 1027 477 o
1051 445 1143 478 ustest
1156 461 1166 488 3
1188 446 1237 480 vis
1262 445 1451 481 &intentio
1476 444 1577 478 animi
1600 443 1664 478 alio
1682 456 1762 479 conv.

361 497 541 539 vertenda,
559 494 622 528 alia
647 495 777 529 interim
794 492 966 527 excitanda
976 504 1016 540 pa
1046 502 1100 536 ιο,
1121 505 1189 541 quae
1211 496 1354 542 priorem
1370 492 1477 526 elidat·
1513 490 1614 540 Qod
1627 490 1648 528 si
1667 505 1775 529 canes.

361 546 497 595 quidam
515 546 562 579 ita
575 542 809 579 instituisolent
820 552 854 576 ut
863 542 903 576 ad
917 540 1125 590 conspectum
1143 544 1278 591 perdicis
1295 552 1450 577 maneant
1461 543 1611 585 immoti,
1630 542 1774 579 &audi-

364 606 401 631 to
410 592 624 630 bombardilis
640 591 717 627 sono
733 592 836 627 statim
849 593 882 626 in
894 591 1058 638 perdicem
1071 591 1221 627 involent
1231 604 1292 628 :an
1304 593 1388 625 ratio
1399 592 1433 625 in
1440 590 1576 626 homine
1587 601 1777 638 quantum--

364 647 414 681 vis
435 641 587 685 infirmo,
619 640 673 676 vel
689 640 812 677 cultura
826 641 950 684 animi,
974 639 1029 674 vel
1051 640 1224 685 industria,
1252 652 1290 676 ut
1306 639 1386 675 nihil
1404 639 1445 673 de
1462 641 1572 675 divina
1589 642 1692 687 gratia
1714 640 1767 676 di.

366 706 440 729 cam
452 721 462 736 ‚
474 692 505 726 id
520 690 666 740 praestare
677 703 743 726 non
754 691 875 739 poterit
889 705 899 732 ·,
918 701 953 724 ut
969 701 1062 724 mens
1078 690 1228 727 adversus
1249 688 1454 738 obje&orurn
1477 688 1698 737 impreffiones
1707 718 1718 734 ‚
1731 695 1766 727 δε

362 740 548 793 passionum
561 741 701 788 impetus
716 738 746 774 se
761 737 935 774 confirmet
952 749 963 775 t·
988 739 1024 773 Id
1041 738 1121 775 vero
1141 739 1314 775 fatendum
1333 739 1376 773 est
1389 767 1399 782 ‚
1425 737 1596 787 plerosque
1615 739 1766 775 homines

366 788 654 841 perturbationum
667 791 793 837 inipetu
807 786 922 835 abripi.
943 788 1038 823 Vade
1064 799 1175 823 contra
1194 791 1305 823 virum
1317 787 1450 833 stultum
1464 815 1475 830 ,
1492 786 1530 822 ὠ·
1552 789 1648 832 nescit
1667 787 1769 823 verba

365 839 551 889 prudentiae.
562 850 658 888 prov.
678 851 702 872 κ.
718 840 809 874 Nam
817 835 954 872 affectus
965 836 1109 873 effiaenes
1119 839 1266 873 animum
1276 835 1428 880 turbant,
1454 841 1489 873 δε
1508 835 1617 871 lumen
1634 839 1768 873 rationis

368 901 454 937 pene
485 890 677 937 extinguunt
696 900 704 922 :
725 886 807 935 saepe
820 889 925 935 potius
942 888 968 920 is
993 885 1182 921 deserendus
1199 915 1210 930 ‚
1240 887 1344 933 quiam
1365 897 1438 919 cum
1470 885 1527 919 illo
1555 886 1746 922 certandum
1760 901 1784 924 ες

369 951 441 974 non
462 938 549 972 enim
583 938 674 985 capit
701 935 804 971 verba
830 934 1021 983 prudentiam
1050 937 1090 969 Et
1115 944 1219 972 c.>16.„
1238 934 1383 983 Expedit
1396 936 1499 983 magis
1516 935 1590 979 msc
1602 948 1762 970 occurrere

375 989 481 1035 raptis
493 984 646 1029 faetib‘ns,
670 983 768 1032 qaaim
778 983 880 1029 fatua
899 982 1071 1029 confidenti
1096 986 1131 1018 in
1150 984 1293 1029 stultitia
1305 984 1380 1028 sua.
1415 983 1540 1017 Idcirco
1571 985 1660 1018 enirn
1690 984 1771 1019 stul..

370 1046 424 1070 tus
455 1035 503 1069 est
528 1063 538 1078 ‚
581 1036 639 1081 qui
667 1047 737 1069 non
764 1034 930 1076 rationex,
962 1031 1017 1076 sed
1042 1031 1121 1067 aestu
1150 1031 1432 1081 perturbationum
1458 1030 1638 1068 abducitur.
1674 1033 1784 1071 Nihil-1

371 1084 487 1130 justum
498 1094 619 1131 putat,
638 1081 695 1118 nisi
715 1082 804 1130 quod
817 1080 883 1129 ipse
900 1078 988 1117 facit.
1015 1081 1056 1116 Si
1072 1081 1255 1117 contuderis
1265 1081 1401 1125 stultum
1426 1083 1459 1116 in
1473 1081 1544 1129 pila
1560 1109 1570 1119 ‚
1592 1083 1684 1128 quast
1701 1087 1782 1133 pti..

367 1133 466 1178 fimas
471 1132 610 1177 feriente
617 1132 719 1179 super
725 1131 791 1178 pilo
802 1157 810 1168 ,
820 1142 881 1165 non
892 1130 1055 1175 auferetur
1062 1128 1104 1164 ab
1119 1143 1151 1164 eo
1159 1131 1303 1175 stultitia
1312 1135 1389 1175 ejus.
1403 1142 1495 1178 prOV.
1515 1144 1561 1174 27.
1589 1132 1668 1167 Non
1680 1134 1786 1169 enim.-

375 1183 412 1217 vi
425 1191 479 1215 aut
492 1181 589 1215 minis
604 1179 775 1214 hominum
790 1176 1049 1225 perturbationes
1067 1179 1236 1215 sanantur:
1259 1179 1312 1214 sed
1330 1182 1418 1214 Deus
1432 1178 1514 1215 solus
1529 1178 1638 1216 sanare
1672 1182 1786 1219 otest...

445 1230 623 1278 Opponnnt
644 1229 677 1262 in
697 1226 857 1262 diversum
866 1227 1014 1274 Epicurei
1026 1254 1036 1269 ,
1053 1237 1109 1261 aut
1123 1227 1299 1275 Cyrenaici
1317 1231 1441 1275 potius,
1460 1193 1774 1277 omnes=pasiionum

377 1278 463 1313 aestus
476 1276 536 1313 esse
552 1287 676 1312 naturae
685 1275 917 1311 consentaneos
932 1291 942 1318 ;
965 1275 1167 1323 voluptatem
1184 1278 1223 1310 iis
1234 1305 1243 1320 ,
1263 1288 1299 1311 ut
1316 1276 1395 1311 boni
1410 1277 1630 1312 characterem
1646 1279 1689 1314 ab
1704 1282 1779 1316 Am.

378 1327 474 1362 thore
484 1337 603 1362 naturae
614 1324 846 1361 adhaerescere:
864 1323 913 1358 his
930 1324 1014 1358 adeo
1030 1326 1162 1371 impune
1176 1330 1210 1362 &
1224 1328 1302 1360 citra
1313 1325 1442 1373 culpam
1454 1337 1513 1361 nos
1524 1326 1689 1375 indulgere
1698 1328 1781 1377 post,

379 1376 410 1410 se
427 1390 435 1412 :
452 1375 539 1410 unde
550 1404 559 1418 ‚
581 1376 733 1422 inquiunt
748 1402 757 1416 ,
773 1379 807 1409 &
820 1371 916 1408 nobis
937 1371 1009 1406 sunt
1026 1384 1101 1407 cum
1118 1371 1236 1408 belluis
1257 1385 1448 1409 communes
1466 1402 1476 1419 ,
1492 1387 1558 1410 nec
1569 1376 1689 1412 vitiosae
1710 1376 1775 1415 effe

380 1423 623 1474 poffuntanimi
642 1422 843 1458 affceiiones.

416 1470 618 1520 Responsum
641 1476 709 1519 jam
722 1470 803 1506 aiibi
822 1470 895 1514 fuit,
905 1469 1113 1520 voluptatem
1125 1500 1134 1516 ‚
1155 1471 1239 1506 adde
1257 1477 1292 1510 &
1307 1471 1465 1522 pamenes
1482 1470 1560 1520 ipsas
1584 1471 1687 1511 bonas
1711 1474 1776 1513 effe'

377 1523 420 1558 ad
435 1533 549 1569 corpus
559 1532 761 1568 comparatas
771 1549 781 1564 ,
791 1533 858 1556 non
871 1518 983 1555 itemsi
995 1521 1036 1555 ad
1047 1524 1194 1556 animum
1216 1534 1289 1570 quae
1307 1523 1349 1558 est
1362 1523 1505 1558 hominis
1543 1534 1592 1557 ars
1613 1527 1786 1575 praecipua-

381 1571 566 1606 referantur
575 1599 585 1613 ,
604 1571 640 1605 ni
650 1571 861 1605 intranaturae
871 1575 905 1607 &
914 1571 1048 1605 rationis
1060 1569 1140 1607 fines
1151 1574 1370 1608 coerceantur.
1395 1569 1498 1621 Qod
1523 1574 1634 1608 renim
1648 1586 1786 1622 pertun*

381 1620 534 1655 bationes
554 1619 690 1654 modurn
705 1617 891 1655 excesserint
901 1648 911 1663 ,
925 1618 1050 1655 homini
1060 1631 1155 1656 erunt
1167 1621 1394 1668 perniciosae&
1405 1621 1573 1669 pestiferae,
1591 1621 1695 1669 de
1717 1636 1781 1659 au,

384 1680 452 1705 tem
467 1667 606 1704 afferunt
616 1680 668 1702 eas
681 1667 944 1717 perturbationes
955 1668 1051 1704 nobis
1068 1669 1129 1705 effe
1143 1681 1217 1705 cum
1233 1669 1350 1705 belluis
1363 1682 1570 1715 communes,
1591 1670 1631 1706 fic
1645 1672 1777 1722 respon·

384 1718 440 1753 det
461 1718 649 1767 Augustinus
657 1717 794 1767 juliano
803 1718 836 1753 id
853 1717 955 1766 ipsum
968 1717 1156 1765 objicient&
1172 1731 1209 1754 ut
1225 1718 1400 1756 libidinem
1412 1719 1469 1755 seu
1479 1719 1777 1769 concupiscentiam
1814 1751 1817 1753 .
1838 1738 1840 1744 ’

383 1767 588 1803 defenderet.
602 1768 791 1803 Haecautem
805 1797 815 1813 ,
833 1768 959 1815 inquit,
975 1767 1076 1802 libido
1086 1770 1154 1802 ideo
1162 1770 1282 1803 malum
1294 1783 1356 1804 non
1367 1769 1454 1815 estin
1470 1767 1584 1805 belluis
1594 1797 1604 1809 ,
1624 1774 1775 1817 quoniam

386 1829 451 1853 non
464 1826 622 1865 repugnat
635 1818 779 1860 rationi,
796 1830 859 1864 qua
876 1827 997 1852 carent.
1016 1819 1159 1866 Hocque
1172 1830 1212 1853 ex
1226 1818 1390 1854 Cicerone
1410 1817 1676 1862 confirmassstit
1693 1833 1773 1867 quo.

388 1863 464 1900 dam
472 1866 535 1902 loco
548 1865 724 1918 Tulliusse
735 1879 795 1903 non
806 1877 923 1918 putare
941 1865 1026 1902 idem
1041 1869 1095 1916 effe
1109 1869 1219 1905 arietis
1238 1867 1277 1904 (ῥ’
1299 1867 1413 1905 Publii
1433 1868 1592 1915 Africani
1606 1865 1730 1904 bonum.

979 2013 1125 2087 ἒξ

1531 2345 1778 2395 COMMENe·
