1857 2745
446 111 880 152 TRACTATUS
919 113 1200 153 TER-rius,
1467 136 1518 172 561

192 166 329 205 Accedit
346 169 445 202 etiam
457 165 547 213 quod
567 165 587 200 fi
602 175 717 211 corpus
730 161 806 198 esset
827 163 1035 208 immensum,
1061 176 1119 200 aut
1132 165 1263 201 infinite
1276 169 1441 206 extensum
1454 199 1464 215 ‚
1482 188 1518 209 ut

125 228 259 254 *veteres
278 217 340 252 hoc
350 215 530 252 universum
542 213 603 250 else
616 212 803 256 credidere,
814 213 883 248 duae
904 213 996 248 lineae
1015 216 1141 263 concipi
1160 213 1284 263 pnlsent
1298 218 1331 251 in
1346 230 1442 254 unum
1456 234 1517 257 an-

125 266 241 316 *gulum
259 268 410 301 coe'untes
421 293 432 308 ,
452 275 521 312 quae
535 265 567 298 in
581 260 745 297 infinitum
761 261 922 309 produc'tae
931 260 1070 309 spatium
1079 263 1393 311 comprehenderent
1409 268 1518 306 infini-

132 327 211 351 tum.
225 313 305 363 Quo
315 317 402 349 enim
413 310 547 360 longius
569 311 796 360 protrahuntur
807 338 817 354 ,
830 308 870 345 εὸ
882 313 984 359 magis
995 313 1078 345 inter
1089 310 1120 346 se
1139 313 1258 347 distant
1274 326 1281 347 :
1304 316 1335 349 in
1350 315 1515 357 infinitum

127 364 294 412 productae
305 364 551 409 concipiuntur:
569 373 646 409 ergo
660 358 796 408 spatium
810 362 894 394 inter
907 371 959 393 eas
974 360 1194 407 interceptum
1214 364 1277 395 erit
1291 364 1424 400 tandem
1437 368 1514 404 infi-

127 414 253 450 nitum:
270 412 361 461 quod
378 410 551 446 absurdum
561 410 604 444 est
615 438 627 454 ,
642 420 714 444 cum
724 407 860 456 spatium
878 410 1040 457 utrimque
1052 407 1192 446 clausum
1201 408 1366 448 infinitum
1376 413 1438 450 effe
1445 429 1514 454 non

128 459 240 510 poffit.
765 506 770 512 ·

160 511 245 559 Opp.
259 525 285 556 3,
295 511 378 547 Non
393 519 550 559 repugnat
561 506 630 540 dari
638 517 751 553 corpus
762 503 923 541 infinitum
934 534 945 550 ,
960 517 1027 541 nec
1035 517 1078 542 ex
1087 518 1179 554 parte
1194 510 1278 552 Dei,
1296 515 1385 559 cujus
1396 524 1515 561 poten-

130 559 174 592 tia
182 560 226 594 est
237 560 366 595 infinita
377 588 387 602 ,
404 548 517 594 necbx
528 567 618 606 parte
635 556 846 601 quantitatis,
867 567 938 602 quae
953 557 985 590 in
1004 554 1166 591 infinitum
1174 562 1283 606 augeri
1297 560 1415 607 potest.

192 609 278 658 Refp.
292 609 324 643 id
333 619 510 657 repugnate
523 618 562 640 ex
577 615 668 653 parte
678 605 874 651 quantitatis
884 632 894 647 ,
919 616 990 651 quae
1002 603 1048 638 est
1064 603 1192 640 infinita
1205 608 1340 654 quidem
1354 614 1516 657 potentia,

126 667 224 704 atque
236 685 247 700 ‚
264 669 298 692 ut
317 658 428 701 aiunt,
446 654 791 704 syncategorematice,
805 665 872 688 non
883 654 968 692 actu.
985 656 1039 689 De
1053 652 1138 688 illius
1148 666 1260 690 autern
1275 656 1394 693 infiniti
1412 659 1515 698 effen-

129 707 173 738 tia
184 706 227 740 est
237 733 247 748 ,
264 717 300 741 ut
316 711 383 745 eius
403 706 550 753 potentia
567 702 723 738 exhauriri
736 713 900 749 nunquam
911 700 1019 750 possit,
1030 714 1091 737 nec
1106 703 1218 737 reduci
1231 704 1272 738 ad
1286 707 1408 750 acturm
1422 709 1514 745 dein-

128 753 170 786 de
188 746 351 801 quantita-S
370 758 474 789 omnis
498 752 599 802 figura
628 751 820 785 terminatur
838 778 850 795 ,
884 761 959 797 quae
976 752 1011 786 in
1038 763 1178 801 corpote
1200 751 1332 790 infinito
1343 755 1432 792 nulla
1454 757 1514 794 esse

153 803 245 839 otest.

128 813 151 850 P
161 848 736 899 Oppmleimbsitquid*demonstraret
744 847 908 884 infinitum
917 859 990 883 actu
999 845 1060 882 esse
1074 861 1140 883 non
1155 848 1346 897 poss‘e‚idem
1359 853 1513 902 probaret

124 900 239 934 Deum
258 911 319 934 nec
350 899 512 935 infinitum
533 897 593 933 effe
613 925 623 939 ‚
639 909 706 932 -nec
722 897 912 932 immensum
933 924 946 940 ,
972 908 1032 931 nec
1052 908 1215 933 aeternurn.

161 946 248 993 Resp.
262 949 352 996 Neg.
361 960 461 982 antec.
483 948 574 992 Qia
586 948 620 980 in
632 948 708 980 Deo
720 945 812 980 nullae
834 944 904 980 sunt
918 956 1024 993 partes
1037 973 1047 988 ‚
1065 957 1127 981 nec
1141 958 1215 982 actu
1228 950 1319 986 suec
1336 955 1483 999 potentia
1500 971 1511 998 3

123 995 234 1030 nullus
248 996 292 1030 est
305 1009 455 1031 numerus
472 1023 482 1038 ‚
500 1007 559 1030 nec
569 1004 674 1029 motus
691 1007 699 1029 :
714 1006 787 1041 quae
799 995 913 1029 omnia
931 991 1075 1029 efficiunt
1090 1022 1101 1037 ‚
1121 1005 1155 1030 ut
1178 998 1258 1032 citra
1279 1002 1511 1039 contradicitio-

118 1055 203 1080 nem
216 1044 421 1082 manifestam
430 1043 597 1081 infinitum
611 1054 752 1078 creatum
769 1041 895 1078 nullum
912 1042 974 1078 effe
986 1040 1097 1092 poffit.

662 1142 778 1176 Tertia
787 1137 956 1186 Conclusso-

173 1242 246 1276 Nec
255 1241 381 1277 duratio
394 1240 566 1277 successiva
582 1241 656 1277 astu
666 1240 793 1276 infinita
805 1269 816 1284 ,
834 1251 895 1275 nec
913 1239 1052 1275 mundus
1065 1269 1074 1284 ‚
1090 1252 1150 1276 nec
1162 1250 1269 1277 motus
1279 1270 1290 1286 ,
1307 1256 1368 1280 nec
1379 1245 1445 1281 ulla
1457 1259 1507 1282 res

122 1299 230 1324 creata
242 1319 251 1333 ‚
270 1302 324 1325 aut
334 1302 523 1339 permanens
538 1319 548 1334 ,
570 1301 624 1324 aut
640 1289 947 1332 successiva‚aeterna
960 1317 971 1333 ,
989 1300 1044 1324 aut
1053 1288 1183 1324 infinita
1196 1290 1261 1325 esse
1272 1294 1391 1340 potest.

157 1339 242 1372 ⁴Hzec
260 1339 418 1374 conclusio
433 1351 472 1374 ex
487 1341 523 1372 iis
541 1351 608 1384 quae
624 1338 693 1372 sunt
711 1337 932 1372 demonstrata
952 1365 963 1379 ,
987 1338 1161 1373 manifeste
1180 1338 1353 1388 colligitur.
1372 1344 1462 1378 Nam
1485 1344 1505 1378 fi

123 1395 251 1434 tempus
262 1386 435 1429 infinitum,
453 1397 509 1421 aut
518 1386 722 1420 durationem
732 1383 940 1420 successivam
952 1413 962 1427 ‚
982 1390 1017 1421 &
1031 1397 1184 1420 aeternam
1194 1391 1412 1436 concipiamus
1425 1393 1505 1427 :erig

124 1434 300 1470 multitudo
310 1434 538 1472 actuinfinita:
554 1435 620 1469 dies
632 1436 754 1482 quippe
767 1431 885 1468 infiniti
904 1438 969 1481 jam
982 1432 1143 1470 effluxere.
1164 1436 1300 1481 Deinde)
1313 1436 1334 1472 fi
1356 1452 1507 1488 unoquo-

114 1494 186 1530 -que
203 1483 256 1517 die
268 1497 366 1518 unum
375 1483 535 1533 Angelum
547 1486 637 1518 Deus
646 1482 845 1531 procreasset
855 1510 865 1524 ,
880 1486 948 1529 jam
959 1481 1078 1517 infiniti
1091 1483 1194 1525 &ent
1204 1484 1338 1532 Angeli,

116 1540 121 1544 ’
147 1531 255 1566 Simili
272 1534 398 1567 ratione
410 1536 471 1568 nec
481 1543 585 1568 motus
597 1531 639 1565 ab
652 1542 772 1565 aeterno
794 1529 859 1564 esse
871 1528 977 1577 posset
1005 1545 1013 1566 :
1035 1534 1118 1578 ptius
1143 1533 1230 1567 enirn
1248 1533 1292 1567 est
1305 1547 1373 1569 rem
1390 1541 1504 1581 creari,

122 1583 156 1616 &
170 1582 270 1614 creari
284 1580 403 1615 alicubi
418 1609 428 1624 ,
451 1581 552 1628 quitm
567 1592 604 1615 ea
613 1579 721 1615 locum
731 1590 838 1615 mutet
856 1596 866 1623 3
889 1591 925 1613 ac
939 1579 1019 1614 nihil
1028 1582 1135 1627 primo
1149 1580 1276 1615 instanti
1288 1595 1357 1631 quo
1377 1585 1443 1629 est,
1456 1585 1504 1620 lo-

121 1639 195 1662 cum
206 1630 312 1676 potest
320 1641 454 1664 mutare.
702 1626 706 1631 ’

113 1688 120 1700 ··
158 1679 202 1711 Ex
221 1677 340 1724 quibus
351 1676 489 1712 efficitur
498 1688 610 1713 contra
624 1677 833 1713 Aristotelem
846 1677 1001 1712 mundum
1011 1688 1166 1712 aeternum
1180 1677 1245 1712 esse
1259 1690 1325 1714 non
1337 1679 1438 1727 posse.
1453 1683 1506 1716 Id-

120 1737 184 1771 que
199 1728 338 1760 maxime
362 1740 434 1761 cum
451 1726 516 1773 ipse
539 1726 727 1762 Aristoteles
737 1737 840 1775 neget
851 1725 1016 1761 infinitum
1029 1728 1105 1761 astu
1118 1724 1349 1775 esserpossibsse
1362 1757 1373 1772 ,
1394 1741 1447 1765 aut
1467 1731 1504 1766 il-

121 1773 176 1809 lud
193 1777 331 1822 percurri
341 1775 406 1810 ulla
414 1778 541 1811 ratione
552 1775 644 1823 posse
658 1804 668 1818 ,
687 1787 742 1810 aut
762 1777 912 1810 ‘terminis
932 1774 1177 1824 comprehendi.

608 1856 787 1890 Solvuntur
811 1854 1007 1898 objefflones.
1042 1867 1045 1869 ’

153 1918 265 1953 Multa
277 1918 437 1969 objiciunt
448 1933 535 1967 ,quae
546 1922 733 1968 partimjam
746 1917 818 1953 fiint
830 1917 948 1962 soluta,
964 1921 1082 1967 partim
1093 1917 1176 1954 infra
1193 1918 1356 1956 solvuntur
1384 1923 1418 1956 in
1443 1920 1502 1957 hac

121 1961 186 2010 ipsa
199 1968 444 2014 qtiaesti011e‚iiec
455 1969 582 2004 necesse
593 1969 640 2002 est
649 1968 711 2002 hoc
720 1967 793 2002 loco
804 1966 900 2002 fufius
914 1969 1096 2016 expendere
1111 1968 1245 2004 cavillos
1264 1969 1457 2013 Aristotelis,
1468 1975 1502 2007 δε

122 2014 293 2060 Averro'i‘s,
309 2017 425 2065 quibus
438 2019 649 2052 aeternitatem
663 2016 777 2052 mundi
795 2029 861 2051 non
883 2015 1069 2064 possibilem
1082 2016 1181 2052 modo
1194 2046 1204 2061 ‚
1223 2016 1274 2053 sed
1290 2019 1449 2054 actualem
1467 2024 1502 2055 &

117 2063 240 2098 realem
249 2065 456 2101 demonstrari
467 2065 523 2100 sibi
532 2065 734 2113 persuadent.
747 2065 882 2113 i.-Qiod
891 2064 1016 2101 mobile
1028 2094 1038 2109 ‚
1059 2068 1227 2112 inquiunt,
1243 2066 1312 2102 fieri
1327 2081 1393 2103 non
1428 2066 1503 2103 ossit

119 2110 175 2145 nisi
184 2125 239 2160 per
250 2126 374 2151 motum
391 2129 399 2150 ε
424 2127 500 2163 ergo
522 2114 542 2150 si
558 2114 683 2150 mobile
704 2116 842 2163 incoepit
854 2143 864 2157 ‚
876 2127 983 2150 motus
994 2118 1080 2164 prior·
1092 2114 1153 2149 fuit
1167 2115 1285 2151 mobili
1301 2131 1309 2152 :
1328 2082 1502 2163 quoci'om-

120 2162 200 2194 nino
214 2162 261 2195 est
277 2161 458 2199 absurdum.

170 2209 256 2253 Resp,
268 2212 307 2242 N
310 2209 357 2259 eg.
365 2215 442 2255 maj.
465 2212 566 2259 Qiod
575 2214 664 2246 enim
677 2211 712 2246 fit
722 2225 778 2261 per
788 2216 984 2248 creationem
994 2241 1003 2255 ,
1026 2213 1056 2246 id
1070 2211 1132 2247 sine
1151 2223 1245 2246 motu
1262 2211 1314 2246 effi
1324 2215 1410 2252 itur.

155 2256 223 2289 Sed
230 2260 440 2302 inquiunt:Si
451 2274 577 2308 tempus
596 2262 750 2308 incoepit‚
762 2264 846 2309 prius
856 2275 921 2296 non
939 2273 1007 2295 erat
1023 2273 1147 2309 tempus
1163 2275 1170 2295 ε
1201 2273 1274 2295 cum
1289 2272 1398 2297 tamen
1419 2263 1498 2299 illud

119 2306 217 2354 prius,
231 2305 283 2339 vel
296 2306 470 2351 aliquando
484 2339 493 2352 ‚
517 2309 579 2345 sine
595 2321 741 2357 tempore
760 2313 888 2358 concipi
906 2323 972 2344 non
988 2308 1094 2357 possit.

154 2355 243 2404 Kasp.
263 2357 297 2390 In
315 2354 377 2402 ipsa
395 2360 574 2394 aeternitate
586 2358 667 2394 nihil
679 2358 743 2393 esse
757 2361 858 2406 prius,
891 2370 946 2392 aut
968 2358 1124 2406 posterius
1137 2386 1147 2401 ,
1171 2357 1227 2393 nili
1242 2358 1418 2394 virtualiter
1435 2389 1444 2406 ,
1463 2372 1498 2395 ut

1183 2409 1209 2442 A
1222 2420 1238 2440 a
1247 2419 1264 2441 a
1277 2419 1296 2441 a
1321 2410 1351 2452 iij
