1857 2745
427 166 540 208 'Omne
558 170 608 206 lac
623 169 670 206 est
683 170 797 209 album
809 186 821 210 ι

421 224 536 258 Omne
556 220 606 256 lac
619 220 664 255 est
681 221 775 258 dulce
791 238 799 259 :

413 273 497 320 Ergo
509 270 645 318 aliquod
654 270 749 307 dulce
763 272 810 307 est
823 272 946 309 album.
966 266 979 280 ⁵
1089 314 1095 319 ,

171 319 208 356 {d
225 332 305 356 vero
315 320 563 358 fundamentum
574 319 735 356 diversum
749 322 793 356 est
811 321 854 357 ab
872 335 917 357 eo
929 332 997 369 quo
1008 319 1124 354 omnes
1138 316 1313 367 syllogismi
1330 315 1526 354 affirmantes

135 371 343 416 innituntur3
363 369 442 406 licet
470 367 581 405 iisdem
603 369 712 406 verbis
730 369 838 407 efferri
856 371 980 414 soleat3
1007 368 1091 416 Quae
1104 367 1177 404 sunt
1196 367 1310 403 eadem
1329 369 1386 402 uni
1410 370 1527 412 tertio,

136 418 208 454 sunt
220 420 334 456 eadem
349 422 432 456 inter
446 418 487 456 se.
505 421 660 467 Tumque
673 420 717 455 est
735 433 845 457 verum
858 450 868 466 ,
889 419 948 456 ubi
966 429 1110 454 extrema
1123 421 1359 465 conjunguntur
1376 429 1451 452 cum
1466 416 1528 453 ali.

134 481 203 516 quo
222 472 318 506 tertio
329 470 496 521 adaequate
509 498 518 513 ‚
538 468 623 505 secus
645 468 741 508 fallit.
762 468 992 508 Hinc-vitiosus
1009 467 1053 503 est
1064 466 1120 504 ille
1133 464 1339 515 syllogismus,

145 527 148 530 ·
448 521 546 554 Pater
571 518 616 553 est
629 521 738 557 Deus:

448 568 546 602 Filius
565 567 732 606 estDeus:

141 657 144 661 ι
446 620 535 666 :Ergo
554 616 650 652 Filius
680 619 722 654 est
740 621 845 656 Pater.

171 667 259 702 Nam
270 670 359 704 Deus
374 696 384 711 ,
402 668 462 714 qui
472 667 515 701 est
533 666 658 703 medius
670 671 827 705 terminus
841 696 852 713 ,
872 679 940 703 non
955 665 1088 702 sumitur
1099 664 1265 713 adaequate
1282 692 1293 710 ,
1310 675 1379 701 tum
1393 676 1453 714 pro
1469 677 1527 702 na-

136 723 208 748 tura
221 717 352 760 divina,
376 727 445 750 tum
472 728 532 763 pro
549 715 703 764 personis.

168 761 317 800 Alterum
334 764 586 800 fundamentum
600 766 701 800 tertiae
717 764 822 813 figurae
834 765 979 813 pertinet
1002 764 1044 799 ad
1062 761 1264 813 syllogismos
1276 775 1443 813 negantes.

166 811 254 848 Cum
266 826 305 848 ex
319 813 446 849 duobus
464 812 630 848 attributis
645 826 743 849 unum
756 815 915 849 convenit
927 811 1072 863 subjecto
1082 841 1092 857 ,
1115 811 1252 850 alterum
1266 826 1336 850 non
1354 815 1529 856 convenit;

133 859 248 898 eadem
269 866 352 899 inter
371 863 402 899 se
419 862 674 910 aliquandonon
688 865 889 899 conveniunt
902 877 909 898 :
921 872 958 896 ut

443 912 590 959 Aliquod
604 912 857 959 quadrilaterum
881 924 949 946 non
965 910 1010 947 est
1022 912 1237 958 quadratum:

445 962 559 996 Omne
582 960 838 1007 quadrilaterum
862 960 906 994 est
927 959 1045 1008 figura:

444 1012 528 1058 Ergo
544 1008 654 1055 aliqua
670 1008 773 1057 figura
788 1022 856 1044 non
878 1008 922 1043 est
933 1007 1140 1055 quadratum.

168 1055 259 1089 Hinc
276 1056 345 1091 duae
366 1068 519 1091 eruuntur
532 1057 657 1104 regulae.
673 1060 797 1092 Prima:
812 1056 898 1092 nulla
917 1054 1078 1091 conclusio
1105 1058 1139 1092 in
1158 1057 1253 1090 tertia
1276 1054 1378 1103 figura
1393 1055 1436 1090 est
1454 1059 1523 1091 uni-

133 1101 272 1140 versalis.
296 1105 395 1144 Unde
415 1104 469 1140 hic
483 1104 682 1154 syllogismus
700 1104 834 1141 vitiosus
863 1104 916 1139 est.

428 1157 540 1191 Omne
552 1155 673 1190 animal
690 1155 734 1191 est
754 1157 887 1191 vivens:

432 1206 546 1240 Omne
565 1203 685 1239 animal
710 1204 752 1238 est
766 1202 962 1240 substantia:

429 1255 514 1302 Ergo
537 1256 643 1288 omnis
664 1251 836 1288 substantia
859 1254 902 1287 est
923 1255 1049 1289 vivens.

170 1302 297 1337 Vitium
310 1303 342 1336 in
362 1301 424 1336 hoc
438 1301 575 1350 politum
594 1303 654 1346 est,
674 1303 763 1351 quod
778 1301 948 1337 substantia
963 1315 1033 1350 qux
1053 1302 1086 1334 in
1099 1298 1299 1336 conclusione
1317 1298 1525 1344 distribuitur,

130 1351 164 1383 in
178 1352 305 1385 minore
314 1351 535 1399 propositione
551 1365 618 1389 non
637 1352 736 1389 fuerit
745 1350 910 1388 distributa
929 1366 938 1388 ε
958 1352 1001 1387 est
1013 1351 1103 1387 enim
1118 1349 1314 1386 attributum
1331 1349 1523 1400 propositio-

129 1400 180 1434 nis
197 1396 401 1436 affirmantis.

161 1449 309 1485 Secunda
323 1449 443 1498 regula.
463 1453 508 1487 Ex
526 1454 646 1486 minori
659 1462 798 1500 nega-nte
814 1451 900 1487 nihil
914 1449 1142 1487 concluditur:
1160 1459 1196 1483 ut

431 1503 545 1535 Omne
559 1499 756 1547 triangulum
777 1498 822 1533 est
837 1498 936 1548 figura
950 1514 958 1534 :

421 1547 560 1582 Nullum
579 1547 776 1594 triangulum
794 1548 837 1581 est
853 1547 1011 1582 circulus:

419 1598 503 1644 Ergo
521 1595 638 1642 aliquis
649 1594 784 1629 circulus
802 1607 869 1630 non
880 1595 923 1628 est
938 1594 1047 1642 figura.

167 1643 249 1678 Illud
267 1644 471 1679 manifestum
483 1644 537 1687 est,
551 1648 653 1691 majiis
670 1655 862 1686 extremum,
875 1655 950 1677 nem
978 1655 995 1676 e
1013 1641 1195 1690 figuram‚in
1207 1642 1409 1678 conclusione
1420 1643 1522 1676 distri-
1542 1668 1544 1670 .

130 1690 212 1736 bui,
236 1705 310 1727 cum
321 1704 358 1726 ea
372 1692 548 1740 sitiiegaiis:
559 1704 633 1727 curn
648 1703 757 1727 tamen
773 1694 805 1728 in
818 1655 975 1740 praemissi}
990 1704 1057 1728 non
1071 1690 1108 1727 fit
1125 1692 1342 1728 distributum:
1359 1691 1447 1740 quod
1460 1704 1521 1740 pu-

128 1753 207 1790 gnat
216 1754 289 1776 cum
302 1741 412 1790 tegula
453 1740 583 1776 enerali.

166 1789 250 1824 Illud
271 1790 291 1825 :1
303 1790 427 1825 nonnul
441 1793 467 1824 is
479 1788 688 1825 observatum
704 1791 814 1826 omitti·
835 1804 901 1827 non
916 1790 1028 1837 debet,
1042 1790 1263 1840 syllogismum
1281 1789 1443 1825 interdum
1459 1788 1524 1824 effe

131 1837 257 1874 bonum
270 1841 396 1875 ratione
409 1841 551 1874 materiae
566 1868 576 1882 ,
596 1852 669 1874 cum
680 1852 793 1875 omnes
808 1839 1043 1889 propositiones
1060 1846 1128 1888 eJus
1148 1851 1229 1875 vera:
1246 1839 1332 1881 sunt3
1346 1838 1523 1884 aliquando

130 1889 257 1923 ratione
272 1887 383 1923 formae
399 1894 433 1925 &
450 1900 505 1936 per
525 1887 555 1923 se
567 1917 577 1931 ,
597 1893 681 1936 quus
699 1889 804 1923 forma
820 1891 851 1923 in
864 1889 1012 1936 qualibet
1027 1891 1165 1924 materia
1185 1890 1253 1922 vim
1264 1886 1367 1921 habet
1379 1915 1388 1930 ‚
1413 1892 1448 1922 δε
1471 1899 1522 1921 te-

128 1936 212 1985 gulis
226 1937 337 1986 logicae
352 1939 395 1973 est
411 1936 624 1973 consentanea
636 1952 644 1973 :
658 1949 892 1984 nonnunquam
912 1936 1036 1972 bonum
1055 1936 1116 1972 esse
1129 1938 1254 1970 ratione
1268 1933 1451 1979 fotmae‚sed
1465 1947 1523 1983 per

129 1987 275 2022 accidens
288 2001 295 2022 :
308 1999 382 2022 cum
397 2000 434 2022 ea
445 1998 538 2022 cettae
554 1988 695 2022 materice
712 1985 891 2035 applicatur
903 2015 914 2030 ,
936 1984 990 2022 sed
1006 1999 1073 2025 uon
1086 1985 1211 2033 ubique
1225 1990 1258 2022 ὅ(
1272 1987 1305 2020 in
1326 1995 1521 2032 quacunque

129 2037 265 2070 materia
282 2035 379 2072 valet.

610 2120 649 2155 -C
674 2120 704 2154 Α
732 2122 755 2155 Ρ
780 2118 816 2155 U
844 2120 875 2155 T
927 2120 1033 2156 NH.

279 2200 334 2235 De
349 2203 532 2236 inventione
555 2200 672 2240 medii,
694 2212 733 2235 ac
751 2201 792 2235 de
805 2202 844 2235 iis
857 2202 932 2236 locis
952 2203 1009 2248 qui
1023 2213 1197 2235 communes
1215 2199 1379 2236 dicuntur,

131 2280 287 2365 Nlhil
304 2282 347 2316 est
359 2281 485 2317 facilius
497 2282 598 2330 quum
614 2281 801 2329 quaestiones
814 2296 967 2319 movere:
991 2282 1041 2317 sed
1067 2280 1291 2315 difficillimum
1312 2279 1357 2314 est
1374 2280 1519 2315 medium

228 2333 422 2374 terminum,
441 2331 491 2366 seu
501 2342 727 2381 argumentum
746 2334 792 2366 rei
812 2332 986 2380 probandae
1007 2332 1159 2366 idoneum
1184 2330 1351 2365 invenire:
1373 2329 1447 2364 hinc
1471 2341 1521 2364 tot

128 2389 318 2413 communes
329 2379 462 2424 locos&
474 2381 640 2418 Rhetores
658 2385 691 2418 &
706 2380 881 2419 Dialectici
904 2380 1181 2430 excogitarunt2de
1193 2377 1313 2427 quibus
1335 2377 1431 2413 nobis
1445 2390 1520 2427 per-

129 2438 229 2474 pauca
244 2427 378 2465 dicenda
389 2428 467 2466 sunt.
516 2443 523 2448 s·
1281 2430 1314 2465 D
1338 2429 1371 2475 iij
