1857 2745
638 128 679 163 M
697 129 732 164 O
749 128 783 162 R
799 128 828 164 A
851 129 904 163 LI
927 129 962 164 S.
1424 148 1441 170 2

74 181 196 219 sonum
219 180 360 228 corporis
371 177 510 214 naturali
522 176 662 225 quadam
677 176 889 226 propensione
901 177 1042 213 affeeiat.
1060 177 1162 225 Atqui
1172 187 1209 213 ut
1216 177 1363 214 voluntas
1381 146 1457 217 fet}

72 245 116 271 no
133 230 230 266 instar
246 231 322 277 equi
336 242 404 265 non
431 231 632 271 coerceatur,
651 226 762 262 saltem
777 225 917 263 habenas
932 239 1024 262 tenet
1034 226 1151 274 quibus
1168 226 1383 265 ferocientem
1399 243 1458 280 ap-

97 281 212 314 etitum
223 291 314 328 regat
328 293 335 314 :
349 291 454 326 neque
472 278 504 312 id
520 279 601 312 citra
614 275 840 312 difficultatem
864 274 972 313 efficit.
1007 277 1121 324 Qare
1146 290 1181 311 ut
1203 277 1336 313 fraenum
1358 293 1456 329 equo,

71 294 205 366 {abenae
218 330 317 375 equiti
335 331 579 363 committuntur
589 356 598 371 ‚
622 326 661 362 fic
673 340 707 376 af
716 329 833 376 petitus
843 326 979 363 sentiens
995 327 1153 362 facilitate
1169 328 1308 374 quadam
1321 329 1456 378 acquisi-

71 390 104 414 αι
122 389 205 426 eget.
221 377 283 412 Sed
296 389 333 411 ea
343 378 385 413 est
403 378 500 412 instar
514 377 607 412 fraeni
628 406 637 421 ‚
655 389 746 413 mens
768 379 851 426 regit
874 378 1055 425 appetitum
1072 374 1268 411 sentientem
1280 405 1290 420 ‚
1307 390 1378 424 quae
1392 380 1460 415 sola

69 429 138 476 agit
157 439 196 462 ex
214 428 343 462 motivo
355 427 510 470 honesto,
529 428 617 474 quod
630 427 671 461 el't
688 429 854 475 proprium
867 426 951 461 illius
965 425 1146 474 objectum.

117 475 248 520 Instant.
265 477 427 518 Praecipua
437 474 612 511 difficultas
626 476 672 510 est
690 478 724 511 in
741 488 888 525 appetitu
898 476 1076 511 sentiente:
1091 487 1169 524 ergo
1180 477 1205 510 is
1218 475 1294 525 ipse,
1314 489 1381 512 non
1397 490 1456 511 vo.

68 522 173 560 luntas
192 523 306 560 habitu
318 526 431 561 instrui
444 556 452 570 ‚
469 524 553 563 &tab
565 537 605 560 eo
617 526 827 561 determinati
843 525 942 561 debet
957 539 965 561 :
982 523 1159 574 praesertim
1173 538 1248 560 cum
1267 525 1399 561 habitus
1423 528 1455 561 in

69 584 107 607 ea
124 571 160 607 sit
181 573 335 610 facultate
348 588 447 622 quam
460 577 546 624 regit
561 581 594 612 &
611 575 748 624 perficit.

102 621 191 669 Resp.
211 624 384 671 Qidquid
399 624 433 661 sit
445 626 484 659 de
495 626 731 668 antecedente,
747 624 816 663 dist.
840 626 956 671 conseq.
978 623 1119 659 Habitus
1141 637 1201 672 pro
1221 624 1380 660 facilitate
1407 636 1460 659 ac-

68 670 183 718 quisita
194 672 332 721 sumptus
343 702 353 716 ,
368 674 410 710 C.
425 687 484 723 pro
498 676 587 709 reera
605 677 730 709 ratione
745 703 754 715 ,
764 673 991 709 aut-constanti
1001 673 1174 709 voluntate
1189 674 1272 710 illius
1286 672 1458 722 perficien-

69 720 125 764 di,
138 721 229 767 quod
242 722 430 759 faciendum
444 725 531 758 reeta
546 727 629 758 ratio
648 725 823 772 judicavit,
842 726 887 759 N.
915 726 1003 760 Nam
1014 723 1166 758 voluntas
1185 724 1238 758 illa
1253 723 1404 758 constans
1424 729 1460 760 &

70 767 163 804 firma
177 772 219 805 est
229 784 299 820 pars
311 775 438 808 virtutis
450 775 608 822 praecipua
620 801 628 815 ,
638 785 740 819 eaque
754 772 819 806 suas
838 772 940 807 habet
958 770 1165 807 difficultates
1186 776 1270 808 circa
1286 774 1460 807 materiam

69 824 293 867 temperantiae
308 827 342 859 &
363 821 565 857 fortitudinis
582 837 588 856 ς
609 824 661 856 Sic
676 833 788 856 tamen
805 834 840 856 ut
859 821 983 858 bonum
998 824 1131 857 rationis
1145 851 1155 866 ‚
1176 829 1209 859 &
1223 822 1310 870 quod
1331 821 1458 857 homini

35 905 41 912 ,
69 871 225 904 ooiivenit
236 899 245 913 ‚
264 870 317 905 seu
331 871 503 907 honestum
513 870 636 918 ubique
647 869 794 907 sectetur.
819 872 950 907 Deinde
965 874 1073 907 anima
1084 870 1146 919 ipsa
1164 884 1218 907 aut
1231 870 1397 920 parsillius
1408 883 1471 906 ra-⁷

68 917 199 952 tionalis
228 918 295 953 suas
323 922 443 968 patitur
466 917 675 954 difficultates
699 922 798 954 etiam
823 924 905 954 circa
923 919 1049 955 bonum
1063 918 1225 964 sensibile,
1245 932 1406 968 quatenus
1425 921 1458 955 id

69 964 198 1001 bonum
215 967 254 1001 ad
272 967 373 1017 ipsum
383 969 553 1004 hominem
565 970 708 1016 pertinet
721 986 730 1010 3
742 981 808 1002 non
823 967 882 1002 fibi
892 970 1028 1015 quidem
1042 971 1157 1004 metuit
1172 999 1181 1012 ,
1195 969 1246 1004 sed
1260 971 1398 1005 homini.

107 1015 226 1063 Opp·2·.
243 1017 390 1051 Facilitas
404 1017 472 1061 illa,
492 1030 567 1064 quae-
581 1016 970 1063 ufiiacquiritur‚quaeque
984 1017 1030 1050 est
1045 1020 1076 1051 in
1087 1021 1235 1065 appetitu
1243 1017 1460 1060 sentiente,est

69 1064 171 1098 virtus
184 1064 259 1112 ipsa,
277 1079 350 1100 cum
363 1066 484 1100 bonum
496 1067 595 1100 faciat
607 1064 799 1108 habentem,
811 1071 931 1112 &opus
946 1071 1011 1113 ejus
1021 1064 1145 1101 bonum
1155 1067 1270 1102 reddat
1282 1081 1289 1101 ι
1300 1078 1378 1114 ergo
1391 1068 1460 1101 vir-

70 1122 121 1147 tus
143 1113 190 1147 est
213 1116 246 1148 in
268 1117 415 1164 appetitu
437 1115 607 1149 sentiente.
640 1111 815 1149 Praesertim
832 1125 907 1148 curn
923 1113 975 1147 hic
988 1112 1057 1147 suos
1084 1116 1173 1149 aetus
1198 1127 1347 1150 exercere
1387 1113 1459 1150 offit

39 1171 54 1183 ’ν
69 1161 258 1197 conformes
274 1166 504 1200 rectaetrationi
517 1193 527 1208 ‚
538 1163 665 1211 quaeest
685 1163 892 1198 mediocritas
903 1161 924 1197 a
935 1164 1056 1197 virtute
1077 1162 1230 1212 acquisita
1244 1193 1254 1208 ‚
1270 1169 1304 1201 &
1318 1166 1349 1212 ip
1365 1177 1382 1198 a
1396 1164 1459 1199 ho-

68 1211 195 1248 nestatis
206 1215 303 1251 ratio.1

106 1262 149 1296 R.
171 1261 256 1306 Dist.
272 1274 373 1298 antec.
395 1264 447 1299 Est
466 1265 567 1299 virtus
586 1262 652 1311 ipsa
667 1260 777 1309 quoad
793 1273 922 1310 partem
935 1260 1016 1297 illius
1035 1264 1138 1298 minus
1152 1263 1349 1310 praecipuam
1360 1266 1394 1298 δε
1406 1274 1458 1296 re-

72 1310 131 1344 &ae
141 1312 257 1347 rationi
273 1312 489 1348 famulantem
500 1342 509 1356 ‚
521 1313 561 1348 C.
575 1312 683 1359 quoad
693 1323 819 1360 partem
831 1311 958 1346 habitus
978 1313 1158 1360 principem
1171 1341 1180 1355 ‚
1199 1324 1268 1358 quae
1293 1310 1386 1359 eligit
1397 1340 1406 1355 ‚
1425 1316 1459 1348 &
1501 1351 1506 1354 ¹

72 1357 275 1396 honestatem
295 1365 483 1409 qurerit‚N.
497 1364 579 1397 Haec
595 1363 682 1395 enim
696 1363 726 1395 in
741 1359 887 1408 suprema
900 1364 1014 1396 anirnae
1026 1372 1116 1410 parte
1133 1360 1324 1395 collocatur.

109 1408 211 1452 Quod
221 1422 331 1445 autem
347 1412 550 1460 probationis
564 1409 638 1444 loco
648 1407 787 1446 afferunt
802 1438 810 1452 ‚
825 1409 908 1444 hanc
918 1409 1108 1445 facilitatem
1120 1412 1247 1444 virtutis
1263 1408 1386 1444 habere
1410 1422 1459 1444 ra-

73 1459 200 1492 tionem
213 1485 223 1499 ,
239 1459 327 1505 quod
338 1458 464 1493 bonum
478 1459 595 1500 faciat,
607 1461 664 1504 qui
683 1470 719 1491 ea
737 1459 884 1504 praeditus
902 1459 972 1497 est'‚
985 1459 1240 1507 distinguendum
1271 1459 1313 1491 est
1327 1475 1336 1500 3
1364 1459 1474 1494 boni-⁷

75 1517 178 1541 tatem
196 1507 321 1554 praestat
333 1507 563 1549 extrinsecam,
576 1506 618 1541 C.
629 1506 982 1552 intrinsecam‚quaeque
999 1508 1039 1540 ad
1058 1509 1202 1540 animam
1216 1508 1344 1552 proprie
1360 1510 1460 1554 perti-

73 1566 132 1590 net
145 1583 155 1598 ,
166 1558 211 1591 N.
230 1558 319 1592 Nam
331 1555 435 1593 bonus
449 1556 492 1590 est
505 1555 607 1590 homo
619 1583 629 1597 ‚
652 1552 726 1588 cum
738 1555 826 1588 reeta
844 1557 969 1588 ratione
987 1557 1088 1589 utitur
1101 1583 1110 1597 ‚
1127 1559 1161 1589 ὃς
1178 1553 1382 1590 constantem
1401 1556 1459 1590 ha-

74 1602 133 1638 bet
146 1603 351 1640 voluntatem
365 1607 396 1639 id
411 1603 623 1653 perficiendi,
641 1603 729 1650 quod
740 1604 827 1638 recta
845 1605 929 1637 ratio
937 1601 1158 1651 praescripserit
1172 1615 1262 1638 :cum
1276 1615 1386 1639 aurem
1405 1617 1458 1639 ac-

73 1650 197 1688 cesserit
214 1653 385 1688 laudabilis
400 1656 546 1703 operatio
559 1666 613 1688 cor
639 1655 701 1686 oris
715 1667 723 1688 ι
743 1663 779 1686 ut
789 1650 864 1686 cum
890 1652 934 1686 ira
950 1652 1074 1700 placata
1091 1653 1223 1686 inimico
1242 1651 1457 1698 succurrimus,

74 1712 146 1737 tum
161 1705 300 1738 exterior
309 1703 439 1739 bonitus
455 1705 596 1738 interiori
613 1666 721 1749 Σιρεῐν
728 1704 807 1745 enit,
823 1706 856 1738 &
871 1700 959 1736 bona
979 1703 1137 1749 cogitatio
1151 1699 1323 1735 extrorsum
1342 1701 1371 1737 se
1385 1717 1460 1751 pro-

74 1750 134 1786 dit.
160 1753 290 1787 Deinde
304 1755 466 1801 appetitus
482 1752 619 1788 sentiens
632 1753 720 1786 aetus
736 1751 844 1799 potest
862 1763 1015 1785 exercere
1025 1753 1116 1786 teche
1125 1751 1245 1784 rationi
1262 1754 1460 1788 convenien-

75 1810 124 1835 tes
137 1815 144 1836 :
155 1799 207 1835 sed
221 1801 276 1836 illa
294 1802 506 1837 conformitas
519 1814 590 1836 cum
600 1804 725 1835 ratione
745 1814 810 1835 non
822 1801 869 1834 est
880 1801 1041 1835 motivum
1052 1800 1213 1848 appetitus
1225 1797 1399 1837 sentientis.

110 1851 212 1898 Opp.3
224 1853 332 1886 „mus
347 1853 568 1900 temperantiae
580 1856 612 1887 &
632 1849 832 1884 fortitudinis
844 1848 914 1884 sunt
925 1851 1015 1884 aetus
1026 1852 1187 1897 appetitus
1202 1846 1459 1897 sentientisaergo

76 1903 294 1947 temperantia
311 1906 345 1938 &
359 1900 519 1936 fortitudo
535 1899 607 1935 sunt
623 1901 657 1933 in
671 1900 820 1947 appetitu
836 1898 995 1934 sentiente
1010 1913 1018 1934 ε
1039 1911 1115 1934 narn
1131 1897 1180 1931 ibi
1194 1896 1242 1930 est
1260 1898 1359 1932 virtus
1370 1927 1381 1941 ,
1401 1898 1459 1934 ubi

73 1947 158 1983 illius
170 1951 313 1986 afflones
330 1949 393 1985 sese
405 1951 585 1985 ostendunt.

116 1998 154 2030 R.
176 1999 254 2045 Dzst.
270 2011 338 2036 am.
360 2000 460 2035 Actus
475 2001 625 2048 imperati
648 1998 667 2034 ὲ
683 1999 895 2046 temperantia
910 2002 944 2034 δε
969 1996 1159 2032 fortitudine
1178 1996 1294 2032 suntin
1313 1999 1459 2045 appetitu

78 2046 256 2092 sentiente,
275 2050 315 2084 C.
333 2051 422 2085 adstus
442 2051 638 2096 imperantes
654 2054 688 2085 δε
706 2047 823 2090 eliciti,
843 2049 885 2083 N·
898 2049 988 2083 Nam
1004 2058 1038 2081 ut
1058 2045 1105 2080 illi
1124 2047 1212 2081 actus
1227 2044 1322 2081 liberi
1339 2045 1409 2080 sunt
1426 2051 1460 2082 &

77 2098 272 2141 voluntarii,
285 2110 443 2146 quatenus
459 2098 478 2133 a
488 2098 656 2133 voluntate
666 2098 919 2144 imperantur,ita
931 2101 965 2133 ὃ(
978 2097 1066 2131 aetus
1079 2097 1233 2130 virtutum
1245 2095 1306 2128 dici
1324 2092 1460 2142 potsunt,

78 2147 167 2192 quod
179 2148 199 2182 a
213 2151 331 2183 virtute
347 2146 587 2197 proficiscantur
599 2176 608 2190 ‚
619 2159 691 2194 quae
705 2145 940 2182 immediate&
960 2147 1105 2193 proxime
1130 2144 1348 2185 voluntatem,
1371 2149 1404 2180 &
1421 2157 1460 2179 ea

80 2195 244 2232 mediante
259 2199 439 2247 appetitum
456 2200 547 2243 regit.
567 2196 669 2232 Unde
688 2195 771 2229 nihil
788 2194 910 2230 neceffe
928 2195 977 2229 est*
992 2195 1148 2229 virtutem
1170 2191 1231 2228 effe
1260 2195 1292 2226 in
1314 2195 1460 2241 appetitu

82 2241 241 2280 sentiente
258 2260 343 2282 :non
355 2249 442 2282 enim
454 2236 505 2281 eff
513 2249 547 2281 in
560 2258 597 2280 ea
614 2243 769 2280 facultate
784 2272 792 2283 ,
809 2256 907 2290 quam
921 2246 1068 2291 proxime
1082 2256 1148 2277 non
1171 2243 1268 2289 tegit.

132 2293 207 2329 Jnff.
227 2294 279 2328 lbi
293 2297 335 2331 est
348 2298 448 2331 virtus
461 2325 470 2339 ,
484 2294 542 2330 ubi
552 2295 599 2329 est
619 2294 702 2329 illius
720 2292 850 2328 effeetus
864 2294 1029 2340 primarius
1044 2290 1112 2335 gsed
1124 2293 1249 2325 virtutis
1270 2289 1400 2324 moralis
1410 2291 1459 2326 ef-

85 2340 188 2387 feQus
200 2344 364 2390 primarius
376 2350 409 2381 &
422 2345 629 2380 immediatus
646 2344 688 2378 est
701 2340 982 2390 perturbationum
996 2340 1179 2375 moderatio
1190 2369 1200 2383 ‚
1209 2351 1281 2384 qua:
1291 2339 1337 2373 est
1360 2341 1391 2374 in
1402 2352 1457 2388 ap-

84 2392 191 2436 petitu
204 2391 359 2430 sentiente
373 2407 381 2430 :
400 2397 484 2443 Ergo
496 2397 600 2432 virtus
609 2392 741 2430 moralis
751 2393 793 2429 est
803 2394 838 2429 in
849 2392 999 2441 appetitu
1008 2389 1271 2473 sentientesiffic
1289 2390 1376 2423 enim
1390 2390 1459 2438 agit

836 2450 839 2454 ,
1262 2451 1283 2484 1]

1128 2481 1141 2489 ι
