<?xml version="1.0" encoding="UTF-8"?>
<!DOCTYPE html PUBLIC "-//W3C//DTD XHTML 1.0 Transitional//EN"
    "http://www.w3.org/TR/xhtml1/DTD/xhtml1-transitional.dtd">
<html xmlns="http://www.w3.org/1999/xhtml" xml:lang="en" lang="en">
 <head>
  <title>
</title>
<meta http-equiv="Content-Type" content="text/html;charset=utf-8" />
  <meta name='ocr-system' content='tesseract 3.04.00' />
  <meta name='ocr-capabilities' content='ocr_page ocr_carea ocr_par ocr_line ocrx_word'/>
</head>
<body>
  <div class='ocr_page' id='page_1' title='image "./philosophiavetus01duhauoft_0566.png"; bbox 0 0 1857 2745; ppageno 0'>
   <div class='ocr_carea' id='block_1_1' title="bbox 355 154 1770 1004">
    <p class='ocr_par' dir='ltr' id='par_1_1' title="bbox 355 154 1770 614">
     <span class='ocr_line' id='line_1_1' title="bbox 355 154 1770 233; baseline 0 -11"><span class='ocrx_word' id='word_1_1' title='bbox 355 154 427 233; x_wconf 57' lang='lat' dir='ltr'>s43.</span> <span class='ocrx_word' id='word_1_2' title='bbox 456 187 509 222; x_wconf 90' lang='lat' dir='ltr'>Ut</span> <span class='ocrx_word' id='word_1_3' title='bbox 521 182 668 231; x_wconf 78' lang='lat' dir='ltr'>cognitio</span> <span class='ocrx_word' id='word_1_4' title='bbox 680 183 762 217; x_wconf 87' lang='lat' dir='ltr'>entis</span> <span class='ocrx_word' id='word_1_5' title='bbox 774 182 911 220; x_wconf 72' lang='lat' dir='ltr'>universi</span> <span class='ocrx_word' id='word_1_6' title='bbox 921 183 1030 220; x_wconf 58' lang='lat' dir='ltr'>&#39;menti</span> <span class='ocrx_word' id='word_1_7' title='bbox 1055 185 1166 219; x_wconf 71' lang='lat' dir='ltr'>nostrat</span> <span class='ocrx_word' id='word_1_8' title='bbox 1184 182 1275 218; x_wconf 84' lang='lat' dir='ltr'>velut</span> <span class='ocrx_word' id='word_1_9' title='bbox 1297 180 1454 231; x_wconf 78' lang='lat' dir='ltr'>insculpta</span> <span class='ocrx_word' id='word_1_10' title='bbox 1478 182 1520 217; x_wconf 87' lang='lat' dir='ltr'>est</span> <span class='ocrx_word' id='word_1_11' title='bbox 1542 182 1584 218; x_wconf 86' lang='lat' dir='ltr'>ab</span> <span class='ocrx_word' id='word_1_12' title='bbox 1606 183 1770 221; x_wconf 72' lang='lat' dir='ltr'>AUthore&#39;</span> 
     </span>
     <span class='ocr_line' id='line_1_2' title="bbox 361 230 1757 283; baseline -0.001 -12"><span class='ocrx_word' id='word_1_13' title='bbox 361 248 479 274; x_wconf 82' lang='lat' dir='ltr'>naturae</span> <span class='ocrx_word' id='word_1_14' title='bbox 491 262 501 277; x_wconf 82' lang='lat'>‚</span> <span class='ocrx_word' id='word_1_15' title='bbox 516 232 555 267; x_wconf 82' lang='lat' dir='ltr'>sic</span> <span class='ocrx_word' id='word_1_16' title='bbox 565 230 727 279; x_wconf 83' lang='lat' dir='ltr'>impresfio</span> <span class='ocrx_word' id='word_1_17' title='bbox 741 232 780 265; x_wconf 88' lang='lat' dir='ltr'>ad</span> <span class='ocrx_word' id='word_1_18' title='bbox 790 232 942 269; x_wconf 83' lang='lat' dir='ltr'>ultimum</span> <span class='ocrx_word' id='word_1_19' title='bbox 955 232 1055 269; x_wconf 86' lang='lat' dir='ltr'>finem</span> <span class='ocrx_word' id='word_1_20' title='bbox 1066 262 1076 277; x_wconf 88' lang='lat'>‚</span> <span class='ocrx_word' id='word_1_21' title='bbox 1103 238 1137 270; x_wconf 95' lang='lat'>&amp;</span> <span class='ocrx_word' id='word_1_22' title='bbox 1154 231 1384 283; x_wconf 63' lang='lat' dir='ltr'>propensior-ies</span> <span class='ocrx_word' id='word_1_23' title='bbox 1403 244 1519 267; x_wconf 83' lang='lat' dir='ltr'>ornnes</span> <span class='ocrx_word' id='word_1_24' title='bbox 1539 232 1712 269; x_wconf 86' lang='lat' dir='ltr'>voluntatis</span> <span class='ocrx_word' id='word_1_25' title='bbox 1735 235 1757 270; x_wconf 71' lang='grc' dir='ltr'>ἐι</span> 
     </span>
     <span class='ocr_line' id='line_1_3' title="bbox 362 280 1756 330; baseline -0.003 -12"><span class='ocrx_word' id='word_1_26' title='bbox 362 296 476 321; x_wconf 84' lang='lat' dir='ltr'>natura</span> <span class='ocrx_word' id='word_1_27' title='bbox 488 283 597 316; x_wconf 73' lang='lat' dir='ltr'>indita:</span> <span class='ocrx_word' id='word_1_28' title='bbox 611 308 620 323; x_wconf 89' lang='lat'>‚</span> <span class='ocrx_word' id='word_1_29' title='bbox 641 292 777 316; x_wconf 90' lang='lat' dir='ltr'>utamor</span> <span class='ocrx_word' id='word_1_30' title='bbox 790 280 1001 318; x_wconf 82' lang='lat' dir='ltr'>beatitudinis</span> <span class='ocrx_word' id='word_1_31' title='bbox 1012 310 1021 326; x_wconf 86' lang='lat'>‚</span> <span class='ocrx_word' id='word_1_32' title='bbox 1040 281 1104 317; x_wconf 77' lang='lat' dir='ltr'>suae</span> <span class='ocrx_word' id='word_1_33' title='bbox 1113 281 1366 318; x_wconf 85' lang='lat' dir='ltr'>conservationis</span> <span class='ocrx_word' id='word_1_34' title='bbox 1377 311 1388 327; x_wconf 80' lang='lat'><strong>,</strong></span> <span class='ocrx_word' id='word_1_35' title='bbox 1407 283 1598 330; x_wconf 80' lang='lat' dir='ltr'>integritatis</span> <span class='ocrx_word' id='word_1_36' title='bbox 1615 309 1625 324; x_wconf 86' lang='lat'><strong><em>,</em></strong></span> <span class='ocrx_word' id='word_1_37' title='bbox 1638 289 1673 319; x_wconf 50' lang='lat'>&amp;⁷</span> <span class='ocrx_word' id='word_1_38' title='bbox 1682 297 1756 318; x_wconf 86' lang='lat' dir='ltr'>om-</span> 
     </span>
     <span class='ocr_line' id='line_1_4' title="bbox 364 330 1757 379; baseline -0.004 -10"><span class='ocrx_word' id='word_1_39' title='bbox 364 335 456 369; x_wconf 86' lang='lat' dir='ltr'>nium</span> <span class='ocrx_word' id='word_1_40' title='bbox 474 344 544 379; x_wconf 87' lang='lat' dir='ltr'>quae</span> <span class='ocrx_word' id='word_1_41' title='bbox 560 331 599 363; x_wconf 82' lang='lat' dir='ltr'>ad</span> <span class='ocrx_word' id='word_1_42' title='bbox 614 330 855 378; x_wconf 72' lang='lat' dir='ltr'>perfeffioneni</span> <span class='ocrx_word' id='word_1_43' title='bbox 872 331 1181 379; x_wconf 60' lang='lat' dir='ltr'>iioffrain2videntiir</span> <span class='ocrx_word' id='word_1_44' title='bbox 1190 331 1340 368; x_wconf 85' lang='lat' dir='ltr'>conferre</span> <span class='ocrx_word' id='word_1_45' title='bbox 1350 334 1397 366; x_wconf 85' lang='lat' dir='ltr'>uti</span> <span class='ocrx_word' id='word_1_46' title='bbox 1416 335 1450 367; x_wconf 92' lang='lat'>&amp;</span> <span class='ocrx_word' id='word_1_47' title='bbox 1462 341 1623 374; x_wconf 83' lang='lat' dir='ltr'>motuum,</span> <span class='ocrx_word' id='word_1_48' title='bbox 1632 343 1687 366; x_wconf 87' lang='lat' dir='ltr'>aut</span> <span class='ocrx_word' id='word_1_49' title='bbox 1699 344 1757 367; x_wconf 88' lang='lat' dir='ltr'>na-</span> 
     </span>
     <span class='ocr_line' id='line_1_5' title="bbox 366 380 1757 430; baseline -0.001 -13"><span class='ocrx_word' id='word_1_50' title='bbox 366 382 645 430; x_wconf 83' lang='lat' dir='ltr'>turaeleges-certae</span> <span class='ocrx_word' id='word_1_51' title='bbox 657 385 690 417; x_wconf 67' lang='grc' dir='ltr'>δέ</span> <span class='ocrx_word' id='word_1_52' title='bbox 705 381 889 416; x_wconf 80' lang='lat' dir='ltr'>constantes</span> <span class='ocrx_word' id='word_1_53' title='bbox 903 411 913 423; x_wconf 78' lang='lat'>‚</span> <span class='ocrx_word' id='word_1_54' title='bbox 936 382 1038 429; x_wconf 61' lang='lat' dir='ltr'>quae-iz</span> <span class='ocrx_word' id='word_1_55' title='bbox 1055 380 1123 416; x_wconf 82' lang='lat' dir='ltr'>fine</span> <span class='ocrx_word' id='word_1_56' title='bbox 1137 381 1190 415; x_wconf 90' lang='lat' dir='ltr'>suo</span> <span class='ocrx_word' id='word_1_57' title='bbox 1204 394 1271 416; x_wconf 87' lang='lat' dir='ltr'>non</span> <span class='ocrx_word' id='word_1_58' title='bbox 1286 380 1461 416; x_wconf 61' lang='lat' dir='ltr'>deflectunt</span> <span class='ocrx_word' id='word_1_59' title='bbox 1477 393 1485 416; x_wconf 91' lang='lat'>:</span> <span class='ocrx_word' id='word_1_60' title='bbox 1507 380 1571 414; x_wconf 81' lang='lat' dir='ltr'>haec</span> <span class='ocrx_word' id='word_1_61' title='bbox 1582 408 1592 423; x_wconf 88' lang='lat'><strong><em>,</em></strong></span> <span class='ocrx_word' id='word_1_62' title='bbox 1604 382 1757 428; x_wconf 80' lang='lat' dir='ltr'>inquam,</span> 
     </span>
     <span class='ocr_line' id='line_1_6' title="bbox 365 427 1757 479; baseline -0.001 -13"><span class='ocrx_word' id='word_1_63' title='bbox 365 432 478 467; x_wconf 87' lang='lat' dir='ltr'>omnia</span> <span class='ocrx_word' id='word_1_64' title='bbox 489 443 556 465; x_wconf 89' lang='lat' dir='ltr'>non</span> <span class='ocrx_word' id='word_1_65' title='bbox 572 427 702 463; x_wconf 77' lang='lat' dir='ltr'>aliunde</span> <span class='ocrx_word' id='word_1_66' title='bbox 717 441 847 464; x_wconf 76' lang='lat' dir='ltr'>manare</span> <span class='ocrx_word' id='word_1_67' title='bbox 858 428 985 479; x_wconf 76' lang='lat' dir='ltr'>poffunt</span> <span class='ocrx_word' id='word_1_68' title='bbox 998 459 1009 473; x_wconf 89' lang='lat'>‚</span> <span class='ocrx_word' id='word_1_69' title='bbox 1028 443 1126 477; x_wconf 85' lang='lat' dir='ltr'>quam</span> <span class='ocrx_word' id='word_1_70' title='bbox 1148 429 1169 465; x_wconf 71' lang='grc' dir='ltr'>ἐι</span> <span class='ocrx_word' id='word_1_71' title='bbox 1182 432 1288 478; x_wconf 88' lang='lat' dir='ltr'>primo</span> <span class='ocrx_word' id='word_1_72' title='bbox 1306 441 1381 465; x_wconf 85' lang='lat' dir='ltr'>ente</span> <span class='ocrx_word' id='word_1_73' title='bbox 1397 459 1407 472; x_wconf 92' lang='lat'>‚</span> <span class='ocrx_word' id='word_1_74' title='bbox 1430 434 1519 477; x_wconf 78' lang='lat' dir='ltr'>cujtis</span> <span class='ocrx_word' id='word_1_75' title='bbox 1534 428 1757 476; x_wconf 75' lang='lat' dir='ltr'>poiseffionem</span> 
     </span>
     <span class='ocr_line' id='line_1_7' title="bbox 363 477 1757 527; baseline -0.001 -11"><span class='ocrx_word' id='word_1_76' title='bbox 363 491 486 516; x_wconf 81' lang='lat' dir='ltr'>natutae</span> <span class='ocrx_word' id='word_1_77' title='bbox 500 479 646 513; x_wconf 63' lang='lat' dir='ltr'>instin6m</span> <span class='ocrx_word' id='word_1_78' title='bbox 662 479 864 526; x_wconf 85' lang='lat' dir='ltr'>expetimus·,</span> <span class='ocrx_word' id='word_1_79' title='bbox 879 477 1017 526; x_wconf 75' lang='lat' dir='ltr'>ct&#39;rnique</span> <span class='ocrx_word' id='word_1_80' title='bbox 1028 479 1184 527; x_wconf 82' lang='lat' dir='ltr'>ejusmodi</span> <span class='ocrx_word' id='word_1_81' title='bbox 1203 482 1364 527; x_wconf 87' lang='lat' dir='ltr'>appetitus</span> <span class='ocrx_word' id='word_1_82' title='bbox 1375 477 1518 514; x_wconf 70' lang='lat' dir='ltr'>{matura</span> <span class='ocrx_word' id='word_1_83' title='bbox 1536 477 1677 525; x_wconf 82' lang='lat' dir='ltr'>impress&#39;i</span> <span class='ocrx_word' id='word_1_84' title='bbox 1689 492 1757 514; x_wconf 86' lang='lat' dir='ltr'>non</span> 
     </span>
     <span class='ocr_line' id='line_1_8' title="bbox 367 524 1757 570; baseline -0.001 -6"><span class='ocrx_word' id='word_1_85' title='bbox 367 528 430 564; x_wconf 86' lang='lat' dir='ltr'>sint</span> <span class='ocrx_word' id='word_1_86' title='bbox 448 530 573 565; x_wconf 81' lang='lat' dir='ltr'>vani&amp;</span> <span class='ocrx_word' id='word_1_87' title='bbox 593 528 692 570; x_wconf 86' lang='lat' dir='ltr'>irriti,</span> <span class='ocrx_word' id='word_1_88' title='bbox 722 529 744 560; x_wconf 91' lang='lat' dir='ltr'>ii</span> <span class='ocrx_word' id='word_1_89' title='bbox 763 527 1175 564; x_wconf 74' lang='lat' dir='ltr'>manifestedemonstrant</span> <span class='ocrx_word' id='word_1_90' title='bbox 1192 531 1302 564; x_wconf 82' lang='lat' dir='ltr'>Deum</span> <span class='ocrx_word' id='word_1_91' title='bbox 1325 540 1361 562; x_wconf 82' lang='lat' dir='ltr'>ut</span> <span class='ocrx_word' id='word_1_92' title='bbox 1389 527 1541 562; x_wconf 81' lang='lat' dir='ltr'>ultimum</span> <span class='ocrx_word' id='word_1_93' title='bbox 1561 524 1661 562; x_wconf 87' lang='lat' dir='ltr'>finem</span> <span class='ocrx_word' id='word_1_94' title='bbox 1688 530 1757 570; x_wconf 71' lang='lat' dir='ltr'>exi-,-</span> 
     </span>
     <span class='ocr_line' id='line_1_9' title="bbox 367 579 460 614; baseline -0.043 0"><span class='ocrx_word' id='word_1_95' title='bbox 367 579 460 614; x_wconf 86' lang='lat' dir='ltr'>stete.</span> 
     </span>
    </p>

    <p class='ocr_par' dir='ltr' id='par_1_2' title="bbox 363 622 1763 1004">
     <span class='ocr_line' id='line_1_10' title="bbox 412 622 1760 676; baseline -0.001 -16"><span class='ocrx_word' id='word_1_96' title='bbox 412 624 641 675; x_wconf 81' lang='lat' dir='ltr'>Qmobrem</span> <span class='ocrx_word' id='word_1_97' title='bbox 659 636 699 659; x_wconf 83' lang='lat' dir='ltr'>ex</span> <span class='ocrx_word' id='word_1_98' title='bbox 720 624 841 673; x_wconf 75' lang='lat' dir='ltr'>tripiici</span> <span class='ocrx_word' id='word_1_99' title='bbox 858 625 1021 662; x_wconf 86' lang='lat' dir='ltr'>causarum</span> <span class='ocrx_word' id='word_1_100' title='bbox 1038 638 1157 676; x_wconf 78' lang='lat' dir='ltr'>genere</span> <span class='ocrx_word' id='word_1_101' title='bbox 1172 628 1258 663; x_wconf 76' lang='lat' dir='ltr'>varia</span> <span class='ocrx_word' id='word_1_102' title='bbox 1276 622 1433 660; x_wconf 79' lang='lat' dir='ltr'>hausimus</span> <span class='ocrx_word' id='word_1_103' title='bbox 1447 636 1636 673; x_wconf 87' lang='lat' dir='ltr'>argumenta</span> <span class='ocrx_word' id='word_1_104' title='bbox 1650 653 1660 668; x_wconf 90' lang='lat'>‚</span> <span class='ocrx_word' id='word_1_105' title='bbox 1684 628 1760 672; x_wconf 83' lang='lat' dir='ltr'>qui-</span> 
     </span>
     <span class='ocr_line' id='line_1_11' title="bbox 366 673 1758 724; baseline -0.001 -14"><span class='ocrx_word' id='word_1_106' title='bbox 366 675 428 710; x_wconf 86' lang='lat' dir='ltr'>bus</span> <span class='ocrx_word' id='word_1_107' title='bbox 443 675 613 710; x_wconf 80' lang='lat' dir='ltr'>existentia</span> <span class='ocrx_word' id='word_1_108' title='bbox 629 675 716 717; x_wconf 89' lang='lat' dir='ltr'>Dei,</span> <span class='ocrx_word' id='word_1_109' title='bbox 735 679 768 710; x_wconf 69' lang='grc' dir='ltr'>δε</span> <span class='ocrx_word' id='word_1_110' title='bbox 781 676 989 722; x_wconf 86' lang='lat' dir='ltr'>providentia</span> <span class='ocrx_word' id='word_1_111' title='bbox 1013 680 1146 723; x_wconf 85' lang='lat' dir='ltr'>(neque</span> <span class='ocrx_word' id='word_1_112' title='bbox 1169 678 1257 712; x_wconf 79' lang='lat' dir='ltr'>enim</span> <span class='ocrx_word' id='word_1_113' title='bbox 1279 674 1412 724; x_wconf 82' lang='lat' dir='ltr'>separari</span> <span class='ocrx_word' id='word_1_114' title='bbox 1439 673 1564 709; x_wconf 86' lang='lat' dir='ltr'>debent</span> <span class='ocrx_word' id='word_1_115' title='bbox 1583 676 1594 717; x_wconf 93' lang='lat'><em>)</em></span> <span class='ocrx_word' id='word_1_116' title='bbox 1622 677 1758 709; x_wconf 88' lang='lat' dir='ltr'>omnino</span> 
     </span>
     <span class='ocr_line' id='line_1_12' title="bbox 367 722 1762 771; baseline -0.001 -13"><span class='ocrx_word' id='word_1_117' title='bbox 367 723 649 759; x_wconf 83' lang='lat' dir='ltr'>demonstrantur:</span> <span class='ocrx_word' id='word_1_118' title='bbox 663 733 700 756; x_wconf 87' lang='lat' dir='ltr'>ex</span> <span class='ocrx_word' id='word_1_119' title='bbox 712 726 1084 760; x_wconf 76' lang='lat' dir='ltr'>connexionenimirum</span> <span class='ocrx_word' id='word_1_120' title='bbox 1096 725 1273 761; x_wconf 68' lang='lat' dir='ltr'>effie&amp;uum</span> <span class='ocrx_word' id='word_1_121' title='bbox 1283 737 1356 759; x_wconf 88' lang='lat' dir='ltr'>cum</span> <span class='ocrx_word' id='word_1_122' title='bbox 1370 722 1460 758; x_wconf 80' lang='lat' dir='ltr'>causa</span> <span class='ocrx_word' id='word_1_123' title='bbox 1473 726 1626 771; x_wconf 84' lang='lat' dir='ltr'>primaria</span> <span class='ocrx_word' id='word_1_124' title='bbox 1641 740 1650 767; x_wconf 80' lang='lat'>3</span> <span class='ocrx_word' id='word_1_125' title='bbox 1666 735 1705 757; x_wconf 89' lang='lat' dir='ltr'>ex</span> <span class='ocrx_word' id='word_1_126' title='bbox 1724 723 1762 757; x_wconf 60' lang='lat'>112</span> 
     </span>
     <span class='ocr_line' id='line_1_13' title="bbox 364 771 1753 822; baseline -0.002 -14"><span class='ocrx_word' id='word_1_127' title='bbox 364 774 426 808; x_wconf 82' lang='lat' dir='ltr'>lius</span> <span class='ocrx_word' id='word_1_128' title='bbox 436 771 602 821; x_wconf 85' lang='lat' dir='ltr'>praesentia</span> <span class='ocrx_word' id='word_1_129' title='bbox 616 774 648 805; x_wconf 91' lang='lat' dir='ltr'>in</span> <span class='ocrx_word' id='word_1_130' title='bbox 659 783 772 806; x_wconf 79' lang='lat' dir='ltr'>mente</span> <span class='ocrx_word' id='word_1_131' title='bbox 791 773 898 808; x_wconf 79' lang='lat' dir='ltr'>nostra</span> <span class='ocrx_word' id='word_1_132' title='bbox 910 787 966 822; x_wconf 76' lang='lat' dir='ltr'>per</span> <span class='ocrx_word' id='word_1_133' title='bbox 981 777 1152 810; x_wconf 87' lang='lat' dir='ltr'>notionem</span> <span class='ocrx_word' id='word_1_134' title='bbox 1168 802 1179 819; x_wconf 83' lang='lat'>,</span> <span class='ocrx_word' id='word_1_135' title='bbox 1193 780 1240 811; x_wconf 75' lang='lat'>.&amp;</span> <span class='ocrx_word' id='word_1_136' title='bbox 1251 773 1355 807; x_wconf 84' lang='lat' dir='ltr'>ideam</span> <span class='ocrx_word' id='word_1_137' title='bbox 1370 785 1468 819; x_wconf 79' lang='lat' dir='ltr'>quam</span> <span class='ocrx_word' id='word_1_138' title='bbox 1487 772 1527 806; x_wconf 90' lang='lat' dir='ltr'>de</span> <span class='ocrx_word' id='word_1_139' title='bbox 1547 775 1621 808; x_wconf 91' lang='lat' dir='ltr'>Deo</span> <span class='ocrx_word' id='word_1_140' title='bbox 1643 773 1753 806; x_wconf 82' lang='lat' dir='ltr'>antici-</span> 
     </span>
     <span class='ocr_line' id='line_1_14' title="bbox 363 818 1763 871; baseline -0.001 -15"><span class='ocrx_word' id='word_1_141' title='bbox 363 833 476 870; x_wconf 82' lang='lat' dir='ltr'>patam</span> <span class='ocrx_word' id='word_1_142' title='bbox 489 818 646 856; x_wconf 61' lang='lat' dir='ltr'>habemus</span> <span class='ocrx_word' id='word_1_143' title='bbox 660 832 714 855; x_wconf 88' lang='lat' dir='ltr'>:ac</span> <span class='ocrx_word' id='word_1_144' title='bbox 728 821 861 857; x_wconf 87' lang='lat' dir='ltr'>demum</span> <span class='ocrx_word' id='word_1_145' title='bbox 873 835 911 857; x_wconf 83' lang='lat' dir='ltr'>ex</span> <span class='ocrx_word' id='word_1_146' title='bbox 926 828 991 871; x_wconf 80' lang='lat' dir='ltr'>eJ&#39;us</span> <span class='ocrx_word' id='word_1_147' title='bbox 1005 821 1138 858; x_wconf 77' lang='lat' dir='ltr'>elsentia</span> <span class='ocrx_word' id='word_1_148' title='bbox 1151 851 1161 866; x_wconf 87' lang='lat'>‚</span> <span class='ocrx_word' id='word_1_149' title='bbox 1188 829 1222 860; x_wconf 89' lang='lat'>&amp;</span> <span class='ocrx_word' id='word_1_150' title='bbox 1242 832 1365 858; x_wconf 87' lang='lat' dir='ltr'>natura.</span> <span class='ocrx_word' id='word_1_151' title='bbox 1397 821 1478 866; x_wconf 82' lang='lat' dir='ltr'>Qo</span> <span class='ocrx_word' id='word_1_152' title='bbox 1497 822 1630 868; x_wconf 88' lang='lat' dir='ltr'>quidem</span> <span class='ocrx_word' id='word_1_153' title='bbox 1655 820 1763 854; x_wconf 82' lang='lat' dir='ltr'>modo</span> 
     </span>
     <span class='ocr_line' id='line_1_15' title="bbox 368 868 1761 920; baseline -0.002 -14"><span class='ocrx_word' id='word_1_154' title='bbox 368 871 486 906; x_wconf 84' lang='lat' dir='ltr'>nullius</span> <span class='ocrx_word' id='word_1_155' title='bbox 507 871 554 904; x_wconf 87' lang='lat' dir='ltr'>rei</span> <span class='ocrx_word' id='word_1_156' title='bbox 571 881 688 904; x_wconf 86' lang='lat' dir='ltr'>creatae</span> <span class='ocrx_word' id='word_1_157' title='bbox 714 870 879 906; x_wconf 81' lang='lat' dir='ltr'>existentia</span> <span class='ocrx_word' id='word_1_158' title='bbox 893 872 1016 907; x_wconf 89' lang='lat' dir='ltr'>ostendi</span> <span class='ocrx_word' id='word_1_159' title='bbox 1035 871 1153 920; x_wconf 81' lang='lat' dir='ltr'>potest.</span> <span class='ocrx_word' id='word_1_160' title='bbox 1187 873 1273 918; x_wconf 80' lang='lat' dir='ltr'>Qiae</span> <span class='ocrx_word' id='word_1_161' title='bbox 1303 874 1336 907; x_wconf 87' lang='lat' dir='ltr'>in</span> <span class='ocrx_word' id='word_1_162' title='bbox 1357 871 1552 905; x_wconf 84' lang='lat' dir='ltr'>contrarium</span> <span class='ocrx_word' id='word_1_163' title='bbox 1571 868 1672 917; x_wconf 85' lang='lat' dir='ltr'>objici</span> <span class='ocrx_word' id='word_1_164' title='bbox 1687 869 1761 917; x_wconf 84' lang='lat' dir='ltr'>pos-</span> 
     </span>
     <span class='ocr_line' id='line_1_16' title="bbox 366 917 1763 969; baseline -0.004 -15"><span class='ocrx_word' id='word_1_165' title='bbox 366 919 438 954; x_wconf 79' lang='lat' dir='ltr'>fiint</span> <span class='ocrx_word' id='word_1_166' title='bbox 452 949 461 962; x_wconf 92' lang='lat'><em>,</em></span> <span class='ocrx_word' id='word_1_167' title='bbox 481 931 597 967; x_wconf 80' lang='lat' dir='ltr'>magna</span> <span class='ocrx_word' id='word_1_168' title='bbox 612 930 650 952; x_wconf 85' lang='lat' dir='ltr'>ex</span> <span class='ocrx_word' id='word_1_169' title='bbox 666 929 757 966; x_wconf 83' lang='lat' dir='ltr'>parte</span> <span class='ocrx_word' id='word_1_170' title='bbox 778 917 881 955; x_wconf 85' lang='lat' dir='ltr'>soluta</span> <span class='ocrx_word' id='word_1_171' title='bbox 891 920 1051 969; x_wconf 77' lang='lat' dir='ltr'>sunt3quae</span> <span class='ocrx_word' id='word_1_172' title='bbox 1069 921 1196 968; x_wconf 82' lang='lat' dir='ltr'>reliqua</span> <span class='ocrx_word' id='word_1_173' title='bbox 1211 920 1292 963; x_wconf 80' lang='lat' dir='ltr'>sunt,</span> <span class='ocrx_word' id='word_1_174' title='bbox 1317 920 1468 968; x_wconf 83' lang='lat' dir='ltr'>proximo</span> <span class='ocrx_word' id='word_1_175' title='bbox 1485 921 1590 966; x_wconf 80' lang='lat' dir='ltr'>capite</span> <span class='ocrx_word' id='word_1_176' title='bbox 1612 931 1763 953; x_wconf 51' lang='lat' dir='ltr'>comni&amp;</span> 
     </span>
     <span class='ocr_line' id='line_1_17' title="bbox 371 967 644 1004; baseline 0 -2"><span class='ocrx_word' id='word_1_177' title='bbox 371 967 441 1004; x_wconf 63' lang='lat' dir='ltr'>ditis</span> <span class='ocrx_word' id='word_1_178' title='bbox 455 968 644 1004; x_wconf 68' lang='lat' dir='ltr'>diluentur„</span> 
     </span>
    </p>
   </div>
   <div class='ocr_carea' id='block_1_2' title="bbox 733 1019 1376 1167">
    <p class='ocr_par' dir='ltr' id='par_1_3' title="bbox 733 1019 1376 1167">
     <span class='ocr_line' id='line_1_18' title="bbox 834 1019 1295 1066; baseline -0.002 -13"><span class='ocrx_word' id='word_1_179' title='bbox 834 1019 1295 1066; x_wconf 68' lang='lat' dir='ltr'>QUAEST10.1L.</span> 
     </span>
     <span class='ocr_line' id='line_1_19' title="bbox 733 1115 1376 1167; baseline -0.002 -17"><span class='ocrx_word' id='word_1_180' title='bbox 733 1116 891 1163; x_wconf 65' lang='lat' dir='ltr'>Quomodo</span> <span class='ocrx_word' id='word_1_181' title='bbox 905 1118 994 1151; x_wconf 82' lang='lat' dir='ltr'>Dens</span> <span class='ocrx_word' id='word_1_182' title='bbox 1008 1116 1029 1151; x_wconf 69' lang='lat' dir='ltr'>&gt;z</span> <span class='ocrx_word' id='word_1_183' title='bbox 1045 1115 1132 1152; x_wconf 67' lang='lat' dir='ltr'>nabis</span> <span class='ocrx_word' id='word_1_184' title='bbox 1155 1118 1376 1167; x_wconf 75' lang='lat' dir='ltr'>cognoscatur.·</span> 
     </span>
    </p>
   </div>
   <div class='ocr_carea' id='block_1_3' title="bbox 369 1208 1777 2469">
    <p class='ocr_par' dir='ltr' id='par_1_4' title="bbox 371 1208 1767 1299">
     <span class='ocr_line' id='line_1_20' title="bbox 371 1208 1767 1297; baseline 0 -50"><span class='ocrx_word' id='word_1_185' title='bbox 371 1214 529 1297; x_wconf 71' lang='lat' dir='ltr'>Cltca</span> <span class='ocrx_word' id='word_1_186' title='bbox 542 1216 606 1249; x_wconf 88' lang='lat' dir='ltr'>Dei</span> <span class='ocrx_word' id='word_1_187' title='bbox 619 1215 842 1262; x_wconf 80' lang='lat' dir='ltr'>cognitionem</span> <span class='ocrx_word' id='word_1_188' title='bbox 856 1213 954 1262; x_wconf 78' lang='lat' dir='ltr'>vulgo</span> <span class='ocrx_word' id='word_1_189' title='bbox 969 1215 1116 1261; x_wconf 79' lang='lat' dir='ltr'>quaetitur</span> <span class='ocrx_word' id='word_1_190' title='bbox 1130 1243 1140 1258; x_wconf 87' lang='lat'>,</span> <span class='ocrx_word' id='word_1_191' title='bbox 1159 1213 1264 1263; x_wconf 77' lang='lat' dir='ltr'>ptimo</span> <span class='ocrx_word' id='word_1_192' title='bbox 1278 1227 1325 1249; x_wconf 75' lang='lat' dir='ltr'>an</span> <span class='ocrx_word' id='word_1_193' title='bbox 1338 1216 1451 1248; x_wconf 83' lang='lat' dir='ltr'>Deum</span> <span class='ocrx_word' id='word_1_194' title='bbox 1461 1212 1593 1248; x_wconf 76' lang='lat' dir='ltr'>existere</span> <span class='ocrx_word' id='word_1_195' title='bbox 1612 1211 1648 1247; x_wconf 80' lang='lat' dir='ltr'>sit</span> <span class='ocrx_word' id='word_1_196' title='bbox 1662 1225 1719 1261; x_wconf 90' lang='lat' dir='ltr'>per</span> <span class='ocrx_word' id='word_1_197' title='bbox 1730 1208 1767 1247; x_wconf 36' lang='lat' dir='ltr'>se?</span> 
     </span>
     <span class='ocr_line' id='line_1_21' title="bbox 465 1273 1362 1299; baseline -0.001 -3"><span class='ocrx_word' id='word_1_198' title='bbox 465 1273 589 1299; x_wconf 71' lang='lat' dir='ltr'>notum.</span> <span class='ocrx_word' id='word_1_199' title='bbox 1358 1294 1362 1295; x_wconf 29' lang='lat' dir='ltr'>s</span> 
     </span>
    </p>

    <p class='ocr_par' dir='ltr' id='par_1_5' title="bbox 369 1308 1777 1589">
     <span class='ocr_line' id='line_1_22' title="bbox 406 1308 1777 1361; baseline 0.001 -18"><span class='ocrx_word' id='word_1_200' title='bbox 406 1309 610 1358; x_wconf 84' lang='lat' dir='ltr'>Responderi</span> <span class='ocrx_word' id='word_1_201' title='bbox 631 1311 782 1361; x_wconf 84' lang='lat' dir='ltr'>solet‚per</span> <span class='ocrx_word' id='word_1_202' title='bbox 799 1309 827 1345; x_wconf 85' lang='lat' dir='ltr'>se</span> <span class='ocrx_word' id='word_1_203' title='bbox 837 1308 1021 1347; x_wconf 79' lang='lat' dir='ltr'>notam-effe</span> <span class='ocrx_word' id='word_1_204' title='bbox 1035 1311 1116 1346; x_wconf 79' lang='lat' dir='ltr'>hanc</span> <span class='ocrx_word' id='word_1_205' title='bbox 1130 1309 1385 1360; x_wconf 72' lang='lat' dir='ltr'>propositionem</span> <span class='ocrx_word' id='word_1_206' title='bbox 1398 1341 1406 1355; x_wconf 80' lang='grc'>,</span> <span class='ocrx_word' id='word_1_207' title='bbox 1423 1313 1511 1348; x_wconf 91' lang='lat' dir='ltr'>Deus</span> <span class='ocrx_word' id='word_1_208' title='bbox 1522 1313 1636 1354; x_wconf 84' lang='lat' dir='ltr'>existit,</span> <span class='ocrx_word' id='word_1_209' title='bbox 1649 1309 1777 1358; x_wconf 61' lang='lat' dir='ltr'>quoad!</span> 
     </span>
     <span class='ocr_line' id='line_1_23' title="bbox 369 1359 1761 1408; baseline -0.001 -15"><span class='ocrx_word' id='word_1_210' title='bbox 369 1359 400 1393; x_wconf 87' lang='lat' dir='ltr'>se</span> <span class='ocrx_word' id='word_1_211' title='bbox 413 1388 422 1402; x_wconf 90' lang='lat'>,</span> <span class='ocrx_word' id='word_1_212' title='bbox 440 1372 505 1393; x_wconf 90' lang='lat' dir='ltr'>non</span> <span class='ocrx_word' id='word_1_213' title='bbox 517 1361 595 1395; x_wconf 82' lang='lat' dir='ltr'>item</span> <span class='ocrx_word' id='word_1_214' title='bbox 610 1363 716 1408; x_wconf 87' lang='lat' dir='ltr'>quoad</span> <span class='ocrx_word' id='word_1_215' title='bbox 734 1374 802 1396; x_wconf 89' lang='lat' dir='ltr'>nos.</span> <span class='ocrx_word' id='word_1_216' title='bbox 839 1361 907 1393; x_wconf 89' lang='lat' dir='ltr'>Res</span> <span class='ocrx_word' id='word_1_217' title='bbox 924 1363 1012 1394; x_wconf 84' lang='lat' dir='ltr'>enim</span> <span class='ocrx_word' id='word_1_218' title='bbox 1034 1359 1149 1392; x_wconf 86' lang='lat' dir='ltr'>dicitur</span> <span class='ocrx_word' id='word_1_219' title='bbox 1167 1373 1222 1407; x_wconf 86' lang='lat' dir='ltr'>pet</span> <span class='ocrx_word' id='word_1_220' title='bbox 1240 1361 1268 1395; x_wconf 88' lang='lat' dir='ltr'>se</span> <span class='ocrx_word' id='word_1_221' title='bbox 1281 1372 1358 1395; x_wconf 86' lang='lat' dir='ltr'>nota</span> <span class='ocrx_word' id='word_1_222' title='bbox 1373 1389 1382 1403; x_wconf 82' lang='grc'><strong>,</strong></span> <span class='ocrx_word' id='word_1_223' title='bbox 1407 1365 1491 1408; x_wconf 85' lang='lat' dir='ltr'>cujus</span> <span class='ocrx_word' id='word_1_224' title='bbox 1511 1360 1702 1395; x_wconf 86' lang='lat' dir='ltr'>attributum</span> <span class='ocrx_word' id='word_1_225' title='bbox 1717 1359 1761 1392; x_wconf 86' lang='lat' dir='ltr'>est</span> 
     </span>
     <span class='ocr_line' id='line_1_24' title="bbox 370 1404 1763 1457; baseline 0 -16"><span class='ocrx_word' id='word_1_226' title='bbox 370 1408 410 1441; x_wconf 84' lang='lat' dir='ltr'>de</span> <span class='ocrx_word' id='word_1_227' title='bbox 421 1404 553 1442; x_wconf 77' lang='lat' dir='ltr'>essentia</span> <span class='ocrx_word' id='word_1_228' title='bbox 571 1409 706 1457; x_wconf 70' lang='lat' dir='ltr'>subjeffl</span> <span class='ocrx_word' id='word_1_229' title='bbox 722 1439 732 1453; x_wconf 83' lang='grc'>,</span> <span class='ocrx_word' id='word_1_230' title='bbox 750 1407 932 1457; x_wconf 54' lang='lat' dir='ltr'>quodque&amp;</span> <span class='ocrx_word' id='word_1_231' title='bbox 951 1409 1049 1455; x_wconf 81' lang='lat' dir='ltr'>priori</span> <span class='ocrx_word' id='word_1_232' title='bbox 1064 1408 1276 1442; x_wconf 76' lang='lat' dir='ltr'>demonstrari</span> <span class='ocrx_word' id='word_1_233' title='bbox 1291 1421 1355 1443; x_wconf 90' lang='lat' dir='ltr'>non</span> <span class='ocrx_word' id='word_1_234' title='bbox 1374 1410 1495 1456; x_wconf 85' lang='lat' dir='ltr'>potest:</span> <span class='ocrx_word' id='word_1_235' title='bbox 1519 1409 1571 1443; x_wconf 79' lang='lat' dir='ltr'>sed</span> <span class='ocrx_word' id='word_1_236' title='bbox 1594 1407 1763 1443; x_wconf 71' lang='lat' dir='ltr'>existentia</span> 
     </span>
     <span class='ocr_line' id='line_1_25' title="bbox 371 1455 1763 1505; baseline 0 -16"><span class='ocrx_word' id='word_1_237' title='bbox 371 1457 414 1490; x_wconf 86' lang='lat' dir='ltr'>est</span> <span class='ocrx_word' id='word_1_238' title='bbox 435 1457 476 1490; x_wconf 91' lang='lat' dir='ltr'>de</span> <span class='ocrx_word' id='word_1_239' title='bbox 498 1455 630 1492; x_wconf 74' lang='lat' dir='ltr'>eisentia</span> <span class='ocrx_word' id='word_1_240' title='bbox 650 1470 705 1492; x_wconf 84' lang='lat' dir='ltr'>aut</span> <span class='ocrx_word' id='word_1_241' title='bbox 723 1469 883 1504; x_wconf 84' lang='lat' dir='ltr'>conceptu</span> <span class='ocrx_word' id='word_1_242' title='bbox 904 1458 986 1500; x_wconf 81' lang='lat' dir='ltr'>Dei,</span> <span class='ocrx_word' id='word_1_243' title='bbox 1014 1467 1050 1489; x_wconf 90' lang='lat' dir='ltr'>ut</span> <span class='ocrx_word' id='word_1_244' title='bbox 1079 1460 1146 1501; x_wconf 66' lang='lat' dir='ltr'>jim</span> <span class='ocrx_word' id='word_1_245' title='bbox 1171 1457 1366 1492; x_wconf 87' lang='lat' dir='ltr'>ostendimus</span> <span class='ocrx_word' id='word_1_246' title='bbox 1386 1474 1394 1499; x_wconf 80' lang='lat'>3</span> <span class='ocrx_word' id='word_1_247' title='bbox 1430 1469 1538 1504; x_wconf 89' lang='lat' dir='ltr'>neque</span> <span class='ocrx_word' id='word_1_248' title='bbox 1558 1469 1595 1491; x_wconf 84' lang='lat' dir='ltr'>ea</span> <span class='ocrx_word' id='word_1_249' title='bbox 1617 1469 1675 1505; x_wconf 86' lang='lat' dir='ltr'>per</span> <span class='ocrx_word' id='word_1_250' title='bbox 1705 1455 1763 1490; x_wconf 87' lang='lat' dir='ltr'>ali-</span> 
     </span>
     <span class='ocr_line' id='line_1_26' title="bbox 369 1503 1771 1555; baseline -0.001 -15"><span class='ocrx_word' id='word_1_251' title='bbox 369 1505 448 1552; x_wconf 80' lang='lat' dir='ltr'>quid</span> <span class='ocrx_word' id='word_1_252' title='bbox 473 1506 580 1554; x_wconf 82' lang='lat' dir='ltr'>potest</span> <span class='ocrx_word' id='word_1_253' title='bbox 614 1507 830 1542; x_wconf 79' lang='lat' dir='ltr'>demonstrari</span> <span class='ocrx_word' id='word_1_254' title='bbox 855 1519 863 1541; x_wconf 76' lang='grc' dir='ltr'>ε</span> <span class='ocrx_word' id='word_1_255' title='bbox 893 1509 977 1555; x_wconf 60' lang='lat' dir='ltr'>litgo</span> <span class='ocrx_word' id='word_1_256' title='bbox 1009 1503 1067 1539; x_wconf 82' lang='lat' dir='ltr'>illa</span> <span class='ocrx_word' id='word_1_257' title='bbox 1097 1505 1275 1554; x_wconf 85' lang='lat' dir='ltr'>propositio</span> <span class='ocrx_word' id='word_1_258' title='bbox 1298 1535 1309 1550; x_wconf 84' lang='lat'>‚</span> <span class='ocrx_word' id='word_1_259' title='bbox 1349 1509 1439 1542; x_wconf 88' lang='lat' dir='ltr'>Deus</span> <span class='ocrx_word' id='word_1_260' title='bbox 1460 1506 1514 1540; x_wconf 84' lang='lat' dir='ltr'>est.</span> <span class='ocrx_word' id='word_1_261' title='bbox 1530 1535 1540 1550; x_wconf 85' lang='lat'>‚</span> <span class='ocrx_word' id='word_1_262' title='bbox 1576 1518 1633 1555; x_wconf 76' lang='lat' dir='ltr'>per</span> <span class='ocrx_word' id='word_1_263' title='bbox 1660 1504 1691 1540; x_wconf 91' lang='lat' dir='ltr'>se</span> <span class='ocrx_word' id='word_1_264' title='bbox 1714 1504 1771 1539; x_wconf 87' lang='lat' dir='ltr'>est.</span> 
     </span>
     <span class='ocr_line' id='line_1_27' title="bbox 372 1565 481 1589; baseline -0.037 0"><span class='ocrx_word' id='word_1_265' title='bbox 372 1565 481 1589; x_wconf 60' lang='lat' dir='ltr'>nota.vr</span> 
     </span>
    </p>

    <p class='ocr_par' dir='ltr' id='par_1_6' title="bbox 370 1599 1773 1847">
     <span class='ocr_line' id='line_1_28' title="bbox 411 1599 1773 1653; baseline 0.001 -15"><span class='ocrx_word' id='word_1_266' title='bbox 411 1605 494 1638; x_wconf 83' lang='lat' dir='ltr'>Non</span> <span class='ocrx_word' id='word_1_267' title='bbox 511 1615 620 1639; x_wconf 88' lang='lat' dir='ltr'>autem</span> <span class='ocrx_word' id='word_1_268' title='bbox 636 1605 677 1639; x_wconf 88' lang='lat' dir='ltr'>est</span> <span class='ocrx_word' id='word_1_269' title='bbox 686 1606 747 1653; x_wconf 54' lang='lat' dir='ltr'>‘per</span> <span class='ocrx_word' id='word_1_270' title='bbox 766 1602 801 1639; x_wconf 50' lang='lat' dir='ltr'>se⁴</span> <span class='ocrx_word' id='word_1_271' title='bbox 809 1614 888 1639; x_wconf 86' lang='lat' dir='ltr'>nota</span> <span class='ocrx_word' id='word_1_272' title='bbox 900 1604 1006 1651; x_wconf 87' lang='lat' dir='ltr'>quoad</span> <span class='ocrx_word' id='word_1_273' title='bbox 1025 1616 1083 1639; x_wconf 79' lang='lat' dir='ltr'>nos</span> <span class='ocrx_word' id='word_1_274' title='bbox 1101 1618 1108 1639; x_wconf 91' lang='lat'>:</span> <span class='ocrx_word' id='word_1_275' title='bbox 1123 1614 1193 1640; x_wconf 86' lang='lat' dir='ltr'>tuni</span> <span class='ocrx_word' id='word_1_276' title='bbox 1212 1607 1300 1639; x_wconf 87' lang='lat' dir='ltr'>enim</span> <span class='ocrx_word' id='word_1_277' title='bbox 1317 1599 1493 1652; x_wconf 80' lang='lat' dir='ltr'>propositio</span> <span class='ocrx_word' id='word_1_278' title='bbox 1519 1604 1713 1653; x_wconf 73' lang='lat' dir='ltr'>dicitur-pet</span> <span class='ocrx_word' id='word_1_279' title='bbox 1729 1602 1773 1639; x_wconf 89' lang='lat' dir='ltr'>se-</span> 
     </span>
     <span class='ocr_line' id='line_1_29' title="bbox 371 1651 1773 1701; baseline 0.002 -16"><span class='ocrx_word' id='word_1_280' title='bbox 371 1663 450 1686; x_wconf 80' lang='lat' dir='ltr'>nota</span> <span class='ocrx_word' id='word_1_281' title='bbox 465 1681 473 1694; x_wconf 93' lang='lat'>,</span> <span class='ocrx_word' id='word_1_282' title='bbox 493 1651 566 1687; x_wconf 71' lang='lat' dir='ltr'>cum</span> <span class='ocrx_word' id='word_1_283' title='bbox 581 1656 726 1688; x_wconf 89' lang='lat' dir='ltr'>terminis</span> <span class='ocrx_word' id='word_1_284' title='bbox 742 1654 915 1688; x_wconf 58' lang='lat' dir='ltr'>intellectis</span> <span class='ocrx_word' id='word_1_285' title='bbox 941 1654 1047 1688; x_wconf 83' lang='lat' dir='ltr'>statim</span> <span class='ocrx_word' id='word_1_286' title='bbox 1059 1656 1221 1688; x_wconf 81' lang='lat' dir='ltr'>connexio</span> <span class='ocrx_word' id='word_1_287' title='bbox 1240 1653 1387 1688; x_wconf 86' lang='lat' dir='ltr'>attributi</span> <span class='ocrx_word' id='word_1_288' title='bbox 1414 1665 1487 1686; x_wconf 80' lang='lat' dir='ltr'>cuni</span> <span class='ocrx_word' id='word_1_289' title='bbox 1517 1651 1657 1701; x_wconf 58' lang='lat' dir='ltr'>subjecto</span> <span class='ocrx_word' id='word_1_290' title='bbox 1682 1655 1773 1688; x_wconf 79' lang='lat' dir='ltr'>citra-</span> 
     </span>
     <span class='ocr_line' id='line_1_30' title="bbox 371 1700 1761 1751; baseline 0.002 -18"><span class='ocrx_word' id='word_1_291' title='bbox 371 1700 472 1735; x_wconf 80' lang='lat' dir='ltr'>ullum</span> <span class='ocrx_word' id='word_1_292' title='bbox 490 1700 659 1737; x_wconf 76' lang='lat' dir='ltr'>discursum</span> <span class='ocrx_word' id='word_1_293' title='bbox 678 1705 872 1751; x_wconf 83' lang='lat' dir='ltr'>percipitur:</span> <span class='ocrx_word' id='word_1_294' title='bbox 899 1700 953 1736; x_wconf 88' lang='lat' dir='ltr'>sed</span> <span class='ocrx_word' id='word_1_295' title='bbox 971 1714 1038 1738; x_wconf 86' lang='lat' dir='ltr'>rem</span> <span class='ocrx_word' id='word_1_296' title='bbox 1054 1705 1181 1737; x_wconf 78' lang='lat' dir='ltr'>nonita</span> <span class='ocrx_word' id='word_1_297' title='bbox 1196 1702 1225 1737; x_wconf 90' lang='lat' dir='ltr'>se</span> <span class='ocrx_word' id='word_1_298' title='bbox 1247 1701 1368 1737; x_wconf 80' lang='lat' dir='ltr'>habere</span> <span class='ocrx_word' id='word_1_299' title='bbox 1382 1704 1415 1736; x_wconf 92' lang='lat' dir='ltr'>in</span> <span class='ocrx_word' id='word_1_300' title='bbox 1434 1701 1515 1735; x_wconf 86' lang='lat' dir='ltr'>illius</span> <span class='ocrx_word' id='word_1_301' title='bbox 1532 1701 1761 1749; x_wconf 77' lang='lat' dir='ltr'>propositionis</span> 
     </span>
     <span class='ocr_line' id='line_1_31' title="bbox 370 1750 1771 1800; baseline 0.001 -17"><span class='ocrx_word' id='word_1_302' title='bbox 370 1752 580 1797; x_wconf 77' lang='lat' dir='ltr'>perceptione</span> <span class='ocrx_word' id='word_1_303' title='bbox 591 1752 799 1786; x_wconf 72' lang='lat' dir='ltr'>manifestum</span> <span class='ocrx_word' id='word_1_304' title='bbox 810 1752 937 1786; x_wconf 83' lang='lat' dir='ltr'>videtur</span> <span class='ocrx_word' id='word_1_305' title='bbox 950 1753 1149 1798; x_wconf 83' lang='lat' dir='ltr'>experientia</span> <span class='ocrx_word' id='word_1_306' title='bbox 1160 1780 1169 1794; x_wconf 91' lang='lat'>,</span> <span class='ocrx_word' id='word_1_307' title='bbox 1188 1763 1262 1786; x_wconf 84' lang='lat' dir='ltr'>curn</span> <span class='ocrx_word' id='word_1_308' title='bbox 1288 1751 1377 1786; x_wconf 85' lang='lat' dir='ltr'>athei</span> <span class='ocrx_word' id='word_1_309' title='bbox 1392 1752 1546 1786; x_wconf 82' lang='lat' dir='ltr'>terminos</span> <span class='ocrx_word' id='word_1_310' title='bbox 1565 1750 1771 1800; x_wconf 82' lang='lat' dir='ltr'>intelligant,-</span> 
     </span>
     <span class='ocr_line' id='line_1_32' title="bbox 371 1798 1134 1847; baseline 0.005 -16"><span class='ocrx_word' id='word_1_311' title='bbox 371 1810 431 1831; x_wconf 88' lang='lat' dir='ltr'>nec</span> <span class='ocrx_word' id='word_1_312' title='bbox 449 1810 560 1833; x_wconf 78' lang='lat' dir='ltr'>tamen</span> <span class='ocrx_word' id='word_1_313' title='bbox 576 1803 685 1834; x_wconf 86' lang='lat' dir='ltr'>Deum</span> <span class='ocrx_word' id='word_1_314' title='bbox 696 1801 826 1834; x_wconf 84' lang='lat' dir='ltr'>existere</span> <span class='ocrx_word' id='word_1_315' title='bbox 846 1798 902 1834; x_wconf 84' lang='lat' dir='ltr'>fibi</span> <span class='ocrx_word' id='word_1_316' title='bbox 914 1799 1134 1847; x_wconf 81' lang='lat' dir='ltr'>persuadeant.</span> 
     </span>
    </p>

    <p class='ocr_par' dir='ltr' id='par_1_7' title="bbox 371 1846 1760 2189">
     <span class='ocr_line' id='line_1_33' title="bbox 409 1846 1757 1897; baseline 0.001 -16"><span class='ocrx_word' id='word_1_317' title='bbox 409 1846 491 1881; x_wconf 77' lang='lat' dir='ltr'>Illud</span> <span class='ocrx_word' id='word_1_318' title='bbox 510 1860 619 1883; x_wconf 84' lang='lat' dir='ltr'>tamen</span> <span class='ocrx_word' id='word_1_319' title='bbox 633 1848 724 1883; x_wconf 75' lang='lat' dir='ltr'>statui</span> <span class='ocrx_word' id='word_1_320' title='bbox 736 1848 842 1897; x_wconf 83' lang='lat' dir='ltr'>potest</span> <span class='ocrx_word' id='word_1_321' title='bbox 859 1877 869 1892; x_wconf 86' lang='lat'>‚</span> <span class='ocrx_word' id='word_1_322' title='bbox 897 1850 1042 1882; x_wconf 85' lang='lat' dir='ltr'>innatam</span> <span class='ocrx_word' id='word_1_323' title='bbox 1059 1847 1212 1883; x_wconf 88' lang='lat' dir='ltr'>omnibus</span> <span class='ocrx_word' id='word_1_324' title='bbox 1228 1847 1288 1884; x_wconf 71' lang='lat' dir='ltr'>effe</span> <span class='ocrx_word' id='word_1_325' title='bbox 1304 1850 1369 1885; x_wconf 88' lang='lat' dir='ltr'>Dei</span> <span class='ocrx_word' id='word_1_326' title='bbox 1396 1851 1566 1884; x_wconf 86' lang='lat' dir='ltr'>notionem</span> <span class='ocrx_word' id='word_1_327' title='bbox 1585 1878 1595 1893; x_wconf 92' lang='lat'>,</span> <span class='ocrx_word' id='word_1_328' title='bbox 1619 1849 1672 1883; x_wconf 90' lang='lat' dir='ltr'>sed</span> <span class='ocrx_word' id='word_1_329' title='bbox 1689 1862 1757 1884; x_wconf 87' lang='lat' dir='ltr'>non</span> 
     </span>
     <span class='ocr_line' id='line_1_34' title="bbox 371 1896 1759 1946; baseline 0.001 -16"><span class='ocrx_word' id='word_1_330' title='bbox 371 1897 417 1930; x_wconf 84' lang='lat' dir='ltr'>ita</span> <span class='ocrx_word' id='word_1_331' title='bbox 430 1896 651 1940; x_wconf 84' lang='lat' dir='ltr'>evolutam,&amp;</span> <span class='ocrx_word' id='word_1_332' title='bbox 664 1898 906 1946; x_wconf 87' lang='lat' dir='ltr'>explicatam,ut</span> <span class='ocrx_word' id='word_1_333' title='bbox 921 1900 1103 1933; x_wconf 80' lang='lat' dir='ltr'>attentione</span> <span class='ocrx_word' id='word_1_334' title='bbox 1115 1897 1224 1945; x_wconf 86' lang='lat' dir='ltr'>aliqua</span> <span class='ocrx_word' id='word_1_335' title='bbox 1236 1911 1302 1933; x_wconf 87' lang='lat' dir='ltr'>non</span> <span class='ocrx_word' id='word_1_336' title='bbox 1317 1898 1470 1946; x_wconf 78' lang='lat' dir='ltr'>indigeat.</span> <span class='ocrx_word' id='word_1_337' title='bbox 1489 1899 1573 1944; x_wconf 83' lang='lat' dir='ltr'>Qae</span> <span class='ocrx_word' id='word_1_338' title='bbox 1589 1896 1630 1932; x_wconf 89' lang='lat' dir='ltr'>ab</span> <span class='ocrx_word' id='word_1_339' title='bbox 1644 1897 1759 1933; x_wconf 86' lang='lat' dir='ltr'>Atheis</span> 
     </span>
     <span class='ocr_line' id='line_1_35' title="bbox 372 1944 1760 1995; baseline 0.002 -17"><span class='ocrx_word' id='word_1_340' title='bbox 372 1947 406 1979; x_wconf 91' lang='lat' dir='ltr'>in</span> <span class='ocrx_word' id='word_1_341' title='bbox 418 1945 666 1981; x_wconf 74' lang='lat' dir='ltr'>controversiam</span> <span class='ocrx_word' id='word_1_342' title='bbox 686 1958 845 1981; x_wconf 76' lang='lat' dir='ltr'>vocantur</span> <span class='ocrx_word' id='word_1_343' title='bbox 862 1976 871 1989; x_wconf 86' lang='lat'>,</span> <span class='ocrx_word' id='word_1_344' title='bbox 893 1958 930 1981; x_wconf 84' lang='lat' dir='ltr'>ea</span> <span class='ocrx_word' id='word_1_345' title='bbox 940 1948 1073 1982; x_wconf 89' lang='lat' dir='ltr'>minime</span> <span class='ocrx_word' id='word_1_346' title='bbox 1082 1946 1224 1995; x_wconf 86' lang='lat' dir='ltr'>probant</span> <span class='ocrx_word' id='word_1_347' title='bbox 1240 1944 1448 1982; x_wconf 77' lang='lat' dir='ltr'>informatam</span> <span class='ocrx_word' id='word_1_348' title='bbox 1473 1948 1586 1982; x_wconf 86' lang='lat' dir='ltr'>animis</span> <span class='ocrx_word' id='word_1_349' title='bbox 1600 1946 1716 1980; x_wconf 88' lang='lat' dir='ltr'>nostris</span> <span class='ocrx_word' id='word_1_350' title='bbox 1739 1945 1760 1981; x_wconf 72' lang='grc' dir='ltr'>ὲ</span> 
     </span>
     <span class='ocr_line' id='line_1_36' title="bbox 372 1993 1760 2043; baseline 0.002 -15"><span class='ocrx_word' id='word_1_351' title='bbox 372 2006 486 2028; x_wconf 80' lang='lat' dir='ltr'>natura</span> <span class='ocrx_word' id='word_1_352' title='bbox 504 2007 570 2029; x_wconf 88' lang='lat' dir='ltr'>non</span> <span class='ocrx_word' id='word_1_353' title='bbox 582 1993 643 2029; x_wconf 82' lang='lat' dir='ltr'>eise</span> <span class='ocrx_word' id='word_1_354' title='bbox 659 1997 823 2043; x_wconf 78' lang='lat' dir='ltr'>quandam</span> <span class='ocrx_word' id='word_1_355' title='bbox 835 1997 1016 2030; x_wconf 81' lang='lat' dir='ltr'>divinitatis</span> <span class='ocrx_word' id='word_1_356' title='bbox 1026 1998 1191 2031; x_wconf 75' lang='lat' dir='ltr'>notitiam.</span> <span class='ocrx_word' id='word_1_357' title='bbox 1209 1996 1311 2030; x_wconf 89' lang='lat' dir='ltr'>Unde</span> <span class='ocrx_word' id='word_1_358' title='bbox 1329 1998 1438 2031; x_wconf 80' lang='lat' dir='ltr'>Patres</span> <span class='ocrx_word' id='word_1_359' title='bbox 1453 2007 1537 2043; x_wconf 87' lang='lat' dir='ltr'>pene</span> <span class='ocrx_word' id='word_1_360' title='bbox 1558 2006 1671 2029; x_wconf 85' lang='lat' dir='ltr'>omnes</span> <span class='ocrx_word' id='word_1_361' title='bbox 1689 2023 1698 2037; x_wconf 92' lang='lat'>‚</span> <span class='ocrx_word' id='word_1_362' title='bbox 1725 1999 1760 2031; x_wconf 90' lang='lat'>&amp;</span> 
     </span>
     <span class='ocr_line' id='line_1_37' title="bbox 373 2041 1759 2090; baseline -0.001 -12"><span class='ocrx_word' id='word_1_363' title='bbox 373 2042 542 2078; x_wconf 83' lang='lat' dir='ltr'>Aiiselmus</span> <span class='ocrx_word' id='word_1_364' title='bbox 563 2046 721 2089; x_wconf 82' lang='lat' dir='ltr'>imprimis</span> <span class='ocrx_word' id='word_1_365' title='bbox 735 2045 938 2079; x_wconf 85' lang='lat' dir='ltr'>contendunt</span> <span class='ocrx_word' id='word_1_366' title='bbox 955 2056 1011 2090; x_wconf 88' lang='lat' dir='ltr'>per</span> <span class='ocrx_word' id='word_1_367' title='bbox 1024 2044 1054 2078; x_wconf 88' lang='lat' dir='ltr'>se</span> <span class='ocrx_word' id='word_1_368' title='bbox 1068 2041 1185 2079; x_wconf 82' lang='lat' dir='ltr'>not&#39;um</span> <span class='ocrx_word' id='word_1_369' title='bbox 1195 2045 1256 2079; x_wconf 81' lang='lat' dir='ltr'>effe</span> <span class='ocrx_word' id='word_1_370' title='bbox 1274 2074 1283 2088; x_wconf 85' lang='lat'>,</span> <span class='ocrx_word' id='word_1_371' title='bbox 1307 2048 1417 2080; x_wconf 90' lang='lat' dir='ltr'>Deum</span> <span class='ocrx_word' id='word_1_372' title='bbox 1431 2044 1580 2085; x_wconf 80' lang='lat' dir='ltr'>existere,</span> <span class='ocrx_word' id='word_1_373' title='bbox 1597 2041 1672 2077; x_wconf 75' lang='lat' dir='ltr'>cum</span> <span class='ocrx_word' id='word_1_374' title='bbox 1691 2045 1759 2077; x_wconf 90' lang='lat' dir='ltr'>Dei</span> 
     </span>
     <span class='ocr_line' id='line_1_38' title="bbox 373 2090 1758 2141; baseline -0.001 -15"><span class='ocrx_word' id='word_1_375' title='bbox 373 2093 508 2126; x_wconf 84' lang='lat' dir='ltr'>nomine</span> <span class='ocrx_word' id='word_1_376' title='bbox 528 2092 744 2139; x_wconf 78' lang='lat' dir='ltr'>intelligamus</span> <span class='ocrx_word' id='word_1_377' title='bbox 755 2093 788 2125; x_wconf 89' lang='lat' dir='ltr'>id</span> <span class='ocrx_word' id='word_1_378' title='bbox 807 2105 873 2138; x_wconf 88' lang='lat' dir='ltr'>quo</span> <span class='ocrx_word' id='word_1_379' title='bbox 888 2092 969 2126; x_wconf 90' lang='lat' dir='ltr'>nihil</span> <span class='ocrx_word' id='word_1_380' title='bbox 989 2092 1104 2127; x_wconf 86' lang='lat' dir='ltr'>melius</span> <span class='ocrx_word' id='word_1_381' title='bbox 1120 2095 1297 2140; x_wconf 79' lang='lat' dir='ltr'>excogitati</span> <span class='ocrx_word' id='word_1_382' title='bbox 1312 2092 1427 2141; x_wconf 85' lang='lat' dir='ltr'>potest.</span> <span class='ocrx_word' id='word_1_383' title='bbox 1447 2092 1548 2139; x_wconf 80' lang='lat' dir='ltr'>quue</span> <span class='ocrx_word' id='word_1_384' title='bbox 1568 2090 1589 2127; x_wconf 75' lang='lat' dir='ltr'>st</span> <span class='ocrx_word' id='word_1_385' title='bbox 1608 2105 1674 2127; x_wconf 88' lang='lat' dir='ltr'>non</span> <span class='ocrx_word' id='word_1_386' title='bbox 1692 2093 1758 2126; x_wconf 83' lang='lat' dir='ltr'>exi-</span> 
     </span>
     <span class='ocr_line' id='line_1_39' title="bbox 373 2140 1332 2189; baseline 0.004 -16"><span class='ocrx_word' id='word_1_387' title='bbox 373 2140 432 2174; x_wconf 81' lang='lat' dir='ltr'>st&#39;at</span> <span class='ocrx_word' id='word_1_388' title='bbox 443 2156 451 2183; x_wconf 62' lang='lat'>3</span> <span class='ocrx_word' id='word_1_389' title='bbox 462 2153 526 2174; x_wconf 85' lang='lat' dir='ltr'>non</span> <span class='ocrx_word' id='word_1_390' title='bbox 541 2143 600 2174; x_wconf 88' lang='lat' dir='ltr'>erit</span> <span class='ocrx_word' id='word_1_391' title='bbox 615 2142 646 2175; x_wconf 88' lang='lat' dir='ltr'>id</span> <span class='ocrx_word' id='word_1_392' title='bbox 660 2154 727 2188; x_wconf 89' lang='lat' dir='ltr'>quo</span> <span class='ocrx_word' id='word_1_393' title='bbox 742 2140 820 2175; x_wconf 79' lang='lat' dir='ltr'>nihil</span> <span class='ocrx_word' id='word_1_394' title='bbox 832 2140 1005 2188; x_wconf 71' lang='lat' dir='ltr'>perfeffius</span> <span class='ocrx_word' id='word_1_395' title='bbox 1016 2143 1127 2176; x_wconf 79' lang='lat' dir='ltr'>animo</span> <span class='ocrx_word' id='word_1_396' title='bbox 1140 2144 1332 2189; x_wconf 85' lang='lat' dir='ltr'>concipitur.</span> 
     </span>
    </p>

    <p class='ocr_par' dir='ltr' id='par_1_8' title="bbox 374 2188 1768 2438">
     <span class='ocr_line' id='line_1_40' title="bbox 422 2188 1768 2240; baseline 0.002 -18"><span class='ocrx_word' id='word_1_397' title='bbox 422 2189 644 2236; x_wconf 80' lang='lat' dir='ltr'>Qaestionem</span> <span class='ocrx_word' id='word_1_398' title='bbox 659 2189 737 2224; x_wconf 79' lang='lat' dir='ltr'>veto</span> <span class='ocrx_word' id='word_1_399' title='bbox 751 2188 789 2224; x_wconf 88' lang='lat' dir='ltr'>sic</span> <span class='ocrx_word' id='word_1_400' title='bbox 811 2188 942 2224; x_wconf 84' lang='lat' dir='ltr'>resolvit</span> <span class='ocrx_word' id='word_1_401' title='bbox 954 2190 1135 2225; x_wconf 84' lang='lat' dir='ltr'>Ludovicus</span> <span class='ocrx_word' id='word_1_402' title='bbox 1152 2190 1386 2228; x_wconf 73' lang='lat' dir='ltr'>Thomaffinus.</span> <span class='ocrx_word' id='word_1_403' title='bbox 1409 2191 1640 2240; x_wconf 80' lang='lat' dir='ltr'>Propofitionis</span> <span class='ocrx_word' id='word_1_404' title='bbox 1658 2203 1713 2238; x_wconf 91' lang='lat' dir='ltr'>per</span> <span class='ocrx_word' id='word_1_405' title='bbox 1727 2189 1768 2226; x_wconf 37' lang='lat' dir='ltr'>se*</span> 
     </span>
     <span class='ocr_line' id='line_1_41' title="bbox 374 2238 1758 2289; baseline 0 -18"><span class='ocrx_word' id='word_1_406' title='bbox 374 2249 459 2272; x_wconf 79' lang='lat' dir='ltr'>norae</span> <span class='ocrx_word' id='word_1_407' title='bbox 469 2239 577 2285; x_wconf 78' lang='lat' dir='ltr'>quoad</span> <span class='ocrx_word' id='word_1_408' title='bbox 594 2252 651 2274; x_wconf 84' lang='lat' dir='ltr'>nos</span> <span class='ocrx_word' id='word_1_409' title='bbox 667 2239 786 2286; x_wconf 80' lang='lat' dir='ltr'>duplex</span> <span class='ocrx_word' id='word_1_410' title='bbox 797 2239 839 2273; x_wconf 89' lang='lat' dir='ltr'>est</span> <span class='ocrx_word' id='word_1_411' title='bbox 852 2238 953 2274; x_wconf 84' lang='lat' dir='ltr'>sensus</span> <span class='ocrx_word' id='word_1_412' title='bbox 965 2266 974 2281; x_wconf 89' lang='lat'><strong>,</strong></span> <span class='ocrx_word' id='word_1_413' title='bbox 990 2238 1097 2286; x_wconf 77' lang='lat' dir='ltr'>primo</span> <span class='ocrx_word' id='word_1_414' title='bbox 1119 2250 1154 2272; x_wconf 81' lang='lat' dir='ltr'>iit</span> <span class='ocrx_word' id='word_1_415' title='bbox 1166 2241 1310 2288; x_wconf 80' lang='lat' dir='ltr'>indigeat</span> <span class='ocrx_word' id='word_1_416' title='bbox 1323 2238 1386 2273; x_wconf 80' lang='lat' dir='ltr'>sola</span> <span class='ocrx_word' id='word_1_417' title='bbox 1398 2243 1607 2276; x_wconf 84' lang='lat' dir='ltr'>terminorum</span> <span class='ocrx_word' id='word_1_418' title='bbox 1618 2239 1758 2289; x_wconf 80' lang='lat' dir='ltr'>explica-</span> 
     </span>
     <span class='ocr_line' id='line_1_42' title="bbox 375 2287 1757 2336; baseline 0.002 -17"><span class='ocrx_word' id='word_1_419' title='bbox 375 2289 464 2320; x_wconf 89' lang='lat' dir='ltr'>tione</span> <span class='ocrx_word' id='word_1_420' title='bbox 475 2316 483 2329; x_wconf 90' lang='lat'>,</span> <span class='ocrx_word' id='word_1_421' title='bbox 499 2291 533 2322; x_wconf 67' lang='grc' dir='ltr'>ὅ(</span> <span class='ocrx_word' id='word_1_422' title='bbox 547 2287 651 2322; x_wconf 73' lang='lat' dir='ltr'>statim</span> <span class='ocrx_word' id='word_1_423' title='bbox 668 2288 871 2322; x_wconf 45' lang='lat' dir='ltr'>intellectum</span> <span class='ocrx_word' id='word_1_424' title='bbox 883 2289 984 2335; x_wconf 78' lang='lat' dir='ltr'>rapiat</span> <span class='ocrx_word' id='word_1_425' title='bbox 992 2290 1024 2322; x_wconf 89' lang='lat' dir='ltr'>in</span> <span class='ocrx_word' id='word_1_426' title='bbox 1041 2287 1084 2323; x_wconf 87' lang='lat' dir='ltr'>sui</span> <span class='ocrx_word' id='word_1_427' title='bbox 1102 2287 1262 2323; x_wconf 65' lang='lat' dir='ltr'>assensum.</span> <span class='ocrx_word' id='word_1_428' title='bbox 1275 2289 1354 2333; x_wconf 81' lang='lat' dir='ltr'>Qio</span> <span class='ocrx_word' id='word_1_429' title='bbox 1369 2289 1501 2335; x_wconf 80' lang='lat' dir='ltr'>quidem</span> <span class='ocrx_word' id='word_1_430' title='bbox 1515 2290 1616 2324; x_wconf 87' lang='lat' dir='ltr'>modo</span> <span class='ocrx_word' id='word_1_431' title='bbox 1631 2302 1667 2323; x_wconf 85' lang='lat' dir='ltr'>ea</span> <span class='ocrx_word' id='word_1_432' title='bbox 1681 2295 1757 2336; x_wconf 74' lang='lat' dir='ltr'>pro-</span> 
     </span>
     <span class='ocr_line' id='line_1_43' title="bbox 374 2333 1756 2384; baseline 0.004 -16"><span class='ocrx_word' id='word_1_433' title='bbox 374 2333 489 2379; x_wconf 64' lang='lat' dir='ltr'>pontio</span> <span class='ocrx_word' id='word_1_434' title='bbox 504 2335 628 2369; x_wconf 70' lang='lat' dir='ltr'>videtur</span> <span class='ocrx_word' id='word_1_435' title='bbox 646 2349 701 2384; x_wconf 81' lang='lat' dir='ltr'>per</span> <span class='ocrx_word' id='word_1_436' title='bbox 719 2335 749 2370; x_wconf 89' lang='lat' dir='ltr'>se</span> <span class='ocrx_word' id='word_1_437' title='bbox 761 2348 849 2372; x_wconf 78' lang='lat' dir='ltr'>nota.</span> <span class='ocrx_word' id='word_1_438' title='bbox 861 2338 940 2372; x_wconf 92' lang='lat' dir='ltr'>Non</span> <span class='ocrx_word' id='word_1_439' title='bbox 954 2338 1040 2371; x_wconf 85' lang='lat' dir='ltr'>enim</span> <span class='ocrx_word' id='word_1_440' title='bbox 1055 2339 1158 2371; x_wconf 70' lang='lat' dir='ltr'>minvs</span> <span class='ocrx_word' id='word_1_441' title='bbox 1174 2336 1370 2384; x_wconf 83' lang='lat' dir='ltr'>perspicuum</span> <span class='ocrx_word' id='word_1_442' title='bbox 1390 2338 1436 2371; x_wconf 89' lang='lat' dir='ltr'>est</span> <span class='ocrx_word' id='word_1_443' title='bbox 1451 2350 1506 2374; x_wconf 80' lang='lat' dir='ltr'>cns</span> <span class='ocrx_word' id='word_1_444' title='bbox 1521 2338 1703 2380; x_wconf 81' lang='lat' dir='ltr'>summum,</span> <span class='ocrx_word' id='word_1_445' title='bbox 1721 2341 1756 2373; x_wconf 90' lang='lat'>&amp;</span> 
     </span>
     <span class='ocr_line' id='line_1_44' title="bbox 375 2383 1757 2438; baseline 0.004 -24"><span class='ocrx_word' id='word_1_446' title='bbox 375 2384 425 2415; x_wconf 83' lang='lat' dir='ltr'>cui</span> <span class='ocrx_word' id='word_1_447' title='bbox 439 2383 516 2418; x_wconf 86' lang='lat' dir='ltr'>nihil</span> <span class='ocrx_word' id='word_1_448' title='bbox 530 2384 774 2431; x_wconf 49' lang='lat' dir='ltr'>deestyexisterq</span> <span class='ocrx_word' id='word_1_449' title='bbox 793 2384 893 2433; x_wconf 69' lang='lat' dir='ltr'>quam</span> <span class='ocrx_word' id='word_1_450' title='bbox 908 2384 1068 2420; x_wconf 86' lang='lat' dir='ltr'>binarium</span> <span class='ocrx_word' id='word_1_451' title='bbox 1088 2383 1148 2437; x_wconf 67' lang='lat' dir='ltr'>esse</span> <span class='ocrx_word' id='word_1_452' title='bbox 1164 2397 1331 2423; x_wconf 81' lang='lat' dir='ltr'>numerum</span> <span class='ocrx_word' id='word_1_453' title='bbox 1345 2390 1598 2438; x_wconf 32' lang='lat' dir='ltr'>parem-‘Neque</span> <span class='ocrx_word' id='word_1_454' title='bbox 1606 2399 1665 2426; x_wconf 77' lang='lat' dir='ltr'>rios</span> <span class='ocrx_word' id='word_1_455' title='bbox 1682 2398 1757 2422; x_wconf 84' lang='lat' dir='ltr'>nio-</span> 
     </span>
    </p>

    <p class='ocr_par' dir='ltr' id='par_1_9' title="bbox 1694 2444 1752 2469">
     <span class='ocr_line' id='line_1_45' title="bbox 1694 2444 1752 2469; baseline 0.034 -2"><span class='ocrx_word' id='word_1_456' title='bbox 1694 2444 1752 2469; x_wconf 78' lang='lat' dir='ltr'>tan</span> 
     </span>
    </p>
   </div>
  </div>
 </body>
</html>
