1857 2745
490 121 558 155 DE
606 118 1101 155 PRAEDICAMENTIS.
1431 136 1442 157 1

79 178 175 210 ‘natur
183 170 227 205 ab
241 167 502 211 illuminatione,
517 179 643 203 creator
656 167 677 203 ἐι
697 171 863 203 creatione
878 183 886 204 ε
917 180 1104 216 quanquam
1125 169 1248 202 creatio
1265 167 1346 218 ipsa
1358 137 1475 207 rinnel}

82 221 187 259 forma
198 248 209 263 ‚
222 219 275 254 vel
287 221 402 254 entitas
415 246 430 262 ,r
442 231 514 266 qua:
528 220 603 254 Deo
622 216 838 266 superveniat.
860 219 982 265 Neque
999 229 1037 251 ea
1060 230 1096 253 m
1112 228 1256 251 creatura
1281 220 1443 267 excipitur
1459 235 1468 257 :

81 283 152 306 cum
170 272 259 317 prior
272 269 383 304 natura
396 265 431 302 sit
452 280 549 315 quam
565 279 613 300 res
631 279 739 301 creata
757 282 764 303 :
792 267 875 301 adeo
892 278 929 301 ut
945 267 1023 301 hinc
1035 267 1160 314 liquere
1187 265 1283 314 possit
1304 269 1470 305 afflonem

81 316 222 356 nonielse
242 316 374 364 qnid-ab
386 328 502 365 agente
517 316 706 350 distinctum.
731 317 794 350 Sed
810 317 850 350 de
869 316 920 352 his
933 316 998 350 alio
1015 315 1102 351 loco.

111 366 256 404 Definiri
268 366 349 400 solet
360 368 465 409 aetio,
480 367 569 401 aetus
585 367 709 413 agentis
723 394 733 409 ,
759 378 795 400 ut
806 378 903 413 agens
917 365 959 399 est
974 379 980 400 :
996 377 1030 400 ut
1041 363 1139 414 passio
1150 366 1292 401 estaehis
1305 369 1470 415 patientis,

79 428 116 452 ut
129 418 252 464 patiens
266 415 319 450 est.
337 414 522 450 Aristoteles
532 416 695 449 actionem
707 413 821 449 definit
835 415 940 448 astum
964 414 1058 457 hujus
1073 417 1106 448 in
1121 415 1177 450 hoc
1190 442 1198 453 ,
1222 428 1257 450 ut
1271 416 1469 452 illuminatio

79 467 186 501 adtiva
201 465 248 499 est
258 465 346 499 actus
359 463 430 499 solis
449 467 482 499 in
497 467 616 499 aerem.
631 464 733 499 Paslio
751 462 794 497 ab
813 464 931 497 eodem
949 462 1100 498 definitur
1117 464 1203 497 astus
1219 465 1313 507 hujus
1334 465 1374 499 ab
1391 466 1468 505 hoc,

78 513 323 551 ut,illuminatio
335 512 452 561 paffiva
464 513 511 547 est
526 515 615 547 actus
635 515 713 547 ae‘rls
727 513 747 548 ἐι
761 511 835 549 sole.
845 515 925 549 Uno
941 511 1053 555 verbo,
1067 524 1102 546 ut
1117 524 1166 546 res
1176 511 1402 549 denominatur
1422 515 1468 550 lu-

76 563 150 598 cida
165 562 186 598 ὲ
204 562 293 604 luce,
316 561 369 596 seu
389 562 409 598 a
431 562 587 609 qualitate
599 591 608 606 ‚
628 560 666 596 sic
690 562 916 597 denominatur
938 573 1035 610 agens
1053 560 1095 595 ab
1105 563 1234 596 afflone
1255 576 1264 598 :
1280 562 1466 599 illuminans

78 625 110 649 v.
127 625 158 660 g.
169 611 282 645 dicitur
295 610 337 644 ab
350 610 590 646 illuminatione
605 625 612 646 ε
628 622 664 646 ut
687 611 736 646 lux
756 612 776 647 ὲ.
789 611 854 645 sole
872 611 1055 660 egreditur,
1074 612 1160 646 actio
1174 610 1288 645 dicitur
1304 627 1314 653 ·‚
1336 624 1372 647 ut
1385 615 1468 647 reci..

77 663 165 710 pitur
179 662 213 695 in
223 662 295 695 a'c're
307 687 318 705 ‚
342 660 386 694 est
398 658 503 710 paffio
513 690 525 707 ‚
549 673 618 709 quae
635 660 716 696 nihil
727 661 773 696 est
787 659 844 697 nisi
857 662 1005 710 receptio
1023 659 1137 695 formae
1164 659 1327 711 produ&
1347 663 1381 698 in
1393 661 1467 697 sub-

74 714 110 758 je
117 711 184 745 cto.
1152 719 1156 721 ⁴
1283 747 1287 751 ,

120 760 220 794 Αᾶίο
231 763 265 796 &
275 757 377 808 paffio
390 770 428 794 ex
446 759 620 795 Aristotele
639 772 704 796 non
721 763 824 809 magis
841 762 926 796 inter
940 759 970 794 se
983 759 1139 796 differunt
1153 789 1164 804 ,
1182 762 1422 808 quamacclive
1433 768 1471 800 δέ

77 807 206 843 declive
224 823 232 844 ;
257 819 312 843 aut
328 811 382 842 via
399 821 469 856 quae
481 809 571 843 ducit
581 809 716 844 Athenis
726 809 861 845 Thebas
871 839 885 854 ‚⁷
893 808 935 844 ab
946 822 983 844 ea
993 823 1062 857 quae
1071 810 1160 844 ducit
1168 812 1295 847 Thebis
1312 814 1468 849 Athenas:

76 856 197 892 scilicet
207 861 297 904 juxta
307 856 446 891 diversos
457 857 617 906 respectus
630 860 714 893 inter
725 858 755 893 se
766 857 927 894 differunt.
941 860 1038 894 Aetio
1051 861 1139 893 enim
1150 860 1231 895 nihil
1243 862 1288 896 est
1304 862 1362 901 nifi
1370 874 1468 911 agens

76 917 116 940 ut:v
133 904 238 941 influit
248 909 280 940 in
296 907 469 940 terminum
481 935 490 948 ‚
503 906 556 941 vel
575 905 747 950 effectum
763 918 819 941 aut
839 910 995 942 terminus
1008 907 1072 955 ipse
1086 936 1104 950 ,A
1118 919 1153 942 ut
1174 911 1294 956 pendet
1309 911 1351 946 ab
1369 923 1469 960 agen-

78 965 122 991 te.
139 956 239 990 Actio
253 956 351 1003 priori
363 955 466 990 modo
479 953 604 1002 sumpta
614 982 623 996 ,
636 968 756 1004 nempe
772 966 980 1004 pro-agente,
1001 967 1158 1003 quatenus
1170 957 1216 991 est
1235 971 1331 1007 agens
1343 989 1353 1003 ‚
1368 960 1479 995 abeo

76 1016 148 1038 non
167 1003 392 1051 distinguitur,
417 1005 465 1037 uti
483 1007 548 1051 jam
567 1005 738 1041 innuimus,
762 1005 850 1039 Cum
865 1015 977 1040 autem
989 1003 1124 1039 sumitur
1142 1018 1200 1052 pro
1214 1010 1373 1052 termino,
1385 1021 1467 1056 qua-

77 1062 171 1086 tenus
190 1052 313 1100 pendet
321 1050 512 1099 ahagente‚
531 1063 600 1086 tum
618 1051 722 1100 saepius
742 1051 844 1086 abeo
859 1052 1063 1100 distinguitur
1081 1080 1091 1094 ‚
1113 1064 1145 1086 ut
1163 1053 1296 1089 effectus
1319 1056 1340 1091 a
1355 1057 1466 1100 causa,

77 1111 212 1147 tumque
231 1101 346 1139 nonin
356 1111 493 1147 agente,
513 1098 564 1134 sed
584 1102 618 1134 in
641 1102 786 1148 patiente
808 1101 973 1149 recipitur.
995 1104 1117 1136 Verum
1142 1101 1202 1135 ista
1226 1102 1356 1140 uberius
1371 1118 1467 1141 erunt

77 1149 270 1184 excutienda
281 1176 291 1193 ,
305 1160 384 1182 cum*
394 1148 434 1183 de
449 1147 539 1183 causa
552 1147 713 1183 efficiente
723 1161 879 1198 agemus..

111 1199 260 1234 Aetionis
276 1199 372 1232 varix
386 1197 458 1232 sunt
472 1196 655 1233 divisiones.
675 1201 838 1248 Praecipua
863 1199 962 1234 estin
986 1200 1150 1236 actionem
1165 1203 1412 1246 immanentem,
1431 1208 1466 1240 ἃ

76 1246 294 1283 transeuntem
313 1246 589 1283 :illanihilextra
603 1259 700 1296 agens
714 1260 880 1297 procreat,
898 1260 933 1283 ut
947 1247 1045 1293 visio,
1064 1253 1229 1299 cognitio,
1250 1263 1340 1286 amor
1356 1281 1366 1295 ‚
1391 1265 1463 1299 quat

77 1295 148 1332 sunt
162 1299 194 1332 in
205 1295 636 1344 vidente‚cognoscente,vel
651 1297 878 1342 amante-‚haec
887 1310 966 1332 vero
986 1310 1078 1333 extra
1096 1312 1193 1347 agens
1213 1300 1332 1347 aliquid
1354 1299 1464 1345 efficit,

78 1356 116 1380 ut
134 1345 371 1389 calefactinel
382 1345 590 1390 illuminatio5
607 1345 662 1382 illa
677 1346 900 1393 intrinsecam,
916 1347 982 1383 hoec
996 1360 1074 1385 vero
1083 1348 1297 1385 extrinsecam
1307 1353 1355 1384 rei
1368 1349 1463 1386 affert

75 1397 304 1431 mutationem.

66 1457 70 1460 ’
631 1447 666 1481 V
666 1445 699 1482 b'i
719 1446 759 1482 (ῥ’
779 1446 930 1494 quando..

112 1541 182 1578 vbi
196 1543 238 1578 est
249 1543 281 1578 id
291 1556 357 1591 quo
366 1556 414 1578 res
425 1543 608 1579 formaliter
616 1545 649 1578 in
658 1544 734 1579 loco
745 1541 807 1577 esse
815 1544 994 1590 concipitur
1007 1554 1061 1579 :ut
1073 1545 1198 1589 quando
1212 1572 1217 1580 .
1238 1545 1268 1578 id
1283 1558 1350 1592 quo
1367 1546 1410 1580 cst
1427 1549 1460 1583 in

77 1592 186 1639 aliqua
196 1594 349 1640 temporis
360 1592 552 1629 differentia.
565 1590 640 1626 'Ubi
652 1592 695 1626 est
709 1590 874 1640 praesentia
884 1594 931 1625 rei
942 1593 977 1626 in
993 1591 1086 1626 loco:
1104 1594 1232 1637 quando
1247 1594 1290 1628 est
1307 1597 1353 1628 rei
1368 1595 1460 1630 dura..

78 1644 127 1676 tio
141 1670 151 1684 ,
174 1640 225 1675 seu
237 1642 387 1676 existendi
402 1640 648 1690 perseverantia.
667 1643 856 1687 Utrumque
873 1640 953 1676 nihil
972 1640 1019 1674 est
1038 1639 1092 1674 nifi
1113 1653 1161 1674 res
1178 1642 1242 1690 ipsa
1260 1670 1270 1681 ,
1301 1655 1459 1691 qnatenus

76 1689 184 1725 locum
201 1719 203 1724 ,
224 1702 280 1725 aut
297 1701 423 1738 ternpus
443 1702 622 1726 connotat..
635 1693 755 1738 Neque
776 1689 811 1724 hi
829 1688 899 1723 sunt
914 1689 1023 1732 modi,
1041 1688 1097 1724 vel
1119 1693 1270 1725 entitates
1289 1704 1366 1739 quae.
1382 1693 1403 1728 ἐι
1425 1706 1460 1729 re

76 1738 143 1787 ipsa
154 1738 398 1788 distinguantur.
409 1742 496 1775 Nam
507 1739 652 1774 detracta
670 1739 723 1774 illa
734 1740 889 1781 entitate,
914 1750 986 1786 quae
997 1738 1111 1773 modus
1127 1741 1176 1772 rei
1189 1739 1379 1775 succrescens
1395 1741 1459 1777 fin-

76 1790 164 1836 gitur
175 1816 185 1831 ,
198 1801 314 1836 corpus
337 1790 396 1822 erit
423 1787 561 1831 alicubi,
587 1794 620 1825 &
641 1790 673 1823 in
687 1788 798 1835 aliquo
809 1798 959 1835 tempore
971 1803 979 1829 3
991 1788 1072 1821 adeo
1086 1798 1121 1821 ut
1130 1789 1248 1822 modus
1263 1789 1318 1823 ille
1331 1791 1458 1825 additus

77 1839 203 1885 corpori
217 1866 226 1880 ,
251 1849 350 1883 quem
363 1835 574 1870 abicationcm
594 1849 715 1872 vocant
727 1866 737 1880 ,
750 1836 785 1871 fit
809 1839 938 1885 penitus
956 1835 1094 1879 inutilis;
1114 1848 1188 1870 cum
1206 1835 1404 1884 impossibile
1417 1838 1459 1874 'lit

77 1898 144 1921 rem
157 1885 217 1920 esse
231 1914 240 1927 ‚
260 1891 293 1922 δε
311 1884 431 1920 nullibi
443 1886 581 1919 existere.
607 1884 889 1932 Cumque,ubires
902 1885 1007 1931 aliqua
1019 1883 1064 1926 sir,
1080 1887 1243 1931 quaerimus
1262 1902 1270 1927 3
1289 1899 1354 1921 non
1371 1887 1460 1922 a'iud

77 1934 177 1982 quarn
188 1936 220 1969 in
233 1947 300 1982 quo
314 1932 350 1969 fit
363 1934 457 1977 loco,
472 1935 664 1982 inquirimus
680 1949 688 1970 ε
713 1935 796 1969 adeo
807 1944 843 1967 ut
858 1932 912 1966 ubi
931 1932 1013 1968 nihil
1033 1933 1118 1967 aliud
1138 1932 1172 1967 fit
1190 1935 1289 1980 quam
1307 1947 1356 1968 res
1373 1935 1436 1984 ipsa
1447 1965 1460 1980 ‚

79 1995 116 2024 ut
127 1983 236 2018 locum
247 1995 403 2019 connotat
417 1997 425 2018 :
446 1996 507 2018 nec
523 1986 696 2031 quicquam
719 1981 902 2018 absolutum
918 1982 1009 2016 addit
1030 1985 1179 2030 corpori,
1199 1983 1252 2018 sed
1267 1984 1459 2022 relationem

79 2030 235 2067 duntaxat
247 2061 256 2077 ,
279 2044 334 2067 aut
352 2035 623 2068 connotationem
643 2032 716 2067 loci.

117 2081 238 2117 Eadem
256 2082 388 2116 estratio
401 2081 664 2130 praedicarnenti,
678 2082 806 2129 quando
823 2096 830 2119 :
845 2095 920 2118 nam
937 2094 971 2117 ut
983 2084 1029 2116 rei
1049 2080 1251 2116 conservatio
1261 2081 1339 2116 nihil
1350 2083 1459 2119 estnisi

78 2135 145 2179 ejus
160 2131 347 2165 continuata
362 2132 531 2179 produffio
544 2148 551 2166 ;
564 2130 602 2166 sic
621 2135 684 2180 ejus
696 2132 823 2165 duratio
834 2160 843 2174 ,
855 2144 912 2179 per
925 2144 1025 2179 quam
1035 2129 1242 2177 respondetur
1254 2131 1292 2164 ad
1307 2133 1458 2177 quaestio-

81 2190 173 2222 nem,
190 2180 317 2225 quando
330 2194 414 2223 ‚non
430 2179 517 2214 aliud
531 2180 687 2228 quiddam
707 2180 749 2213 est
762 2180 862 2227 quum
879 2183 1067 2215 continuata
1093 2178 1173 2213 illius
1193 2180 1353 2214 existentia
1364 2196 1371 2217 :
1384 2195 1456 2229 quae

81 2224 158 2260 licet
167 2226 202 2262 fit
221 2228 388 2263 tota-fimul
402 2234 436 2266 ὃς
448 2230 525 2276 quid
537 2241 728 2277 permanens
745 2258 755 2272 ‚
767 2240 876 2264 tamen
894 2231 991 2263 variis
1005 2230 1156 2275 temporis
1170 2226 1313 2275 partibus
1323 2229 1455 2278 respon-

83 2273 139 2308 det
156 2303 165 2316 ,
179 2280 212 2311 ὃ(
225 2277 272 2312 est
289 2279 366 2323 quid
378 2277 580 2313 successivum
592 2308 601 2321 ,
619 2291 683 2313 non
700 2280 733 2311 in
746 2289 780 2311 re
792 2277 876 2325 ipsa,
890 2277 942 2312 sed
963 2279 1172 2312 connotative
1184 2305 1194 2319 ,
1216 2289 1252 2311 ut
1265 2279 1354 2313 aiunt
1370 2308 1380 2322 ,
1398 2292 1456 2315 aur

82 2322 271 2360 virtualiter.
288 2328 355 2360 Res
371 2339 448 2361 vero
475 2327 651 2376 quandiu&
665 2330 741 2363 Deo
757 2325 960 2364 conservatur
972 2354 986 2371 ,
999 2326 1112 2362 tandiu
1136 2325 1226 2361 durat
1250 2327 1329 2361 citra
1356 2327 1456 2366 ullum

73 2371 221 2412 'modurn
240 2372 493 2421 stiperadditunit,

200 2422 292 2461 Tam,
327 2425 350 2456 I
349 2450 358 2460 .
1261 2427 1293 2460 V
