1857 2745
332 157 401 190 474
763 141 804 175 M
823 142 846 177 E
860 143 892 177 T
909 141 978 177 ΑῬ
996 141 1032 177 H
1047 141 1113 177 Y's
1130 142 1143 176 1
1161 139 1259 177 (34AE

334 192 522 241 quantitatis
538 189 752 240 proprietates
767 187 807 223 sic
831 188 1090 226 demonstrantur
1102 219 1112 235 ‚
1132 188 1218 238 quasi
1230 188 1329 227 essent
1349 199 1399 224 res
1421 187 1600 227 diffiniant.-

875 289 991 325 Terti'a
1011 289 1199 336 Conclufio.1

392 388 530 424 Eiterm
570 392 603 424 δε
623 385 881 436 impenetrabilis
912 385 1053 422 extensio
1075 387 1204 423 realitet
1222 386 1252 424 32-
1265 382 1434 424 substantia
1452 397 1608 434 corporea
1620 384 1746 421 distin«

337 438 445 487 guitur
457 466 465 479 ‚
480 436 542 471 five
557 449 595 471 ea
609 435 645 484 sir
663 436 780 472 modu-
798 464 807 478 ,
821 433 884 470 sive
896 436 1066 473 accidens.·.
1255 480 1260 484 .
1435 470 1437 475 ι
1472 480 1478 482 ‚

380 486 539 519 Probatur
555 485 703 530 conclusto
719 498 757 520 ex
771 486 806 518 iis
818 496 891 531 quae
903 486 934 518 iii
948 484 1078 534 Physica
1104 483 1223 522 demon
1231 484 1412 522 strabimus„
1431 484 1524 520 Nam'
1543 495 1654 530 corpus
1673 481 1751 518 fine·

339 532 397 568 illa
415 531 602 568 extensione
614 532 857 582 impenetrabili
878 534 965 568 secie
977 536 1172 582 concipitur,
1194 538 1263 570 imo
1279 540 1313 572 &
1336 533 1397 569 effe
1419 532 1528 581 potest
1544 544 1601 568 tut
1621 543 1752 581 corpus-

336 581 461 617 Christi
478 585 510 617 in
520 583 718 618 Eucharistia.
745 585 798 617 Sic
811 580 1144 632 exteiifionemipsam
1166 583 1228 620 sine
1242 595 1378 633 corpore
1405 583 1604 630 concipimus
1620 582 1653 616 in
1667 582 1734 630 spa.-

341 633 390 666 tio
403 633 492 666 omni
505 643 641 680 corpore
652 632 862 675 vacuo.Qiii
875 634 974 667 etiam
987 634 1019 667 in
1031 634 1243 668 sacramento
1254 632 1363 668 altaris
1378 628 1518 667 extensio
1529 632 1619 679 panis
1631 632 1739 665 rema-

340 691 424 723 net,
440 678 559 715 sublata
572 680 656 715 illius
671 679 997 717 substantia.Accedit
1010 680 1089 716 illud
1113 680 1447 717 etiamvextensionem
1466 681 1513 714 tei
1539 681 1754 727 incorporeae·

339 725 639 776 convenirepoffe',
654 741 690 768 ut
708 729 846 779 Aiigelo.
864 733 976 776 Itaque
988 729 1085 766 facile
1104 730 1341 776 demonstratur
1359 728 1578 765 extensionem
1594 740 1662 763 non
1673 725 1738 777 effie

341 777 385 811 de
397 779 540 829 corporis
551 775 684 812 essentia
697 808 707 822 ‚
722 785 755 815 ἃ
772 777 814 813 ab
833 778 1018 827 eosepatari
1028 778 1115 828 posse
1126 791 1245 828 ‚datque
1255 779 1338 815 adeo
1350 791 1418 816 non
1441 778 1643 826 cogitatione
1666 787 1737 812 tan·
1747 788 1754 791 ·

346 837 415 861 tum
428 855 438 869 ,
451 825 717 874 ied'reipsa-distin
742 830 794 864 uis
830 872 834 876 .

386 876 508 911 Utrum
527 888 606 910 vero
618 876 699 910 nihil
712 841 749 911 {st
769 875 824 913 nisi
833 875 946 912 modus
961 874 1126 926 corporis,
1143 887 1185 912 an
1202 874 1350 913 accidens
1369 889 1437 912 non
1457 874 1588 910 modale
1599 903 1616 918 ,,
1629 876 1683 910 vix
1698 874 1738 909 il,-

345 923 402 958 lud
421 924 592 970 dijudicare
605 923 774 973 possumus.
786 925 960 961 intelleciu
973 927 1106 972 quidem
1130 922 1303 960 id‘videtur
1333 924 1454 960 facilius
1471 922 1690 958 extensionem
1703 932 1754 958 uti

346 973 482 1008 niodum
498 977 640 1021 corporis
654 976 834 1023 concipere·
858 975 949 1010 Nam
967 974 1012 1009 est
1039 972 1181 1011 extensio
1198 973 1326 1022 alicujus
1341 976 1387 1008 rei
1403 971 1539 1008 extense
1557 999 1566 1014 ,
1589 970 1651 1007 fine
1673 984 1743 1019 qua.-

347 1024 402 1057 vix
419 1022 559 1070 intelligi
577 1023 688 1070 potest.
712 1027 825 1071 Itaque
840 1033 910 1058 tota
927 1023 1012 1058 illius
1033 1025 1118 1058 ratio
1136 1025 1170 1058 in
1195 1035 1236 1057 eo
1253 1024 1380 1057 videtur
1396 1020 1495 1068 posita
1515 1049 1525 1064 ‚
1543 1032 1579 1055 ut
1595 1019 1739 1055 substan-

349 1072 428 1106 tiam
444 1083 635 1119 corpoream
649 1070 768 1106 afficiat
781 1071 968 1115 ,necvfacisle
982 1073 1120 1106 occurrit
1134 1074 1204 1119 quis
1213 1070 1249 1106 sit
1268 1071 1350 1107 illius
1367 1069 1502 1106 effecius
1521 1069 1730 1105 secundarius.
1743 1094 1745 1096 -

349 1121 401 1153 Sic
414 1121 552 1167 impetus
566 1120 608 1154 est
624 1121 783 1163 accidens,
798 1124 885 1167 cujus
898 1119 1032 1155 effeetus
1048 1120 1193 1155 formalis
1205 1126 1239 1158 ὅ(
1251 1119 1450 1155 secundarius
1463 1119 1504 1153 est
1517 1129 1737 1166 motiis,quenii

349 1169 451 1216 exigit
467 1181 474 1203 :
495 1166 594 1215 figura
609 1168 655 1202 est
678 1168 806 1211 modiis,
823 1172 905 1213 cujus
920 1179 990 1202 tota
1008 1171 1091 1203 ratio
1102 1171 1135 1204 in
1153 1169 1216 1205 hoc
1227 1167 1367 1216 consistit
1379 1180 1414 1203 ut
1432 1179 1544 1216 corpus
1564 1170 1716 1202 terminet
1730 1179 1754 1203 τ’

348 1214 402 1250 sed
413 1215 518 1261 nullus
533 1216 579 1250 est
595 1216 728 1253 effeetus
743 1215 935 1252 extensionis
951 1215 1151 1252 secundarius
1162 1246 1171 1261 ‚
1182 1220 1229 1253 uti
1247 1231 1307 1253 nec
1325 1217 1435 1266 figurae
1444 1245 1454 1261 ‚
1466 1215 1674 1251 actotaillius
1689 1228 1739 1251 ra.

352 1265 400 1300 tio
423 1267 455 1299 in
474 1275 520 1299 eo‘
540 1264 641 1313 posita
655 1267 781 1300 videtur
791 1277 825 1300 ut
839 1264 1047 1301 substantiam
1062 1279 1252 1314 corpoream
1266 1267 1429 1302 extendat.
1518 1308 1523 1312 η

392 1316 459 1361 Qii
471 1315 567 1362 igitur
579 1316 612 1350 in
623 1327 659 1349 ea
673 1314 742 1349 sunt
761 1317 916 1363 opinione
936 1326 971 1349 ut
984 1326 1100 1363 putent
1121 1314 1339 1351 extensionem
1359 1314 1440 1350 nihil
1457 1313 1518 1349 esse
1537 1325 1650 1363 praeter
1665 1328 1738 1351 mo-

351 1363 430 1397 dum
448 1365 603 1410 corporss,
619 1366 640 1398 ii
657 1362 961 1398 farentur-eamdem
975 1375 1112 1398 numero
1127 1363 1345 1399 extensionem
1356 1376 1429 1410 qua:
1445 1362 1506 1397 fuit
1517 1365 1548 1398 in
1562 1366 1652 1411 panis
1667 1364 1738 1399 sub-

354 1412 470 1446 stantia
488 1439 497 1450 ,
515 1412 586 1459 post
604 1411 879 1447 consecrationem
894 1425 961 1446 non
979 1422 1145 1446 remanere
1165 1408 1240 1447 :sed
1252 1411 1408 1446 'eamdem
1435 1411 1587 1446 duntaxat
1610 1410 1738 1461 physice

353 1460 538 1508 loquendO,
559 1466 593 1497 &
606 1460 841 1508 aequivalenter
856 1489 865 1503 ,
881 1472 916 1495 ut
934 1463 1036 1503 aiunt5
1055 1459 1107 1495 seu
1118 1462 1150 1495 in
1159 1461 1272 1495 ordine
1283 1461 1322 1495 ad
1340 1459 1443 1496 sensus
1461 1460 1604 1496 nostros:
1621 1463 1740 1498 Manet

355 1512 443 1544 enim
464 1508 605 1555 extensio
618 1509 831 1544 accidentium
847 1537 857 1552 ,
875 1520 945 1556 quae
967 1505 1002 1544 fii
1017 1508 1273 1557 impenetrabilis
1288 1538 1296 1548 ,
1319 1522 1392 1545 cum
1404 1509 1540 1544 anteaid
1559 1508 1696 1546 haberet
1719 1511 1752 1547 a·

352 1557 499 1606 siibjec‘m
511 1587 520 1600 ‚
539 1556 591 1592 seu
602 1557 620 1593 ἐι
629 1560 719 1606 panis
733 1556 905 1593 substantia
917 1573 924 1595 :
936 1557 988 1593 sed
997 1558 1174 1593 accidentia
1184 1571 1254 1605 qua:
1270 1569 1439 1594 remanent
1450 1587 1460 1602 ‚
1467 1562 1534 1604 jam
1551 1556 1664 1594 suntin
1677 1559 1739 1595 sta-

346 1615 392 1640 'tu
405 1609 563 1653 corporis,
576 1606 636 1641 hoc
650 1607 714 1650 est,
728 1606 815 1641 idem
829 1603 979 1655 praestaiit
992 1606 1059 1641 acsi
1073 1606 1246 1642 substantia
1268 1610 1360 1656 panis
1376 1606 1504 1644 adesset.
1526 1609 1600 1643 Nec
1621 1607 1738 1646 dubito

361 1657 439 1702 quin
453 1655 517 1689 haec
530 1655 687 1690 sententia
703 1655 828 1703 optime
849 1656 983 1691 defendi
999 1655 1104 1704 possit.

385 1704 488 1750 Qod
499 1702 520 1738 si
541 1715 650 1739 tamen
664 1716 701 1738 ea
714 1704 811 1739 alicui
835 1704 1017 1753 displiceat,
1038 1716 1095 1753 per
1108 1717 1161 1740 me
1178 1705 1292 1741 licebit
1309 1700 1527 1742 extensionem
1542 1707 1684 1753 corporis
1701 1715 1755 1741 ut:

354 1754 502 1788 accidens
514 1753 601 1788 reale
626 1752 646 1788 a
668 1752 841 1787 substantia
854 1754 1040 1789 distinekum
1055 1756 1234 1802 concipere.
1255 1757 1343 1792 Nam
1361 1753 1502 1791 extensio
1521 1755 1660 1803 intelligi
1699 1768 1738 1789 o-

354 1798 435 1843 test²‚
446 1804 519 1836 inio'
533 1807 567 1838 &
577 1799 636 1837 esse
647 1799 710 1836 fine
719 1813 873 1850 corpore,
886 1814 922 1838 iit
941 1806 972 1838 in
987 1803 1117 1851 A'ngelo
1131 1832 1140 1846 ‚
1159 1808 1193 1840 &
1205 1806 1237 1839 in
1248 1804 1351 1853 spatio
1366 1806 1453 1840 inani
1472 1803 1635 1840 :effeetus
1651 1768 1736 1838 iliius

354 1848 528 1886 stcunditii
548 1861 641 1886 erunt
658 1849 965 1898 impenetrabilitas,
979 1848 1077 1899 figura
1089 1851 1195 1897 ,fitus,
1206 1859 1241 1891 &
1260 1853 1314 1888 alii
1331 1854 1419 1889 forte
1432 1852 1558 1901 plurimi
1573 1870 1584 1896 3
1601 1863 1736 1899 rumque

352 1898 563 1948 intelligimus
581 1898 637 1947 qni
650 1898 721 1935 'fieri
743 1897 837 1948 possit
850 1912 886 1943 ut
899 1900 1042 1937 extensio
1058 1904 1149 1949 panis
1163 1903 1196 1937 in
1208 1902 1402 1938 Eucharistia
1416 1912 1582 1936 remaneat
1601 1928 1611 1943 ,
1625 1906 1659 1936 &
1683 1913 1734 1935 re-

353 1946 564 1995 liquoruinfit
580 1947 863 1996 velutsubjeanm
874 1951 1088 1985 accidentium
1102 1964 1111 1985 :
1129 1963 1189 1986 nec
1211 1950 1327 1987 dubito
1344 1952 1422 1998 quin
1441 1950 1507 1985 haec
1522 1950 1633 1996 opinio
1650 1949 1735 1984 frici-

353 1995 411 2030 lius
429 1996 564 2031 defendi
578 1995 859 2046 poffit‚praesertim
875 2012 950 2035 cum
967 1999 1177 2047 Theologicae
1188 2002 1328 2036 rationes
1346 1997 1550 2034 adhibentur.
1567 1999 1651 2034 Utra
1675 2010 1734 2031 ve-

356 2057 391 2079 ro
408 2048 521 2094 opinio
541 2044 578 2080 fit
592 2048 721 2080 veritati
734 2049 866 2095 propior
881 2049 1074 2091 ‚decernere
1087 2060 1153 2082 non
1163 2048 1334 2095 possumus,
1347 2047 1399 2082 sed
1414 2045 1552 2081 liberum
1562 2049 1677 2094 cuique
1698 2052 1733 2083 δε
1743 2057 1745 2059 ’

355 2095 682 2143 integru'mjiidiciuin
697 2094 905 2143 relinquimus
918 2109 1009 2141 ,cum
1020 2107 1191 2144 utramque
1200 2096 1285 2133 salva
1295 2096 1359 2133 fide
1379 2097 1460 2132 tueri
1478 2097 1510 2131 in
1531 2095 1669 2144 proclivi
1685 2094 1749 2134 sit»-

857 2195 1042 2230 Diluuntur
1058 2189 1259 2238 objefflones..

390 2289 471 2337 Opp.
489 2304 500 2326 1
535 2302 646 2328 contra
666 2293 837 2331 secundam
854 2289 1092 2330 conclusionem
1121 2305 1189 2329 tum
1210 2294 1388 2329 Aristotelis
1402 2294 1632 2329 authoritatem
1645 2322 1654 2337 ‚
1673 2295 1741 2341 qui'

356 2334 413 2370 lib.
436 2351 463 2372 ⁷.
485 2342 633 2389 Msstaph.
654 2341 887 2390 longitudinem
900 2342 1122 2386 ,latitudinem
1139 2348 1172 2379 &
1186 2342 1442 2390 profunditatem
1457 2344 1553 2377 docet
1565 2344 1731 2391 quaiitita;.

357 2395 423 2418 ΨΒ]
444 2386 529 2435 esse,
559 2402 625 2429 non
643 2390 871 2437 substantiam,
901 2404 969 2431 tuin
993 2394 1139 2430 omnium
1165 2404 1250 2440 pene
1281 2392 1552 2441 Theologorum,
1582 2394 1636 2440 qui
1664 2403 1736 2428 uno·
