1857 2745
360 139 410 181 ¹3⁶
848 128 879 164 T
895 127 929 164 R
947 128 976 165 A
994 129 1025 165 C
1038 131 1069 166 T
1084 131 1113 166 A
1129 130 1160 164 T
1179 131 1215 168 U
1233 130 1255 166 S

354 180 442 231 quod
453 178 507 215 usu
519 178 578 214 sint
593 176 846 225 frequentiores.
870 179 918 214 Ac
931 177 1036 214 nescio
1047 192 1089 215 an
1104 182 1246 229 gravitas
1265 183 1298 216 &
1319 177 1436 216 levitas
1459 192 1632 230 corporum
1645 211 1654 227 ,
1676 181 1746 232 qui-

355 231 414 267 bus
425 227 505 264 nihil
520 228 630 262 notius
643 224 738 261 nobis
754 227 901 272 videtur,
914 241 981 264 non
995 230 1098 264 minus
1113 227 1173 264 sint
1184 228 1318 264 occultae
1328 258 1338 272 ,
1364 230 1464 276 quam
1479 232 1526 265 vis
1541 235 1724 280 magnetica
1737 259 1748 272 ,

354 290 408 314 aut
421 290 442 324 q
456 289 491 310 1ae
515 274 755 325 sympatheticae
771 275 872 325 vulgo
895 277 1055 313 dicuntur.
1083 281 1298 313 Veruminiis
1319 279 1515 326 explicandis
1533 293 1650 329 magna
1673 292 1747 331 pars

355 325 494 374 Physicae
504 323 654 361 versatur.
670 326 744 362 Nec
755 325 878 361 necesse
893 326 940 362 est
958 326 1021 361 hoc
1039 325 1112 361 loco
1133 326 1320 377 diligentius
1334 329 1516 376 expendere
1529 357 1538 370 ‚
1563 330 1648 364 unde
1663 333 1748 365 vires

356 376 409 412 seu
423 376 578 424 potentiae
589 386 663 408 cum
675 375 807 410 occultae
819 404 828 419 ‚
848 387 918 411 tum
938 375 1116 411 manifestae
1130 378 1274 412 oriantur
1286 406 1295 421 ,
1327 389 1380 412 aut
1414 377 1583 425 quomodo
1599 378 1619 414 ἐι
1636 390 1751 415 natura

355 424 502 475 cujusque
527 426 574 458 rei
597 423 840 472 distinguantur.

400 475 436 510 Id
460 486 561 509 unum
579 472 734 508 monuill'e
753 473 823 508 satis
844 473 960 518 fucrit,
996 475 1080 509 vires
1096 487 1152 511 aut
1168 478 1332 525 potentias
1349 475 1447 524 vulgo
1465 476 1565 511 dividi
1586 477 1617 512 in
1636 477 1752 512 aetuo-

356 524 401 560 sas
419 552 428 567 ,
447 522 617 567 cujusmodi
629 522 672 556 est
686 525 730 556 vis
742 522 955 558 calefaciendi
974 526 1007 559 in
1019 526 1094 573 igne
1109 541 1118 569 3
1140 531 1175 563 δε
1186 525 1341 575 passivas,
1361 530 1448 571 cujus
1465 527 1590 574 generis
1603 524 1648 560 est
1664 526 1752 560 duri-

359 576 419 609 ties
436 575 468 607 in
483 572 569 607 ferro
582 601 590 614 ‚
611 583 667 605 aut
691 571 844 607 mollities
861 574 894 608 in
907 585 989 607 cera.

394 619 513 657 Rursus
527 622 645 655 afflvae
660 620 712 655 vel
725 620 818 657 rebus
832 623 1015 658 inanimatis
1025 621 1310 668 sunt-communes,
1330 635 1367 658 ut
1384 625 1432 657 vis
1449 622 1503 657 illa
1521 624 1700 666 attrae'hix,
1716 633 1754 658 ut

360 669 461 720 vulgo
472 670 630 713 creditur,
657 682 730 717 quae
748 671 794 707 est
809 672 842 705 in
859 684 1034 721 magnete;
1056 672 1110 708 vel
1124 675 1272 708 animatis
1293 671 1483 722 emporibus
1508 670 1577 706 sunt
1593 674 1754 720 propriae,

360 732 398 756 ut
411 722 459 755 vis
476 721 660 768 generatrix
678 748 688 762 ,
710 724 744 756 &
756 721 877 754 austrix
893 724 923 755 in
934 720 1067 769 planta;
1085 721 1138 757 vel
1150 721 1245 757 rebus
1255 721 1340 757 sensu
1352 722 1489 770 praeditis
1499 719 1603 755 insunt
1614 750 1624 764 ‚
1637 733 1673 755 ut
1683 719 1755 755 sen-

362 768 424 814 sus,
435 782 508 804 cum
525 771 700 803 exteriores
717 797 725 812 ,
741 780 809 803 tum
822 770 1009 814 interiores3
1024 772 1073 805 vis
1093 773 1233 813 motrix‚
1258 782 1414 819 appetens
1426 799 1435 813 ,
1461 775 1495 806 ὅ(
1506 768 1576 804 aliae
1591 767 1754 818 huJusmo-

364 819 419 864 di,
431 831 500 867 quae
514 817 658 866 amplam
675 816 812 866 Phyficae
826 818 1098 868 contemplationi
1111 822 1283 856 materiam
1296 819 1508 869 suppeditant.

800 898 954 935 patibilis
971 901 1124 946 qualitas,
1143 900 1182 936 ὠ·
1198 899 1306 949 paeffio.

399 964 514 999 Tertia
528 963 694 1012 qualitatis
714 964 834 1013 species
847 963 990 1014 patibilis
1009 962 1149 1010 qualitas
1162 993 1172 1008 ‚
1197 973 1254 998 aut
1270 963 1434 1012 pathetica
1455 966 1660 1009 nominatur,
1683 977 1758 1014 quae

369 1011 490 1047 scilicet
501 1025 600 1047 unum
610 1026 651 1048 ex
662 1016 809 1061 quinque
820 1012 957 1049 sensibus
974 1010 1099 1048 afficit:
1116 1022 1152 1047 ur
1170 1013 1274 1056 calor,
1297 1012 1405 1061 sapor,
1434 1019 1468 1050 δε
1485 1014 1557 1048 aliae
1581 1014 1757 1061 qualitates

367 1060 545 1096 senfibiles:
560 1074 748 1109 quanquam
765 1061 854 1097 forte
865 1067 956 1111 juxta
969 1061 1176 1096 Aristotelem
1200 1060 1294 1095 latius
1308 1073 1411 1109 patet.
1447 1065 1537 1098 Nam
1566 1065 1666 1098 animi
1680 1075 1757 1112 per-

368 1108 568 1144 turbationes
580 1138 590 1153 ,
612 1122 645 1145 ut
661 1114 707 1143 ira
718 1139 729 1154 ‚
752 1115 787 1147 δε
807 1110 876 1144 aliae
889 1108 1048 1159 paffiones
1065 1110 1105 1143 ad
1124 1109 1207 1145 hanc
1234 1110 1400 1156 qualitatis
1415 1109 1554 1159 speciem
1570 1115 1757 1159 pertinent3

368 1171 507 1206 quaeque
524 1160 557 1193 in
574 1157 669 1193 nobis
680 1170 720 1193 ex
729 1157 883 1207 ejusmodi
898 1157 1148 1194 conturbatione
1159 1188 1167 1201 ,
1191 1169 1246 1193 aut
1260 1171 1353 1194 motu
1376 1162 1476 1194 animi
1493 1162 1595 1194 oritur
1610 1161 1755 1206 affectio,

369 1219 404 1241 ut
420 1206 518 1242 rubor
534 1220 572 1242 ex
592 1211 635 1242 ira
649 1237 659 1252 ‚
679 1207 784 1256 pallor
798 1220 837 1244 ex
856 1209 974 1243 timore
988 1235 996 1249 ‚
1021 1205 1121 1256 paffio
1134 1207 1196 1242 hoc
1220 1206 1295 1242 loco
1312 1210 1506 1244 nominatur.
1534 1209 1580 1244 At
1603 1207 1623 1243 fi
1638 1210 1757 1246 diutius

369 1269 560 1304 permaneat
571 1286 580 1300 ,
598 1269 633 1291 ut
645 1257 745 1291 rubor
755 1269 793 1291 ex
804 1268 1065 1306 temperamento
1075 1285 1084 1300 ,
1104 1257 1143 1290 ad
1157 1254 1326 1304 patibilem
1348 1257 1547 1304 qualitatem
1562 1270 1733 1295 revocatur
1745 1288 1761 1305 ‚

370 1305 453 1340 adeo
469 1317 585 1341 utnon
599 1304 764 1341 essentiale
775 1333 786 1348 ,
803 1305 858 1341 sed
871 1306 1122 1341 accidentarium
1135 1307 1271 1340 omnino
1284 1304 1450 1341 discrimen
1469 1306 1547 1341 illud
1560 1307 1716 1345 videatur.

406 1358 472 1403 Ego
484 1354 609 1389 facilius
623 1355 814 1389 crediderim
833 1355 1023 1403 qualitatem
1043 1353 1216 1403 patibilem
1231 1384 1241 1398 ,
1260 1366 1314 1389 aut
1327 1354 1503 1390 sensibilem
1522 1353 1564 1389 ab
1582 1357 1758 1393 Aristotele

372 1403 435 1437 dici
447 1434 455 1446 ‚
475 1404 507 1437 id
525 1404 612 1451 quod
625 1404 713 1439 estin
728 1402 860 1451 objeClio
878 1403 1039 1445 sensibili,
1057 1403 1235 1450 cujusmodi
1252 1403 1296 1437 est
1321 1403 1408 1438 calor
1428 1408 1460 1440 in
1479 1406 1574 1453 igne:
1591 1405 1682 1451 quod
1699 1405 1758 1441 sti-

372 1452 449 1487 licet
459 1455 526 1488 vim
543 1451 643 1487 habet
656 1455 687 1487 in
702 1452 731 1487 se
742 1482 751 1497 ,
770 1465 838 1500 quae
849 1453 969 1488 sensum
979 1464 1112 1487 moveat
1124 1468 1131 1487 ;
1145 1451 1320 1500 pastionem
1331 1465 1410 1487 vero
1418 1454 1556 1488 eandem
1566 1465 1664 1488 vocat
1676 1466 1759 1502 qua-

371 1500 517 1544 litatem,
544 1513 579 1535 ut
593 1500 720 1536 anobis
734 1504 930 1549 percipitur,
949 1514 1052 1548 eaque
1069 1499 1199 1535 forsitan
1221 1512 1315 1535 motu
1327 1530 1337 1544 ,
1365 1500 1418 1536 seu
1446 1503 1600 1536 commu
1614 1504 1758 1549 quodam

371 1551 560 1585 continetur
574 1579 584 1594 ,
606 1562 642 1584 ut
653 1550 750 1585 docet
762 1550 959 1586 Aristoteles.
976 1550 1099 1586 Eadem
1113 1551 1233 1598 quippe
1258 1562 1340 1584 voce
1363 1555 1397 1587 ὅ(
1417 1550 1557 1586 calorem
1584 1553 1641 1598 qui
1664 1552 1709 1586 est'
1724 1554 1762 1588 in

372 1600 447 1646 igne
465 1629 474 1642 ,
495 1604 527 1635 &
542 1598 661 1634 sensum
675 1598 788 1634 caloris
802 1629 813 1644 ,
831 1602 888 1648 qui
905 1602 939 1634 in
961 1598 1057 1634 nobis
1078 1600 1121 1634 est
1133 1628 1143 1643 ‚
1162 1597 1361 1647 designamus
1377 1614 1385 1636 :
1412 1611 1599 1648 quanquam
1619 1600 1765 1638 multum

372 1649 455 1682 inter
476 1647 506 1683 se
516 1647 696 1697 discrepant
707 1662 715 1684 ε
726 1648 767 1684 de
779 1661 847 1697 quo
864 1649 997 1697 quidem
1007 1647 1095 1684 alibi.

868 1731 987 1764 Forma
1003 1728 1041 1765 (ἃ
1052 1728 1176 1778 figura.

407 1794 531 1839 Qarta
549 1793 713 1842 qualitatis
725 1793 844 1843 species
861 1791 1052 1829 bimembris
1066 1792 1171 1828 forma
1193 1798 1227 1830 &
1240 1792 1341 1842 figura
1368 1795 1563 1830 continetur.
1591 1795 1705 1844 Figura
1722 1795 1765 1829 id1

374 1844 507 1886 dicitur,
525 1843 615 1891 quod
635 1846 854 1891 quantitatem
869 1846 1009 1878 exterius
1022 1843 1218 1877 determinat
1238 1860 1247 1885 3
1264 1853 1320 1876 aut
1340 1840 1480 1884 fimalis,
1497 1843 1586 1888 quod
1608 1856 1646 1878 ex
1666 1845 1757 1878 omni

374 1904 465 1940 parte
483 1895 672 1926 terminatur
684 1921 693 1935 ,
713 1893 767 1927 vel
780 1891 1056 1926 circumscribitur.
1070 1893 1159 1924 Hinc
1176 1890 1310 1938 angulus
1320 1894 1379 1937 qui
1390 1890 1435 1923 est
1448 1893 1538 1924 unius
1550 1890 1644 1925 lineae
1658 1893 1698 1926 ad
1710 1891 1759 1927 al-

376 1952 478 1975 teram
489 1941 674 1983 inclinatio,
691 1939 790 1989 figura
807 1942 871 1974 dici
883 1952 949 1974 non
966 1939 1087 1987 potest,
1109 1950 1182 1972 cum
1201 1950 1240 1972 ex
1258 1939 1348 1973 omni
1365 1950 1457 1986 parte
1475 1951 1542 1973 non
1554 1943 1754 1978 terminetur.

375 1992 466 2025 Inter
481 1989 614 2039 figuras,
640 2002 711 2036 quae
721 1990 817 2024 reffis
831 1988 924 2023 lineis
938 1989 1150 2023 terminantur
1164 2015 1175 2030 ,
1197 1990 1300 2035 prima
1324 1986 1368 2021 est
1395 1986 1571 2036 triangulus
1586 2018 1596 2032 ‚
1625 1989 1679 2025 seu
1697 1992 1759 2025 tri-

376 2039 476 2073 latera
488 2039 586 2087 figura
606 2067 612 2076 ,
637 2051 709 2086 quae
727 2037 826 2073 tribus
840 2037 952 2081 lineis,
969 2049 1024 2072 aut
1035 2034 1186 2072 lateribus
1197 2037 1327 2072 constat.
1345 2036 1409 2070 Sed
1419 2038 1569 2072 omnium
1585 2038 1758 2088 figurarum

376 2087 600 2133 simplicissima
614 2088 657 2122 est
674 2087 808 2122 circulus
823 2117 832 2131 ,
852 2089 907 2135 qui
930 2088 1022 2121 unica
1039 2085 1124 2121 linea
1136 2098 1234 2120 curva
1251 2084 1524 2122 circumscribitur.
1730 2128 1734 2132 ·

407 2138 509 2185 Qod
520 2149 631 2172 autem
648 2135 684 2172 fit
693 2136 861 2173 discrimen
874 2139 958 2172 inter
976 2135 1116 2171 formam
1133 2141 1166 2172 ὅ(
1187 2134 1320 2179 figuram
1335 2163 1346 2179 ‚
1370 2147 1438 2169 non
1453 2134 1550 2169 facile
1562 2135 1651 2170 dictu
1669 2133 1762 2168 arbi-²

375 2197 453 2221 tror.
468 2190 591 2222 Boetius
610 2185 703 2221 rebus
723 2188 872 2221 animatis
889 2185 1048 2229 formam,
1070 2187 1189 2220 caeteris
1207 2176 1340 2233 figuram
1362 2182 1475 2218 tribuit
1491 2198 1499 2219 :
1526 2182 1675 2219 nonnulli
1688 2182 1762 2218 for-

376 2247 463 2269 mam
480 2238 511 2269 in
526 2249 559 2271 re
578 2238 668 2271 omni
687 2236 822 2271 naturali
838 2265 847 2279 ,
874 2247 909 2270 ut
932 2234 1065 2282 figuram
1084 2237 1117 2269 in
1136 2232 1354 2269 artificialzbus
1374 2232 1610 2267 mathzmaticis
1625 2235 1756 2281 proprie

375 2284 511 2317 inveniri
530 2297 653 2332 putint.
670 2285 735 2320 Alii
750 2287 891 2322 econtra
907 2285 1045 2320 formam
1060 2286 1094 2319 in
1117 2282 1209 2318 rebus
1231 2282 1395 2317 artefaffis
1418 2282 1613 2317 constituunt
1625 2310 1635 2325 ,
1664 2280 1755 2328 quod.

372 2344 437 2365 non
458 2331 596 2369 hibeant
620 2334 761 2370 formam
782 2334 802 2370 ὲ.
821 2333 917 2383 figura
932 2332 1098 2369 diversam.
1112 2335 1200 2369 Nam
1218 2331 1332 2368 domus
1355 2331 1460 2366 forma
1485 2333 1519 2365 in
1540 2332 1603 2380 ipla
1625 2327 1757 2378 dispoli-

371 2382 462 2416 tione
479 2387 510 2418 ὃ(
524 2381 623 2433 figura
635 2386 776 2432 partium
786 2383 886 2432 posita
900 2383 951 2419 est.
980 2386 1061 2420 Sunt
1076 2385 1131 2432 qui
1156 2382 1297 2418 formam
1318 2393 1392 2417 cum
1409 2380 1520 2417 colore
1537 2383 1753 2428 conjungant.·

1665 2428 1753 2463 Hinc
