1857 2745
97 189 329 228 stabiliendum
348 198 428 238 opus
443 187 538 225 efl'et?
564 190 648 236 Quis
670 191 757 224 enim
771 189 803 224 id
820 189 1016 238 ignorabat?
1036 191 1127 239 Qid
1150 189 1205 226 illa
1225 192 1371 241 cognitio
1387 158 1479 228 adisii

91 240 304 285 certitudini,
319 251 418 286 quarn
430 251 468 274 ex
487 249 538 273 tot
549 237 642 273 rebus
659 237 820 273 hauseram
834 249 845 275 ἓ
865 241 986 287 Neque
1000 240 1060 276 hac
1073 242 1114 275 de
1127 252 1162 275 re
1177 239 1345 289 quisquam
1361 255 1479 278 move-

95 302 131 325 re
139 287 394 326 controversiam
403 299 533 337 poterat
542 315 553 331 ‚
568 300 630 323 nec
638 286 834 336 probatione
845 301 923 337 opus
941 288 1005 324 fuit
1014 318 1024 332 ,
1040 301 1075 324 ut
1084 303 1136 325 me
1146 288 1207 325 elle
1220 293 1277 337 qui
1286 292 1478 338 cogitarem,

90 341 152 387 qui
169 337 427 386 scriberem,qui
444 348 576 387 agerem
587 366 596 380 ‚
611 336 718 385 palam
729 335 834 373 fieret.
866 337 1097 382 Qamobrem
1118 350 1154 374 ut
1173 339 1253 373 mihi
1278 340 1413 386 quidem
1429 343 1478 376 vi-

95 389 209 431 detur,
221 388 284 423 hoc
293 385 630 436 Cattefiiprincipium
641 415 652 432 ,
665 398 725 422 nec
741 389 882 437 primurn
899 387 946 423 est
956 415 967 431 ,
984 400 1045 425 nec
1055 400 1162 424 rerum
1172 390 1352 438 cognitioni
1369 392 1479 438 acqui-

91 437 203 473 rendae
220 436 440 472 necessarium.

125 486 208 528 Sed,
221 489 327 533 inquit
340 484 499 522 Cartesius
513 516 523 531 ,
541 486 619 522 illud
635 486 682 522 est
697 488 837 536 primum
853 489 1047 537 principium
1059 516 1069 531 ‚
1085 487 1128 522 de
1150 499 1218 534 quo
1238 488 1263 521 is
1286 498 1392 522 certus
1409 487 1478 531 est,

96 538 152 584 qui
164 534 218 571 vel
229 547 342 570 caetera
357 537 470 572 omnia
481 535 542 572 effe
557 535 634 572 falsa
646 535 861 585 supponeret:
875 540 965 585 atqui
977 537 1042 572 haec
1054 535 1232 585 propositio
1250 536 1294 570 est
1309 536 1476 584 ejusmodi.

96 587 184 622 Nam
203 596 237 619 ut
252 587 287 621 in
305 598 345 620 eo
363 583 420 620 fim
448 586 530 621 statu
543 616 552 631 ,
577 598 612 621 ut
629 588 739 621 omnia
754 598 824 633 quae
842 587 959 630 video,
973 591 1008 623 ὃς
1024 596 1226 633 quaecunque
1240 587 1395 628 memini,
1415 585 1478 620 esse

95 633 174 669 falsa
191 633 312 683 fingam
325 636 436 669 animo
452 651 460 677 3
475 633 539 670 five
554 635 641 671 forte
658 635 814 671 somniem
827 664 836 679 ‚
849 633 912 670 five
927 638 947 672 ὲ
964 635 1108 683 maligno
1120 634 1262 682 quodam
1273 637 1374 682 genio
1389 635 1477 669 deci-

94 685 164 732 piar
175 695 304 727 3tamen
313 683 390 719 illud
407 685 633 720 animadverto
644 684 755 720 saltem
767 696 820 718 me
833 682 894 719 effe
905 713 916 730 ,
928 686 984 733 qui
1004 686 1127 734 cogito,
1145 681 1205 719 Etsi
1220 684 1310 718 enim
1323 682 1452 718 fallerer
1466 713 1477 728 ,

93 731 164 767 falli
185 743 369 768 tamennon
379 732 588 782 possem,nifi
609 733 722 777 essem,
740 736 796 781 qui
811 732 950 769 fallerer.
980 734 1092 780 Qare
1113 744 1151 767 ut
1162 733 1320 781 punCtum
1341 730 1477 779 petebat

93 781 302 817 Archimedes
317 783 405 830 quod
417 782 494 818 effet
503 782 632 819 firmum
648 788 682 819 &
696 781 870 818 immobile
884 811 893 826 ‚
910 793 945 819 ut
955 785 1115 833 integram
1129 793 1247 817 terram
1272 780 1346 815 loco
1368 781 1474 815 dimo.

94 842 188 866 vetet
200 844 207 866 ε
218 829 258 865 sic
273 844 408 881 magna,
423 833 545 879 inquit,
559 831 714 881 speranda
725 831 795 866 sunt
807 860 819 875 ,
837 830 858 866 fi
875 832 1108 869 velminimum
1118 831 1196 879 quid
1212 830 1478 878 invenero,quod

88 891 217 915 certum
229 879 266 915 fit
282 885 316 917 ὃ(
326 880 552 917 inconcuffum.

127 929 215 977 qup.
241 931 357 964 Parum
372 941 426 964 aut
441 930 521 965 nihil
537 930 577 964 ad
595 930 741 964 veritatis
761 931 1006 978 indagationem
1020 928 1169 964 conferre
1186 928 1249 963 hoc
1271 929 1478 976 principium,

96 989 138 1012 ex
154 990 223 1023 quo
237 978 399 1012 certitudo
421 990 491 1025 quae
510 981 545 1013 in
570 977 743 1027 disciplinis
761 981 920 1021 cernitur,
936 978 1023 1013 nulla
1042 979 1249 1013 connexione
1265 978 1391 1011 ducitur
1407 994 1415 1019 3
1440 989 1477 1011 ac

88 1025 209 1060 frustra
230 1028 390 1062 rationem
408 1029 584 1073 conquiro,
600 1039 662 1073 qua
681 1026 820 1074 probem
838 1039 891 1061 me
915 1027 1050 1061 existere
1070 1055 1081 1070 ,
1101 1028 1141 1061 de
1161 1039 1227 1073 quo
1249 1024 1398 1061 dubitare
1411 1038 1479 1061 non

93 1072 215 1123 polsum
228 1080 285 1117 ‚,&
305 1075 393 1122 quod
404 1088 503 1110 nemo
514 1074 552 1110 fit
571 1075 779 1111 inficiaturus.
804 1078 879 1112 Nec
896 1076 992 1109 video
1010 1076 1086 1121 quid
1108 1075 1257 1109 utilitatis
1281 1073 1403 1109 habear
1421 1074 1478 1108 illa,

93 1122 285 1172 suppositio,
297 1122 350 1157 seu
366 1126 467 1158 animi
484 1123 574 1159 fictio
586 1152 596 1167 ,
611 1126 720 1159 omnia
734 1122 796 1158 effe
813 1122 890 1158 falsa
906 1139 915 1163 ·,
942 1122 1049 1157 forffin
1066 1136 1122 1157 me
1140 1124 1280 1156 dormire
1294 1150 1303 1165 ‚
1316 1123 1394 1156 dum
1412 1135 1478 1156 coe-

94 1171 161 1207 lum
181 1175 501 1216 &terramintueor;
522 1172 608 1208 forte
626 1185 678 1208 me
693 1173 821 1220 decipi,
840 1184 914 1206 cum
929 1171 1079 1220 intelligo
1093 1172 1158 1206 duo
1180 1176 1214 1208 ὃς
1232 1171 1296 1206 duo
1319 1170 1379 1206 esse
1398 1183 1479 1218 qua-

88 1233 177 1265 tuor,
189 1221 382 1271 triangulum
391 1234 429 1257 ex
442 1220 543 1256 tribus
557 1221 649 1257 lineis
665 1222 806 1258 constare
818 1250 829 1264 ,
838 1226 873 1257 &
883 1220 947 1255 alia
962 1223 1138 1255 innumera.

126 1271 190 1305 Sed
201 1273 310 1306 omnia
319 1300 328 1314 ‚
341 1273 457 1318 inquit,
467 1270 537 1305 sunt
548 1271 693 1306 exuenda
703 1270 883 1318 praejudicia
893 1298 902 1312 ‚
911 1281 945 1304 ut
956 1269 1080 1317 aliquid
1094 1272 1160 1304 veri
1173 1272 1374 1305 inveniamus
1387 1284 1395 1305 :
1408 1270 1476 1304 imo

94 1319 172 1354 utile
182 1320 226 1354 est
235 1322 344 1355 onmia
357 1331 510 1368 tanquam
524 1319 600 1355 falsa
612 1320 803 1370 supponere,
814 1319 919 1354 donec
929 1319 1053 1367 aliquid
1063 1319 1195 1354 tandem
1208 1329 1374 1368 appareat,
1387 1319 1478 1366 quod

95 1367 210 1404 falsum
223 1368 284 1404 effe
301 1382 367 1404 non
383 1368 489 1418 poffit.

124 1419 217 1466 Rejlj).
231 1418 306 1452 Esto
322 1446 332 1460 ,
349 1420 479 1463 inquam
492 1447 502 1461 ,
513 1429 669 1453 exuantur
678 1417 856 1466 praejudicia
867 1430 940 1465 quae
958 1430 1016 1452 nos
1034 1417 1053 1452 ἐι
1068 1420 1208 1451 veritate
1225 1417 1412 1453 abducunt:
1427 1415 1479 1451 sed

94 1466 278 1502 cavendum
291 1467 333 1500 est
342 1479 383 1500 ne
392 1469 425 1501 in
440 1473 538 1515 majus
552 1467 768 1514 praejudicium
789 1466 879 1502 velut
891 1467 1066 1514 praecipites
1078 1478 1202 1500 ruamus
1213 1493 1223 1508 ,
1235 1466 1310 1500 dum
1322 1478 1390 1512 quae
1406 1477 1478 1499 cer--

95 1527 127 1550 ta
139 1513 209 1549 sunt
224 1543 234 1558 ‚
245 1527 280 1549 ut
296 1514 372 1549 falsa
386 1514 592 1563 supponimus
603 1545 612 1558 ,
639 1521 671 1552 &
690 1518 880 1564 ignorantiae
896 1513 1044 1550 tenebras
1057 1513 1257 1550 affeeimnus.
1285 1516 1367 1550 Non
1379 1516 1478 1557 enim,

94 1575 130 1598 ut
142 1563 216 1598 scite
234 1562 406 1598 Gaffendus
423 1563 561 1599 scribens
581 1567 612 1598 in
631 1564 809 1599 Cartesium
822 1593 832 1607 ,
854 1577 946 1600 mens
967 1562 1025 1598 fiet
1038 1566 1183 1611 capacior
1197 1575 1280 1598 verae
1293 1565 1477 1610 perceptio-

95 1613 145 1648 nis
160 1641 170 1655 ‚
184 1611 204 1646 si
218 1612 259 1646 ad
278 1612 446 1648 falsitatem
464 1612 624 1648 deflectat.
639 1614 789 1648 Exuenda
805 1614 937 1660 quidem
947 1612 1021 1647 -sunt
1038 1613 1219 1660 praejudicia
1235 1641 1244 1655 ,
1260 1626 1328 1648 non
1346 1624 1421 1646 vera
1441 1616 1478 1647 δε

98 1673 185 1696 certa
198 1691 208 1705 ‚
220 1672 275 1696 aut
293 1674 333 1696 ex
352 1661 466 1709 quibus
484 1664 586 1697 omnis
603 1662 711 1696 nostra
726 1664 870 1710 cognitio
898 1662 1025 1696 ducitur
1036 1690 1046 1704 ‚
1062 1660 1114 1695 sed
1135 1674 1202 1708 quae
1217 1660 1317 1695 dubia
1335 1659 1404 1695 sunt
1425 1672 1481 1695 aut

98 1709 178 1744 falsa
193 1725 200 1746 :
218 1722 252 1744 ut
267 1713 356 1758 pravi
377 1711 528 1746 humores
540 1741 548 1754 ,
562 1724 627 1746 non
638 1710 812 1745 laudabiles
834 1711 902 1746 sunt
916 1711 1066 1758 ejiciendi
1081 1724 1088 1745 :
1102 1709 1140 1744 (ic
1165 1712 1275 1745 inanes
1293 1714 1326 1745 &
1351 1711 1479 1743 incettae

97 1760 269 1806 opiniones
282 1788 290 1801 ‚
306 1773 372 1793 non
386 1759 457 1794 sana
473 1762 589 1808 judicia
604 1759 671 1794 sum
680 1761 868 1808 extirpanda
887 1778 895 1804 ;
911 1759 1024 1794 lolium
1039 1762 1056 1795 ὲ
1075 1761 1194 1794 mentis
1207 1771 1284 1807 agro
1296 1786 1306 1801 ,
1326 1770 1392 1792 non
1411 1757 1480 1792 fru-

98 1820 247 1842 mentum
260 1808 305 1841 est
317 1808 530 1845 evellendum.
559 1810 677 1855 Neque
691 1809 722 1842 id
737 1808 805 1843 fieri
818 1810 919 1856 potest
928 1821 963 1843 ut
980 1820 1125 1843 men-tem
1150 1810 1186 1842 iis
1207 1807 1394 1855 praejudiciis
1408 1818 1478 1852 quae

100 1855 194 1891 nobis
207 1869 293 1890 certa
307 1856 375 1890 sunt
390 1886 398 1899 ,
409 1870 573 1892 exuamus:
593 1868 692 1903 atque
703 1857 781 1890 illud
795 1860 929 1891 minime
943 1857 1022 1891 utile
1033 1855 1128 1899 effer,
1142 1868 1198 1890 aut
1209 1854 1411 1892 fin-nuosum.
1429 1856 1481 1889 An

100 1905 186 1940 forte
203 1908 379 1940 Geometra
388 1905 430 1940 ab
439 1898 550 1941 animd
565 1904 773 1953 impetrabit,
790 1906 983 1953 quadratum
999 1917 1035 1939 ex
1047 1920 1084 1951 4„
1100 1905 1253 1939 lateribus
1264 1933 1275 1950 ,
1296 1910 1330 1941 &
1343 1903 1482 1938 totidem

99 1954 221 2002 angulis
235 1956 329 1989 reffis
344 1968 410 1989 non
427 1955 593 1998 constare,
612 1967 664 1989 aut
681 1954 782 1989 solem
794 1967 861 1989 non
873 1952 934 1989 effe
951 1965 1034 1988 terra
1051 1958 1226 2002 majorem?

141 2002 275 2050 Atsaepe
288 2003 406 2038 fallunt
420 2002 520 2038 sensus
541 2003 721 2040 &sensuum
732 2003 933 2051 praejudicia:
952 2015 1051 2050 quare
1076 2004 1172 2038 tutius
1199 2003 1246 2037 est
1262 2005 1300 2038 iis
1317 2013 1482 2050 nunquam

100 2051 283 2087 confidere:
301 2055 392 2086 turris
410 2053 564 2099 quadrata
576 2054 699 2086 eminus
712 2052 775 2087 visa
792 2051 872 2087 mihi
892 2053 1017 2087 videtur
1031 2053 1178 2087 rotunda.

138 2102 224 2149 Κεφ.
242 2103 323 2137 Non
335 2103 422 2136 omni
447 2101 523 2135 cibo
534 2100 593 2136 elie
615 2100 840 2136 abstinendum
860 2130 870 2144 ,
889 2102 979 2149 quod
996 2102 1156 2136 interdum
1174 2111 1302 2137 noceat.
1318 2102 1404 2137 Cum
1419 2103 1481 2150 igi-

102 2160 150 2183 tur
161 2152 251 2184 turris
263 2153 386 2186 eminus
400 2150 526 2184 videtur
535 2179 544 2193 ‚
558 2156 590 2186 &
600 2149 737 2184 rotunda
750 2162 883 2198 apparet
898 2178 906 2188 ,
919 2149 1074 2185 cohibere
1085 2149 1243 2199 poffiimus
1256 2148 1419 2186 assensum.
1439 2152 1480 2186 At

102 2196 123 2230 si
142 2199 241 2232 etiam
258 2202 400 2234 cominus
415 2199 553 2233 rotunda
563 2199 711 2233 videatur
724 2227 732 2240 ,
747 2203 812 2246 jam
825 2199 927 2234 nullus
941 2201 1002 2234 erit
1020 2198 1206 2246 suspensioni
1228 2199 1325 2234 locus.
1348 2199 1479 2234 Baculus

103 2247 221 2292 partim
232 2248 265 2281 in
276 2250 350 2281 ae're
365 2276 373 2286 ‚
387 2250 504 2282 partim
523 2250 556 2282 in
575 2260 658 2293 aqua
670 2245 752 2281 -visus
766 2277 774 2290 ,
792 2248 878 2282 idem
890 2248 1007 2282 fractus
1022 2249 1166 2283 videtur:
1188 2247 1237 2281 sed
1252 2259 1324 2282 cum
1346 2248 1479 2283 eductus

104 2294 249 2329 fueritex
264 2307 345 2342 aqua
356 2325 365 2337 ,
387 2291 492 2332 redtus
504 2296 690 2344 apparebit,
708 2307 841 2343 tumque
857 2296 963 2331 nullus
974 2298 1034 2330 erit
1055 2297 1239 2345 deceptioni
1259 2295 1357 2332 locus.

165 2343 227 2377 Sed
240 2343 332 2386 inflat
344 2344 500 2379 Cartesius
513 2374 521 2387 ,
535 2346 698 2379 interdum
709 2347 742 2378 in
761 2345 879 2381 somnis
897 2346 1011 2379 eadem
1026 2345 1105 2380 mihi
1127 2345 1237 2382 videre
1260 2345 1376 2381 videor
1389 2375 1397 2389 ‚
1415 2357 1483 2393 quae

106 2403 177 2428 cum
191 2391 291 2440 vigilo
308 2409 316 2436 3
334 2393 448 2429 eadem
478 2405 595 2441 agere,
617 2393 670 2429 vel
681 2393 836 2439 scribere,
851 2394 904 2430 vel
921 2393 1020 2441 loqui.
