1857 2745
374 126 438 172 480
794 124 1269 172 METAPHYSICAE

841 202 1153 248 QUAESTio
1212 205 1288 238 iv.

630 273 684 306 De
699 283 784 308 motu
797 276 831 307 ln
847 275 1026 320 universitm
1037 303 1046 313 ,
1064 274 1102 309 (ᾗ
1112 276 1285 321 ficundtcm
1296 275 1491 324 sespeflato.

455 322 525 357 Um
541 331 647 356 motus
660 322 837 366 localis,vel
848 322 930 358 solus
943 351 953 366 ,
968 323 1025 359 vel
1036 326 1190 372 praecipue
1206 328 1239 359 in
1252 323 1384 373 Physica
1394 323 1557 373 spectetur
1566 354 1576 370 ,
1589 336 1662 373 quae
1672 326 1751 364 nihil

458 369 544 404 aliud
555 368 625 404 fere
636 383 735 418 quarn
750 383 876 407 motum
888 375 921 407 in
933 383 1036 407 rerum
1051 383 1164 407 natura
1185 375 1424 422 contemplatur
1435 403 1445 417 ,
1467 374 1540 409 huic
1559 374 1752 423 explicando

373 422 544 454 traditarum
555 419 715 468 integrum
733 420 867 469 Phyficae
875 421 1032 474 generalis
1041 421 1246 458 destinamus.
1265 425 1363 459 Nunc
1375 434 1454 457 vero
1472 435 1598 458 motum
1617 423 1754 460 localem

374 471 407 503 in
416 468 578 502 abstracto
593 480 647 511 ,ut
663 471 753 504 aiunt
770 498 779 512 ‚
798 470 850 504 vel
871 471 1044 505 lecundum
1065 470 1236 506 formalem
1250 471 1331 506 illius
1350 474 1510 507 rationem
1529 472 1689 520 explicare
1701 474 1755 508 in-

376 518 542 552 stituimus.
562 519 614 551 Sic
627 519 716 554 enim
728 519 768 552 ad
781 518 1040 567 Metaphyficam
1057 523 1184 568 proprie
1202 522 1356 569 pertinet.
1373 522 1515 555 Primum
1525 523 1620 568 igitur
1629 533 1698 568 quae
1714 521 1766 556 ad·

374 566 458 600 illius
468 578 614 601 naturam
626 569 804 616 pertinent,
815 580 885 603 turn
895 568 976 603 illius
993 568 1191 604 differentias
1201 596 1212 612 ,
1224 575 1258 606 &
1269 581 1459 604 communes
1472 569 1663 605 affectiones
1681 581 1756 619 per-

373 614 540 663 sequemur
552 616 659 663 :quod
671 627 707 652 ut
718 615 865 666 disposite
874 622 907 655 &
920 617 1065 653 distincte
1083 617 1236 653 faciamus
1246 647 1256 660 ,
1266 616 1302 652 sit

913 668 1028 702 Prima
1038 667 1206 712 Conclusio.

415 716 527 748 Motus
540 712 582 748 ab
596 713 768 750 Aristotele
779 714 851 750 satis
861 727 936 764 apte
953 715 1114 759 definitur,
1124 717 1210 751 asbus
1221 720 1306 751 entis
1317 719 1352 751 ln
1367 718 1512 765 potentia
1523 743 1532 754 ,
1548 725 1704 763 quatenus
1716 715 1758 762 es}

379 765 411 797 in
424 765 577 810 potentia.
717 774 720 775 ⁷

412 813 494 845 Haec
509 811 668 848 conclusio
681 813 728 847 est
743 825 853 849 contra
866 815 1063 848 recentiores
1073 814 1226 861 quosdam
1236 843 1245 858 ‚
1256 816 1313 862 qui
1330 813 1412 848 hanc
1422 811 1650 848 definitionem
1662 823 1697 848 ut
1708 814 1759 848 in-

377 860 521 894 volutam
533 889 543 903 ,
561 866 594 897 &
605 874 639 895 re
653 861 717 910 ipsa
731 875 803 909 quae
815 863 968 898 definitur
980 892 989 906 ,
1008 862 1227 898 obscuriorem
1246 863 1488 898 calumniantur.
1527 865 1605 897 Eam
1629 875 1709 896 vero
1724 868 1759 899 &

377 909 571 957 perspicuam
583 908 643 945 esse
657 940 665 954 ,
680 916 714 946 δε
730 923 878 946 naturam
897 923 1001 947 motus
1012 910 1182 946 universim
1194 912 1308 959 sumpti
1318 911 1390 945 satis
1405 922 1480 958 apte
1491 908 1532 944 ab
1546 922 1583 944 ea
1595 910 1769 958 explicari,

376 958 458 993 adeo
469 969 503 992 ut
518 961 570 994 vix
584 959 648 993 ulla
659 962 862 995 commodior
876 959 982 994 afferri
999 959 1092 1008 poffit
1104 989 1113 1003 ,
1124 963 1258 996 omnino
1276 960 1514 994 contendimus.
1769 965 1771 967 '

412 1008 498 1042 Cum
509 1010 597 1043 enim
608 1009 723 1043 dicitur
732 1010 818 1043 afim
829 1011 907 1043 emis
915 1011 951 1042 >in
966 1008 1173 1057 potentia,seu
1183 1008 1315 1044 mobilis
1328 1008 1542 1056 ipfiuS‚natura
1552 1018 1658 1043 motus
1671 1009 1771 1056 opti:

376 1068 429 1090 me
444 1057 645 1104 intelligitur,
658 1071 728 1105 quae
740 1061 776 1092 in
786 1060 858 1093 aaa
869 1057 1010 1105 quodam
1024 1057 1100 1091 licet
1109 1058 1304 1106 imperfecto
1320 1063 1351 1094 ὃ(
1365 1056 1495 1091 ulte-rius
1512 1057 1667 1092 tendente
1679 1055 1761 1105 pofi-

378 1116 409 1138 ta
418 1106 470 1140 est.
493 1107 560 1139 Res
572 1118 693 1153 quippe
706 1118 741 1140 ut
752 1106 884 1140 mobilis
897 1134 906 1148 ,
917 1106 960 1139 est
975 1108 1006 1140 in
1017 1108 1176 1152 potentia,
1187 1120 1257 1154 quae
1267 1110 1297 1141 in
1311 1108 1420 1141 aetum
1436 1105 1545 1140 reduci
1559 1118 1625 1140 non
1643 1106 1761 1153 potest,

378 1152 433 1188 nili
446 1166 641 1201 permotum
654 1168 661 1189 z
676 1155 717 1188 est
732 1157 828 1202 igitur
846 1166 953 1188 motus
972 1154 1063 1188 aetus
1079 1154 1210 1190 mobilis
1232 1168 1268 1190 ut
1283 1155 1406 1190 mobile
1424 1155 1480 1190 est.
1509 1157 1561 1189 Sic
1575 1153 1696 1188 sanatio
1718 1156 1761 1190 est

378 1204 465 1237 aetus
479 1205 621 1250 corporis
631 1232 639 1243 ‚
657 1216 722 1237 non
734 1215 768 1237 ut
777 1203 818 1237 est
828 1214 885 1237 aut
897 1214 1009 1250 corpus
1024 1231 1034 1245 ,
1045 1215 1097 1236 aut
1109 1205 1221 1239 vivens
1237 1233 1247 1247 ,
1265 1203 1316 1238 sed
1328 1216 1362 1237 ut
1373 1203 1522 1238 sanabile.
1539 1204 1696 1251 Qandiu
1707 1215 1763 1239 au·

380 1262 446 1286 tem
460 1263 507 1285 res
523 1263 674 1285 movetur
683 1280 691 1294 ‚
702 1250 825 1299 semper
838 1251 885 1285 est
895 1253 928 1286 in
939 1253 997 1285 'via
1008 1251 1047 1284 ad
1060 1251 1246 1288 ulteriorem
1261 1253 1506 1300 perfeetionem.
1522 1253 1574 1288 Est
1583 1254 1679 1300 igitur
1688 1266 1762 1287 mo-

381 1312 429 1335 tus
444 1302 531 1335 aest-..s
544 1303 627 1334 entis
644 1303 675 1334 in
690 1302 853 1347 potentia,
872 1311 1031 1347 quatenus
1046 1302 1078 1335 in
1093 1304 1237 1348 potentia
1258 1302 1321 1345 est3
1337 1300 1386 1336 seu
1397 1302 1485 1336 achis
1504 1300 1654 1343 mobilis,
1672 1302 1763 1349 quod

380 1350 510 1384 ulterius
527 1350 641 1383 tendit.
663 1349 760 1382 Aliud
771 1351 857 1383 enim
866 1348 912 1382 est
924 1351 1051 1384 moveri
1066 1377 1076 1391 ,
1091 1349 1174 1384 aliud
1194 1362 1321 1384 motum
1338 1348 1397 1385 esse
1410 1378 1420 1393 ,
1442 1349 1526 1383 aliud
1542 1348 1641 1383 sanari
1652 1378 1663 1393 ,
1674 1350 1764 1385 aliud

379 1398 522 1434 sanatum
534 1398 688 1444 effeQiff:
698 1398 830 1444 quidem
841 1395 989 1431 definitio
1000 1409 1066 1430 non
1078 1400 1183 1431 motui
1192 1399 1420 1433 tantummodo
1433 1397 1528 1431 locali
1543 1397 1764 1442 convenit,sed

383 1449 481 1482 ctiam
491 1448 530 1480 ad
541 1446 618 1480 alios
631 1457 735 1481 motus
748 1443 902 1493 species‚si
911 1457 977 1492 quae
987 1443 1045 1479 sint
1056 1445 1075 1480 ἐι
1084 1458 1175 1480 motu
1191 1446 1285 1481 locali
1296 1446 1597 1488 distiii&ae,omniiio
1611 1449 1766 1493 pertinet.

417 1496 469 1531 Est
487 1497 608 1543 quippe
622 1506 729 1529 motus
745 1496 951 1538 omnis,a6tus
969 1496 1120 1542 potentiae
1137 1495 1308 1531 admixtuS.
1330 1498 1381 1530 Sic
1394 1497 1481 1530 enim
1493 1493 1766 1542 perficitmobile,

381 1558 418 1580 ut
428 1547 457 1579 ei
472 1544 619 1579 ultimam
635 1544 874 1592 perfectionem
887 1556 952 1578 non
964 1542 1095 1577 tribuat:
1108 1555 1165 1591 per
1174 1544 1424 1580 calefactionem
1440 1555 1549 1578 manus
1560 1550 1625 1578 non
1640 1544 1698 1588 est,
1712 1543 1766 1580 sed

383 1594 422 1628 fit
433 1592 544 1629 calida.
556 1593 607 1627 Est
623 1594 719 1640 igitur
730 1594 818 1627 aetus
829 1594 885 1640 qui
895 1604 1030 1627 omnem
1043 1594 1224 1639 potentiam
1239 1607 1306 1628 non
1316 1593 1436 1641 explet.
1460 1592 1564 1640 Qod
1583 1590 1656 1627 satis
1672 1605 1766 1642 apte,

383 1654 418 1676 ut
428 1642 564 1676 diximus
581 1641 768 1677 Aristoteles
783 1643 935 1690 exprimit
946 1640 993 1675 his
1007 1640 1154 1685 vocibus,
1172 1653 1328 1688 quatenus
1346 1644 1532 1690 inpotentia
1545 1640 1594 1680 est,

431 1690 512 1724 lllud
530 1703 664 1738 quoque
679 1689 870 1726 dissimulare
881 1702 947 1726 non
957 1688 1065 1724 debeo
1075 1690 1172 1737 paulo
1185 1690 1278 1725 aliter
1290 1690 1371 1726 hanc
1382 1702 1486 1730 motus
1497 1688 1721 1726 definitionem
1731 1696 1767 1728 &

385 1739 472 1774 forte
483 1741 586 1788 magis
601 1735 836 1775 ad'Aristotelis
852 1750 997 1774 mentem
1016 1739 1164 1787 explicari
1180 1737 1274 1787 posse.
1295 1743 1426 1775 Motum
1435 1742 1521 1774 enim
1544 1737 1720 1774 considerat
1731 1735 1766 1775 in

384 1787 566 1837 pliyficis‚ut
579 1790 619 1823 ad
628 1801 736 1824 rerum
746 1789 1065 1836 produffionem,aut
1075 1788 1114 1821 ad
1130 1791 1346 1824 mutationem
1366 1787 1543 1824 sensibilem
1564 1787 1693 1822 confert
1702 1816 1711 1831 ,
1731 1794 1768 1825 &

384 1841 570 1885 potentiam
583 1836 727 1886 appellat
741 1849 840 1872 omne
857 1837 1041 1885 agendissaut
1053 1837 1196 1884 patiendi
1208 1840 1409 1886 principium.
1423 1839 1510 1872 Hinc
1521 1837 1702 1871 Mechanici
1717 1835 1767 1871 so.-

387 1886 458 1921 leut
472 1889 538 1921 vim
551 1899 686 1921 omnem
696 1889 867 1920 motricem
878 1887 1033 1934 potentiae
1047 1888 1182 1920 nomine
1193 1885 1364 1935 defignare.
1374 1887 1425 1921 Est
1439 1888 1532 1932 igitur
1545 1887 1766 1928 motus,a6tus,

387 1935 440 1969 seu
457 1937 650 1983 principium
669 1935 834 1983 quoddam
849 1935 965 1983 agendi
983 1962 992 1975 ,
1011 1937 1092 1968 entis
1117 1938 1150 1968 in
1165 1938 1307 1982 potentia
1322 1965 1331 1979 ‚
1349 1935 1435 1982 quod
1454 1933 1574 1968 scilicet
1590 1933 1629 1965 ad
1646 1932 1767 1981 aliquid

389 1985 628 2032 producendum
641 1983 790 2019 conferre
802 1984 909 2032 potest
923 1981 1010 2018 :sive
1031 1984 1119 2017 enim
1142 1984 1180 2017 ad
1194 1984 1354 2031 agendum
1365 2012 1375 2027 ,
1391 1981 1453 2018 five
1465 1982 1504 2015 ad
1519 1981 1706 2027 patiendum
1729 1982 1767 2018 sit

388 2033 444 2068 illa
458 2035 656 2080 potentia‚ea
669 2032 747 2068 nihil
761 2032 827 2067 sine
838 2044 929 2067 motu
943 2030 1050 2078 potest
1062 2030 1201 2066 efficere.
1215 2034 1246 2066 Si
1258 2033 1336 2078 quid
1347 2043 1423 2079 v.gr.
1435 2029 1537 2078 potest
1544 2028 1661 2077 globus
1672 2030 1768 2066 bom-

388 2081 519 2116 bardilis
537 2082 578 2115 ad
586 2094 711 2117 murum
726 2081 952 2122 evertendum,
968 2079 1030 2113 hoc
1067 2079 1113 2114 lus
1129 2082 1248 2127 poterit
1260 2109 1269 2122 ,
1281 2092 1335 2115 aut
1344 2084 1448 2126 major
1463 2080 1524 2113 erit
1542 2078 1625 2112 iilius
1646 2091 1766 2126 poten-

390 2133 450 2174 tia,
461 2143 526 2178 quo
540 2130 608 2178 plus
618 2128 755 2164 habebit
769 2130 927 2164 materiae.
956 2091 1083 2162 sedilia
1108 2130 1254 2175 potentia
1271 2129 1311 2164 ad
1329 2130 1435 2164 actum
1454 2140 1519 2162 non
1535 2127 1695 2162 reducitur
1710 2127 1765 2163 nifi

388 2192 445 2228 per
462 2192 588 2214 motum
603 2191 700 2214 :nam
720 2177 740 2212 fi
756 2177 871 2227 globus
890 2175 1041 2223 quiescat,
1052 2175 1274 2221 nihilefficiet.

427 2227 658 2275 Quamobrem
668 2229 755 2262 reete
768 2226 955 2274 intelligitur
969 2237 1075 2259 motus
1091 2238 1127 2260 ut
1136 2228 1224 2262 aestus
1234 2226 1316 2260 entis
1330 2225 1363 2258 in
1376 2226 1521 2273 potentia
1532 2254 1540 2267 ,
1551 2235 1707 2272 quatenus
1719 2225 1766 2260 est

391 2278 423 2310 in
441 2276 664 2324 potentia‚hoc
673 2276 730 2320 est,
741 2287 895 2323 quatenus
906 2274 1029 2321 aliquid
1039 2286 1206 2322 procreare
1217 2274 1330 2320 potest,
1344 2285 1397 2308 aut
1411 2273 1561 2309 resistere.
1585 2275 1664 2310 Non
1679 2275 1766 2308 enim

396 2325 579 2360 Aristoteles
595 2325 691 2360 [olam
703 2327 845 2373 corporis
860 2323 1097 2358 transsationem
1111 2336 1181 2370 quae
1195 2322 1388 2370 plerumque
1398 2322 1479 2357 nihil
1490 2321 1588 2356 efficit
1598 2350 1607 2363 ,
1625 2320 1766 2356 confide-

392 2383 445 2406 iat
457 2387 464 2407 :
477 2388 588 2413 verum
603 2375 637 2408 id
647 2373 769 2423 specht
777 2376 933 2417 maxime,
946 2372 1034 2419 quod
1043 2375 1236 2419 potentiani,
1247 2383 1317 2418 qua:
1330 2372 1414 2407 estin
1425 2371 1626 2419 corporibus,
1638 2372 1766 2414 excitat,
