1857 2745
375 164 444 198 454
836 149 1272 187 METAPHYSIGAE

373 203 419 234 rei
436 198 607 248 singularis,
622 199 702 244 Qo
723 197 855 245 quidem
870 198 971 232 modo
982 197 1136 235 collefflo
1147 200 1363 234 accidentium
1375 198 1568 246 principium
1576 201 1763 237 individua-

373 250 469 282 tionis
480 249 544 282 dici
557 247 674 295 potest.
691 255 747 292 3¹⁰³
760 247 807 281 est
819 248 1012 295 principium
1029 247 1167 283 formale
1180 277 1189 291 ,
1214 249 1300 296 quod
1315 246 1433 281 scilicet
1445 245 1584 295 speciem
1603 262 1641 286 ex
1655 250 1686 286 se
1707 253 1754 289 in-

369 295 577 331 differentem
590 297 809 332 determinat:
830 297 862 331 id
875 295 957 332 vero
975 309 1041 331 non
1055 297 1142 332 aliud
1158 296 1237 341 effe,
1254 296 1354 345 quam
1373 295 1573 332 existentiam
1589 301 1755 346 pertendi».

369 358 437 379 mus
454 359 462 381 ε
480 344 606 380 tametsi
615 349 783 380 materiam
798 347 889 382 uti&
901 345 979 379 alias
992 345 1096 381 causas
1106 358 1296 382 concurrere
1311 346 1351 379 ad
1365 347 1412 379 rei
1432 346 1591 380 unitatem
1612 351 1754 385 numeri.

369 406 440 429 cam
454 394 620 430 fatemur:
635 393 686 429 sed
698 406 854 442 negamus
871 396 1042 429 materiam
1055 393 1153 431 solam
1161 395 1367 432 individuum
1381 394 1575 438 formaliter,
1594 407 1755 443 quatenus

368 444 574 479 individuum
588 444 631 478 est
643 472 653 486 ,
669 444 877 479 constituere.
901 443 991 478 Cum
1013 445 1124 492 itaque

404 493 490 541 Opp.
506 506 527 528 1.
543 505 582 528 ex
594 493 782 536 Aristotele,
800 505 868 527 rem
888 491 1010 527 habere
1026 492 1190 528 amareria
1200 494 1288 540 quod
1299 492 1334 528 sit
1346 505 1409 528 una
1423 521 1432 536 ‚
1447 504 1502 527 aut
1513 491 1685 542 multiplex
1697 507 1756 531 nu-

366 552 480 584 me103
499 543 652 590 quodque
669 554 782 590 expers
792 542 834 576 est
844 543 989 578 mareriae
1003 570 1012 585 ,
1023 542 1189 590 multiplex
1208 555 1344 577 numero
1355 542 1416 576 effe
1429 555 1495 577 non
1507 540 1602 590 polse.
1619 546 1689 578 [mo
1698 545 1756 579 ad-

367 592 416 626 dit
435 591 469 626 S.
484 592 630 627 Thomas
642 591 785 639 Angelos
804 590 909 640 specie
932 591 1017 625 inter
1034 590 1065 625 se
1083 591 1233 635 differre,
1262 590 1351 638 qu‘od
1372 589 1414 625 ab
1433 593 1522 626 omni
1540 594 1674 627 materia
1697 591 1756 628 fiult

367 642 547 677 immunes:
565 653 638 675 cum
655 641 817 676 distinetio
837 639 1005 675 essentialis
1023 645 1056 677 δε
1070 639 1213 688 specifica
1226 642 1245 676 a
1265 641 1370 675 forma
1383 666 1394 681 ‚
1417 652 1451 675 ur
1467 641 1639 676 materialis
1655 647 1759 679 &nu-

367 691 487 724 merica
504 689 523 724 ὲ
541 691 678 724 materia
693 702 876 738 repetatur:
899 702 976 738 ergo
988 692 1124 724 materia
1146 690 1188 724 est
1203 691 1399 739 principium
1421 692 1570 732 unitatis,
1597 695 1631 727 ὃς
1649 690 1758 726 distin-

366 739 484 773 &ionis
501 740 669 774 numericae
684 750 692 771 ε
711 752 777 774 non
789 739 924 787 quidem
941 738 1007 774 sola
1019 767 1028 781 ‚
1046 741 1120 786 quia
1134 751 1173 774 ex
1185 738 1214 773 se
1232 738 1276 772 est
1292 739 1332 772 ad
1350 738 1468 773 multas
1489 738 1609 774 formas
1626 738 1757 775 indiffe-

367 799 439 821 rens
450 815 459 828 .,
473 786 525 821 sed
536 799 623 822 certa
635 791 820 835 quantitate
835 788 964 837 signata.
978 789 1066 824 Nam
1085 789 1278 836 principium
1294 790 1400 822 omnis
1421 786 1582 822 divisionis
1600 817 1610 832 ,
1634 799 1691 823 aut
1706 789 1755 824 di-

367 836 548 872 stinffionis
565 839 735 871 numericae
751 838 793 872 est
804 840 965 884 quantitas
978 866 988 880 ,
1012 836 1088 871 cum
1100 849 1139 871 ea
1158 835 1194 871 sit
1212 834 1417 871 eisentialiter
1433 835 1603 871 divisibilis.
1736 836 1744 840 ⁴

401 885 490 931 Resp.
504 885 745 921 distinctionem
757 899 864 922 rerum
881 886 1075 922 naturalium
1089 884 1159 920 fieri
1171 897 1225 933 per
1239 888 1428 920 materiam:
1445 886 1528 920 adeo
1540 897 1575 920 ut
1595 887 1676 920 citra
1685 898 1757 921 rna-

368 936 483 968 teriam
501 934 586 970 nulla
597 933 632 969 sit
642 933 755 970 divisio
765 937 928 970 numerica
938 965 947 978 ,
966 938 999 970 in
1008 934 1102 969 rebus
1116 935 1280 980 corporeis
1293 962 1302 977 ,
1323 937 1360 970 C.
1373 936 1417 967 ita
1429 944 1466 968 ut
1479 936 1614 968 materia
1637 934 1701 970 sola
1721 935 1758 970 fit

367 985 562 1031 principium
576 984 786 1019 disti11<5t10nis
797 986 967 1019 numericae
980 1012 989 1026 ‚
999 984 1097 1019 N.1d
1112 982 1191 1018 vero
1203 987 1269 1030 jam
1284 983 1481 1030 explicatum
1493 982 1511 1018 a
1527 981 1622 1018 nobis
1633 982 1704 1027 fuit,
1722 989 1758 1021 δε

368 1032 526 1067 ostensum
538 1036 707 1068 materiam
735 1031 797 1068 esse
815 1035 1009 1081 principium
1021 1032 1286 1067 individuationis
1305 1030 1475 1067 materiale
1488 1061 1499 1075 ,
1517 1045 1584 1068 uon
1599 1031 1756 1068 formale;

370 1081 567 1116 constituere
579 1083 780 1118 individuum
792 1111 802 1124 ‚
821 1082 875 1116 sed
895 1095 962 1117 non
986 1081 1095 1117 solam-

405 1130 508 1176 Qod
518 1142 628 1165 autem
646 1143 684 1166 ex
697 1130 896 1178 Philosopho
910 1129 1049 1165 afferunt
1061 1130 1140 1166 illud
1155 1129 1328 1178 multiplex
1343 1142 1476 1165 numero
1488 1128 1549 1166 else
1563 1144 1630 1168 non
1647 1130 1758 1180 posse,

369 1180 458 1225 quod
473 1179 514 1213 est
524 1181 630 1214 omnis
646 1191 758 1228 expers
770 1181 922 1213 materiae.
935 1178 1135 1227 Responderi
1147 1178 1227 1214 solet
1236 1179 1457 1227 distinguendo
1470 1179 1553 1215 hanc
1563 1179 1759 1229 propositio-

368 1229 543 1274 nem,quod
558 1228 599 1262 est
609 1240 722 1276 expers
736 1230 841 1262 omnis
860 1230 1062 1263 materiaeaut
1075 1227 1222 1275 Phyfieae‚
1234 1239 1288 1262 aut
1297 1227 1699 1277 Metaphyficae,quodque
1709 1231 1757 1265 est

369 1279 457 1311 aetus
473 1276 646 1323 puriffimus
659 1277 840 1312 concedunt
855 1291 862 1312 :
881 1277 967 1324 quod
985 1277 1031 1311 est
1047 1289 1159 1324 expers
1174 1279 1281 1310 omnis
1300 1280 1443 1311 materiae
1466 1277 1607 1326 phyficae‚
1622 1291 1754 1327 negant:

369 1326 453 1360 unde
465 1326 585 1374 Angeli
594 1338 732 1362 numero
742 1326 1151 1380 distinguunturzquidquid
1162 1325 1341 1361 Thomistae
1350 1327 1385 1361 in
1394 1337 1503 1360 contra
1509 1329 1591 1362 rium
1607 1326 1754 1363 afferant.

370 1374 596 1423 Qidnienim
610 1378 697 1411 Deus
710 1372 841 1408 efficere
853 1373 948 1422 poffit
961 1375 1039 1408 duos
1052 1374 1194 1420 Angelos
1207 1376 1344 1408 omnino
1353 1376 1440 1409 inter
1452 1373 1481 1408 se
1494 1373 1624 1418 stanles,
1638 1382 1672 1413 δε
1687 1375 1757 1411 solo
1814 1421 1816 1424 y

368 1437 504 1458 numero
520 1423 703 1458 differentes
714 1432 724 1457 ?
736 1426 783 1457 uti
798 1428 831 1459 δέ
847 1425 961 1458 animae
978 1421 1153 1457 rationales'
1166 1451 1174 1465 ‚
1189 1435 1255 1456 non
1270 1422 1375 1470 specie
1386 1451 1395 1464 ‚
1409 1422 1461 1456 sed
1469 1436 1605 1458 numero
1628 1427 1661 1459 in

369 1471 566 1521 discrepant:
581 1475 658 1519 quin
671 1478 704 1508 &
720 1475 895 1507 Deusunus
911 1472 952 1506 est
964 1484 1100 1506 numero
1111 1501 1120 1514 ‚
1135 1473 1284 1518 quamvis
1301 1473 1408 1505 omnis
1420 1470 1454 1506 fit
1472 1483 1587 1521 expers
1605 1484 1674 1515 mat
1721 1487 1756 1511 ae.

371 1524 488 1568 Qare
501 1521 579 1556 illud
603 1524 710 1568 negari
732 1521 835 1569 potest
857 1522 1018 1556 unitatem
1044 1523 1243 1556 numericam
1267 1519 1391 1556 nullam
1413 1519 1474 1555 effe
1495 1524 1530 1557 in
1547 1517 1668 1566 rebus}
1686 1535 1757 1571 quae

370 1572 513 1605 materiae
530 1570 769 1617 suntexpertes.
1534 1606 1536 1608 ,

403 1621 491 1668 Opp.
505 1635 532 1655 2.
549 1619 750 1653 existentiam
768 1619 947 1668 supponere
965 1631 1033 1653 rem
1044 1616 1251 1667 singularem:
1264 1617 1340 1653 cum
1351 1616 1484 1654 essentia
1494 1621 1580 1666 prius
1602 1619 1638 1654 sit
1650 1620 1757 1668 perfe-

372 1671 422 1704 &21
439 1671 471 1702 in
482 1672 608 1703 ratione
621 1667 776 1712 efferunt,
795 1669 896 1715 quam
906 1669 1036 1704 existere
1049 1670 1267 1715 concipiatur:
1286 1680 1382 1716 ergo,
1400 1669 1755 1715 inquiunt,existentia

371 1731 437 1753 non
456 1718 501 1752 est
517 1717 656 1753 formale
675 1720 868 1766 principium
890 1717 1170 1753 individuationis.

404 1768 441 1802 R.
454 1768 541 1814 Neg.
560 1778 628 1802 ant.
643 1767 710 1801 Res
728 1769 816 1802 enim
833 1781 899 1802 non
917 1767 960 1801 est
975 1765 1135 1814 singularis
1158 1766 1214 1802 nisi
1232 1779 1389 1814 quatenus
1407 1768 1450 1801 est
1470 1767 1703 1810 determinata,
1721 1772 1756 1804 &

370 1828 432 1850 una
455 1830 462 1851 :
487 1813 573 1863 quod
587 1828 697 1850 autem
712 1816 813 1850 existit
826 1845 834 1859 ,
848 1829 948 1851 unum
961 1816 1021 1859 est,
1043 1815 1216 1865 singulare,
1238 1822 1272 1853 &
1295 1817 1542 1851 determinatum
1562 1829 1570 1850 ε
1590 1816 1636 1850 est
1666 1815 1754 1851 enir'n

369 1866 433 1899 hoc
448 1895 457 1908 ‚
478 1871 511 1901 ἀ
528 1864 609 1899 nihil
622 1865 708 1899 aliud
721 1894 729 1907 ‚
742 1877 848 1911 neque
861 1864 965 1900 ullum
982 1865 1162 1900 universale
1173 1867 1285 1901 existit.
1299 1866 1412 1911 Qarc
1424 1866 1586 1901 existentia
1598 1867 1666 1898 rem
1680 1863 1754 1898 effi-

369 1916 412 1947 cit
424 1913 657 1962 singularem&
671 1914 921 1950 determinatam
934 1943 944 1957 ,
967 1927 1026 1949 nec
1046 1917 1222 1963 quicquam
1244 1914 1328 1948 alind
1353 1912 1430 1962 fingi
1444 1913 1550 1961 potest
1570 1912 1657 1958 quod
1680 1925 1753 1948 eam

370 1962 716 1999 iffisi‘itindividuam.
772 1971 778 1976 ”

394 2012 908 2058 Contra‚³71quiunt‚Antichristus
925 2015 989 2059 jam
1003 2013 1233 2059 concipitur-‚ut
1241 2012 1510 2053 individuum‚aut
1520 2020 1567 2043 res
1581 2009 1752 2057 singularis:

369 2059 422 2095 sed
436 2062 581 2097 nondum
594 2064 774 2110 concipitur
785 2062 915 2097 existere
932 2075 940 2096 z
969 2072 1047 2108 ergo
1068 2060 1234 2095 existentia
1248 2074 1314 2096 non
1324 2060 1487 2095 constituit
1506 2058 1686 2094 formaliter
1700 2061 1753 2097 in-

378 2111 557 2153 dividuum.
585 2110 652 2144 Res
672 2112 760 2145 enim
778 2111 905 2157 concipi
922 2122 989 2143 non
1002 2108 1109 2156 potest
1123 2111 1200 2144 citra
1224 2111 1416 2157 principium
1440 2107 1482 2142 sui
1502 2108 1751 2145 constitutivum.

403 2160 489 2208 Rcfp.
503 2159 727 2194 Antichristum
741 2161 856 2194 eodem
876 2158 976 2192 modo
996 2160 1122 2206 concipi
1137 2156 1345 2206 singularem,
1361 2170 1428 2205 quo
1452 2157 1582 2191 existere
1608 2159 1752 2206 concipi-

373 2220 440 2243 tur:
456 2210 498 2243 est
513 2211 600 2243 enim
612 2213 678 2255 jam
691 2207 851 2256 singularis
862 2237 873 2251 ‚
887 2217 1044 2254 quate-nm
1063 2208 1167 2255 potest
1188 2209 1328 2243 existere.

410 2257 545 2301 Instant.
560 2258 732 2292 Existentia
744 2272 811 2293 non
824 2259 870 2292 est
885 2257 925 2290 de
935 2258 981 2289 rei
995 2256 1127 2303 alicujus
1143 2255 1348 2300 cilenti-affice
1364 2258 1451 2289 enim
1468 2257 1523 2289 uni
1545 2258 1618 2290 Deo
1631 2267 1750 2291 conve-

373 2308 438 2341 nit:
457 2319 535 2352 crgo
556 2308 763 2343 Antichristus
777 2308 903 2356 concipi
916 2306 1018 2353 potest
1035 2303 1197 2354 fingularis
1215 2304 1278 2340 fine
1290 2304 1468 2339 existentia.

423 2356 457 2389 73,
476 2352 554 2399 Dist,
572 2367 640 2391 ant.
655 2357 823 2392 Existentia
837 2355 956 2392 nonest
969 2355 1008 2388 de
1025 2353 1156 2389 essentia
1169 2357 1214 2388 rei
1237 2353 1408 2388 secundum
1426 2353 1456 2388 se
1477 2351 1623 2400 specstatae
1639 2382 1648 2396 ‚
1665 2357 1699 2390 ὃ(
1711 2353 1751 2387 ad

373 2413 520 2438 naturam
539 2407 585 2439 rei
603 2404 783 2453 specificam
795 2418 864 2454 quae
879 2405 921 2440 est
940 2414 1010 2438 tota
1022 2405 1067 2438 rei
1083 2401 1231 2446 elsentia,
1255 2403 1550 2451 nortpertineth.
1567 2414 1634 2438 non
1656 2402 1701 2438 cst
1710 2402 1750 2436 de
