1857 2745
395 137 449 168 262
830 122 1286 163 PHILOSOPHI'A

392 179 504 215 summi
524 176 602 212 boni
616 172 761 225 possessio
774 188 782 210 ε
796 186 862 210 non
874 187 967 211 amor
980 175 1244 224 concupiscentia:
1254 178 1309 224 qui
1323 174 1399 212 sistit
1408 176 1440 211 in
1449 173 1544 211 nobis
1553 187 1679 223 :neque
1689 178 1789 213 etiam

393 241 416 261 ις
429 230 485 274 qui
498 227 616 260 dicitur
629 226 780 259 amicitiae
793 236 886 259 :nam
903 222 1074 271 objeCAEum
1092 224 1228 274 praesens
1241 238 1303 261 nec
1316 224 1437 268 efficit,
1459 237 1521 261 nec
1540 225 1690 274 supponit
1702 255 1712 270 ‚
1734 226 1790 263 sed

392 287 426 310 ut
439 273 536 323 vulgo
547 273 721 322 loquuntur
732 302 742 317 ‚
759 272 780 308 ὲ
790 272 936 321 praesenti
951 273 1100 310 &futuro
1119 273 1284 311 abstrahit.
1300 279 1382 324 Ergo
1399 274 1571 310 beatitudo
1593 275 1739 310 formalis
1755 277 1789 312 in

393 336 505 358 amore
519 337 586 358 non
599 323 645 358 est
655 321 755 371 pofita
769 336 779 358 ε
801 322 975 371 praesertim
987 336 1061 358 cum
1082 324 1113 357 id
1126 327 1290 373 proprium
1306 323 1341 359 fit
1364 323 1549 360 intellectus
1567 336 1603 359 ut
1620 325 1791 373 obje&um

390 371 447 408 sibi
458 371 595 421 praesens
607 371 692 407 fistat
704 400 714 414 ,
733 383 788 406 aut
803 370 942 417 efficiat,
971 373 1004 406 id
1015 371 1096 408 vero
1112 373 1204 408 nullo
1216 374 1316 408 modo
1330 374 1370 407 ad
1387 373 1590 408 voluntatem
1611 375 1790 422 pertineat.

422 423 511 469 Resp.
525 419 638 456 summi
650 420 729 456 boni
745 419 969 469 poiseffionem
982 423 1014 457 in
1025 422 1258 471 peffenstfflimo
1273 435 1386 458 amore
1406 421 1542 469 pofitarn
1560 421 1621 458 esse
1637 437 1645 458 :
1668 423 1720 458 hic
1730 435 1792 458 au-

389 482 459 506 tem
471 472 518 506 est
531 473 787 519 amicitiae,cujus
806 473 962 507 terminus
974 472 1197 520 primariustest
1214 476 1317 516 Deus,
1341 484 1377 507 ut
1397 471 1518 507 summe
1535 471 1640 507 bonus
1657 501 1667 516 ,
1690 483 1792 520 atque

392 520 456 569 ipsa
466 519 636 555 beatitudo
654 520 768 555 nostra.
781 520 829 555 Est
841 522 921 556 item
934 533 1026 557 arnor
1043 520 1203 557 fruitionis
1219 550 1228 567 ‚
1246 535 1316 557 non
1334 520 1489 557 desiderii.
1516 524 1605 558 Nam
1625 533 1682 569 qur
1700 520 1790 557 suam

388 568 544 605 alsecutus
556 571 599 605 est
612 569 850 618 perfectionem
862 599 871 614 ,
883 571 1018 605 meliore
1037 569 1111 605 loco
1123 571 1165 605 est
1177 599 1188 614 ‚
1202 571 1301 619 quam
1311 572 1364 618 qui
1376 570 1465 607 illam
1484 569 1695 618 prosequitur.
1706 572 1792 606 Vin-

390 618 497 654 culum
514 631 621 654 autem
635 618 714 653 illud
731 622 848 654 amoris
866 620 913 654 est
926 632 1100 655 commune
1114 619 1266 656 omnibus
1278 619 1381 654 beatis
1399 633 1407 654 :
1430 621 1516 655 unde
1528 624 1632 669 major
1645 619 1692 654 est
1706 621 1791 654 inter

388 680 445 703 eos
459 670 603 704 amicitia
618 670 718 704 :utin
737 667 797 703 hac
806 671 874 704 vita
888 681 926 704 ea
942 671 984 704 est
994 671 1222 718 optima‚cu'us
1235 668 1402 704 vinculum
1411 669 1458 703 est
1471 671 1571 704 virtus
1585 668 1658 717 ipsa.
1675 671 1793 717 Qare

390 715 503 753 beatus
515 723 549 755 &
565 715 707 767 seipsum
726 718 912 766 &reliquos
929 721 965 755 in
980 718 1140 754 felicitate
1162 683 1265 753 {jocios
1287 717 1413 767 diligit,
1437 720 1525 766 quod
1550 716 1692 767 ejusdem
1709 716 1792 753 boni

387 765 450 802 fint
459 769 648 816 participes:
670 767 700 801 se
713 769 856 805 enimur
873 770 961 803 cives
977 767 1118 816 ejusdem
1139 769 1300 811 civitatis,
1320 779 1389 813 quae
1406 770 1440 802 in
1456 769 1626 816 Scripturis
1639 765 1793 802 Hierusa-

388 814 455 851 lem
465 818 599 852 nomine
611 818 747 865 exprimi
760 816 840 851 solet
854 846 864 860 ,
877 817 1025 865 perfeete
1044 817 1194 866 diligunt.
1211 816 1312 864 Qod
1327 827 1436 851 autern
1452 818 1562 860 aiunt,
1589 816 1622 850 id
1640 817 1729 850 unius
1746 813 1794 850 es-

388 863 421 899 se
431 865 618 901 intellectus
631 894 640 909 ,
663 876 698 900 ut
714 864 880 912 objectum
894 865 953 901 fibi
971 866 1103 915 praesens
1121 864 1244 901 efficiat
1260 895 1269 908 ‚
1289 866 1321 900 id
1333 877 1447 900 verum
1457 865 1502 900 est
1515 877 1673 913 quantum
1687 864 1729 898 ad
1740 875 1793 898 re-

388 914 670 962 praesentationem
681 913 822 962 objecti:
841 914 894 950 sed
906 915 1060 950 voluntas
1073 913 1192 950 affectu
1207 943 1217 957 ,
1235 915 1288 949 seu
1299 926 1410 947 amore
1425 942 1434 956 ‚
1461 914 1593 963 objeffilw
1612 913 1667 948 suo
1681 912 1792 948 adhae-

387 965 479 999 rescit
490 963 552 1007 ‚eo
566 963 702 1011 quidem
714 962 837 999 firmius
851 992 862 1008 ‚
884 962 952 1011 quo
969 963 1138 1012 objectum
1163 963 1278 998 melius
1294 962 1463 1010 judicatur.

383 1043 388 1046 .
420 1012 556 1056 Instant.
568 1016 601 1048 Si
613 1016 701 1048 Deus
719 1011 810 1048 suum
824 1011 927 1048 beatis
942 1012 1128 1048 concursum
1146 1015 1191 1047 ita
1206 1011 1398 1047 subduceret
1416 1040 1426 1054 ,
1449 1024 1485 1047 ut
1513 1013 1553 1047 ad
1569 1014 1677 1048 aetum
1697 1023 1792 1048 amo-

387 1063 427 1096 ris
448 1074 515 1096 non
528 1073 735 1097 concurreret
746 1089 755 1103 ‚
781 1073 850 1095 tum
868 1060 958 1095 beati
974 1061 1088 1095 forent
1101 1063 1181 1095 citra
1199 1072 1366 1095 amorem:
1382 1073 1460 1095 nam
1472 1065 1582 1098 Deum
1593 1060 1791 1111 poffiderent

386 1123 447 1147 nec
459 1121 625 1144 amarent:
641 1121 721 1156 ergo
735 1107 871 1142 felicitas
887 1111 921 1143 in
934 1107 1131 1143 solavifione
1149 1108 1301 1144 consistit.

420 1160 506 1207 Rqsp.
527 1156 753 1193 Posseffionem
768 1156 878 1201 illam,
901 1155 1183 1194 &beatitudinem
1200 1169 1268 1193 turn
1289 1157 1363 1193 fore
1383 1159 1613 1209 imperfetstam
1627 1159 1792 1197 &inadaes

386 1219 524 1260 quaram
539 1237 548 1251 ‚
583 1220 651 1244 non
664 1205 847 1257 perfedkam
861 1211 894 1244 δε
911 1209 1069 1256 integram
1082 1223 1093 1252 3
1114 1219 1223 1255 neque
1240 1206 1324 1242 adeo
1341 1209 1507 1258 completa
1532 1208 1610 1245 effet
1624 1208 1792 1245 felicitatis

390 1258 532 1294 essentia⁴

424 1306 552 1342 Contra
565 1336 573 1350 ‚
594 1309 756 1353 inquiunt.
770 1311 944 1344 Beatorum
957 1309 1074 1343 animae
1086 1307 1232 1345 nondum
1244 1307 1391 1356 perfecta
1404 1306 1552 1342 fruuntur
1566 1306 1791 1352 beatitudine,

387 1368 487 1404 quani
498 1356 566 1404 post
581 1355 846 1394 resurrectionem
859 1356 1100 1405 consequentur
1115 1370 1123 1392 :
1148 1355 1223 1392 cum
1237 1356 1385 1406 perfecta
1407 1362 1440 1393 δι
1454 1359 1546 1392 omni
1565 1368 1602 1390 ex
1622 1369 1714 1405 parte
1729 1356 1790 1393 ab-

386 1404 491 1440 soluta
509 1404 647 1439 felicitas
659 1407 699 1441 ad
719 1419 827 1443 totum
840 1408 1010 1443 hominem
1021 1408 1183 1455 pertineat
1200 1421 1208 1443 :
1224 1412 1259 1443 &
1273 1418 1381 1441 tamen
1393 1404 1458 1455 jam
1472 1404 1627 1440 essentiali
1639 1406 1790 1442 fruuntur

384 1453 602 1490 beatitudine.
616 1457 701 1503 Ergo
719 1456 739 1491 22
757 1459 827 1504 pari
838 1457 915 1492 licet
929 1468 983 1490 aut
995 1468 1088 1490 amor
1100 1484 1110 1499 ‚
1129 1467 1183 1490 aut
1197 1455 1372 1490 delectatio
1391 1452 1510 1489 abeffet
1527 1453 1548 1488 ἐι
1562 1454 1683 1490 visione
1699 1456 1789 1498 Dei,
1838 1472 1840 1482 ι

384 1501 489 1539 nihilo
510 1514 620 1538 tamen
639 1506 741 1538 minus
754 1510 821 1554 jam
835 1505 919 1540 illius
939 1503 1069 1540 effentia
1084 1503 1248 1552 completa
1267 1502 1343 1539 effet
1359 1508 1393 1540 &
1410 1502 1578 1540 absoluta:
1595 1516 1667 1539 cum
1685 1515 1790 1548 amor,

385 1557 419 1589 ες
430 1550 605 1586 delectatio
616 1550 775 1589 visionem
789 1556 856 1590 Dei
873 1553 992 1590 claram
1001 1552 1241 1601 consequantur
1253 1581 1266 1598 ,
1286 1564 1323 1588 ut
1337 1554 1554 1602 proprietates
1565 1581 1576 1598 ‚
1593 1565 1662 1589 non
1670 1564 1706 1589 ut
1717 1565 1789 1603 par·
1838 1588 1839 1591 ,

385 1612 433 1636 tes
446 1599 532 1635 illius
545 1599 732 1639 essentiales.

423 1650 463 1686 R.
482 1650 572 1698 Neg.
582 1652 700 1698 confiq.
720 1651 838 1700 Dispar
852 1654 937 1688 ratio
953 1655 989 1689 in
1002 1652 1066 1688 hoc
1081 1650 1181 1700 posita
1194 1652 1238 1686 est
1248 1681 1259 1697 ‚
1274 1649 1363 1700 quod
1378 1653 1501 1687 animus
1519 1655 1626 1689 Deum
1638 1650 1679 1687 fic
1687 1649 1788 1701 poffi-

382 1698 458 1733 deat
471 1727 480 1741 ‚
506 1710 540 1733 ut
559 1698 691 1735 societas
706 1704 849 1751 corporis
863 1715 929 1737 non
950 1705 1130 1749 requiratur
1140 1730 1150 1745 ‚
1164 1699 1219 1737 nisi
1227 1713 1265 1736 ut
1276 1713 1315 1736 ex
1330 1703 1442 1736 animo
1453 1703 1486 1737 in
1502 1714 1616 1750 corpus
1627 1701 1787 1736 redundet

385 1749 636 1796 incorruptionis
653 1751 747 1799 vigor
763 1779 773 1794 ,
794 1763 830 1785 ut
845 1750 988 1798 loquitur
1005 1754 1036 1786 S.
1050 1751 1239 1798 Augustinus
1255 1765 1263 1786 :
1289 1748 1343 1786 sed
1356 1753 1446 1785 Deus
1464 1764 1533 1786 non
1573 1749 1722 1786 offidetut
1737 1751 1789 1787 ni-

380 1795 401 1831 si
416 1810 472 1839 per
482 1809 627 1832 amorem
638 1827 648 1841 ‚
668 1802 726 1845 qui
739 1798 793 1835 suo
814 1799 907 1836 bono
923 1800 1060 1836 fruitur:
1081 1799 1164 1834 adeo
1174 1812 1210 1834 ur
1221 1799 1284 1835 sine
1297 1799 1517 1834 delectatione
1539 1765 1661 1836 {simma
1677 1810 1787 1846 neque

381 1844 444 1880 effe
457 1875 465 1888 ,
485 1859 593 1894 neque
602 1848 839 1897 conciptpoffit
853 1849 1024 1884 beatorum
1041 1861 1143 1884 amor.
1155 1850 1235 1885 Non
1254 1847 1343 1895 quod
1363 1845 1486 1883 necess'e
1505 1846 1540 1883 fit
1559 1862 1630 1883 eam
1645 1847 1787 1882 delecta-

382 1898 507 1929 tionem
526 1895 586 1930 effe
597 1896 750 1932 rcflexam
762 1927 771 1941 ‚
787 1904 820 1936 δε
833 1899 1012 1934 distinctam
1023 1897 1065 1932 ab
1077 1897 1286 1940 amore,adeo
1298 1908 1334 1930 ut
1346 1895 1381 1929 fit
1389 1896 1564 1930 delectatio
1578 1897 1618 1930 de
1631 1895 1696 1942 ipsa
1711 1895 1786 1944 poll

379 1943 528 1980 sessione:
549 1944 599 1978 sed
615 1946 738 1981 directa
751 1947 797 1981 est
810 1974 819 1989 ‚
837 1959 871 1981 ut
889 1947 1065 1993 loquuntur
1081 1974 1089 1987 ‚
1107 1950 1140 1980 &
1160 1946 1264 1978 amori
1291 1944 1424 1977 fruitivo
1445 1942 1629 1980 effentialis.
1653 1945 1783 1993 Corpus
1835 1981 1838 1985 ,

381 1992 457 2027 vero
471 1996 580 2028 Deum
600 1994 758 2041 possidere
772 2008 838 2030 non
860 1995 968 2042 potest
985 2006 1043 2041 per
1063 1993 1206 2040 aliquam
1224 1994 1390 2028 actionem
1414 1990 1473 2026 fibi
1492 1996 1674 2042 propriam:
1692 1994 1784 2030 nulla

379 2045 467 2077 enim
489 2042 571 2077 illius
588 2044 675 2077 aeuo
688 2046 798 2078 Deum
808 2043 917 2091 potest
926 2044 1089 2090 attingere
1107 2055 1115 2077 t
1129 2040 1180 2076 sed
1204 2044 1237 2078 in
1258 2055 1298 2076 eo
1313 2044 1402 2077 Deus
1416 2052 1453 2075 ut
1475 2043 1510 2077 in
1525 2042 1650 2091 templo
1664 2072 1673 2086 ,
1694 2045 1782 2078 miro

377 2091 521 2139 quodam
529 2094 628 2126 modo
639 2090 816 2127 habitabit.
834 2094 909 2127 Nec
923 2103 1036 2127 tamen
1047 2093 1222 2138 quicquam
1238 2091 1277 2125 de
1291 2089 1495 2125 beatitudine
1506 2094 1623 2126 animae
1635 2092 1782 2127 detrahi-

378 2153 428 2175 tur
443 2169 453 2183 ,
471 2141 561 2187 quod
580 2139 632 2175 suo
648 2143 777 2190 corpori
789 2141 938 2177 nondum
958 2139 1111 2176 reddatur
1129 2154 1137 2177 :
1163 2141 1195 2175 id
1209 2142 1297 2178 enim
1313 2141 1438 2188 expetit
1458 2143 1582 2177 animus
1593 2139 1657 2176 fine
1669 2142 1782 2179 anxie.

378 2202 460 2224 tate.

418 2239 502 2285 Opp.
519 2237 576 2273 nlt.
589 2236 669 2272 Illud
687 2239 727 2273 ad
744 2251 892 2275 naturam
902 2238 1069 2274 felicitatis
1085 2241 1241 2287 pertinet,
1259 2250 1294 2274 ut
1312 2252 1378 2274 non
1393 2239 1492 2275 modo
1516 2238 1688 2274 facultates
1707 2239 1779 2275 ani..

377 2297 437 2319 ma:
453 2314 461 2327 ,
477 2285 527 2319 sed
543 2289 641 2322 etiam
660 2287 744 2322 illius
757 2288 888 2324 essentia
908 2291 1018 2323 Deum
1037 2286 1194 2336 poffideat
1208 2317 1217 2331 ,
1235 2301 1339 2335 eoque
1352 2288 1542 2330 impleatur:
1558 2287 1779 2335 quemadmo-

374 2334 449 2367 dum
464 2347 518 2379 ρει·
528 2338 663 2382 gratiam
673 2340 759 2372 Deus
774 2336 940 2373 effentiam
951 2335 1044 2385 ipsius
1060 2339 1174 2372 animae
1187 2351 1275 2372 novo
1296 2332 1406 2371 modo*
1418 2337 1580 2372 inhabitat
1595 2348 1603 2369 :
1626 2336 1669 2370 est
1688 2337 1778 2372 enirn

374 2382 492 2419 divin-x
505 2395 623 2419 naturae
631 2388 836 2436 participatio
848 2387 1012 2436 quaedam,
1024 2391 1117 2435 juxta
1131 2385 1211 2421 illud
1225 2387 1310 2424 Perti
1321 2386 1479 2435 Apostoli,
1493 2388 1604 2422 divina
1611 2385 1698 2432 fac‘li
1709 2397 1778 2422 con-

1838 1491 1840 1523 l
