1857 2745
405 167 468 207 30⁶
884 153 1338 191 ‘PHILOSOPHIA

406 221 474 244 tem
487 207 572 242 suam
583 219 649 241 non
672 205 783 254 prodit
797 218 805 240 ε
823 205 869 239 ita
881 203 1067 239 intelleekus
1077 204 1269 254 plerumque
1282 215 1409 253 paratus
1424 204 1471 239 est
1489 204 1529 238 ad
1543 203 1807 255 intelligendum
1827 208 1857 248 *zi

406 256 488 293 nihil
509 255 579 290 fere
590 257 621 289 ei
634 255 721 289 deest
738 264 851 303 praeter
866 266 1025 302 organum
1044 251 1128 288 bene
1138 254 1338 290 instruetum.
1351 254 1453 291 Unde
1465 252 1487 288 si
1498 252 1613 297 hebes,
1624 267 1679 289 aut
1697 257 1804 291 tardus
1827 264 1828 285 ἐ

407 304 568 341 habeatur
583 333 592 348 ‚
611 304 644 338 id
657 315 785 340 tantum
802 302 839 338 fit
857 304 990 352 organi,
1005 312 1062 337 aut
1078 304 1227 352 imaginis
1242 306 1349 339 vitio:
1369 317 1440 338 cum
1462 315 1511 338 res
1536 305 1728 357 incorgorea
1750 307 1805 340 vix
1832 326 1834 329 ·

409 353 479 390 fieri
492 355 639 397 acutior,
651 366 705 389 aut
721 352 879 388 mobilior
897 350 1005 401 posfit.
1021 351 1087 386 Sed
1100 363 1171 387 cum
1191 354 1322 403 vestigia
1349 352 1486 388 cerebro
1509 352 1656 401 impressa
1674 353 1806 390 confusa
1824 363 1836 395 f
1852 356 1857 378 ·;

405 402 479 438 sunt
491 407 542 446 ‚&
562 401 772 450 perturbata3
789 414 862 436 cum
873 401 1067 450 spiritusper
1080 400 1135 436 illa
1145 415 1214 438 non
1233 402 1304 438 satis
1321 404 1394 437 trita
1407 403 1538 451 vestigia
1553 404 1658 437 minus
1673 403 1806 451 expedi·
1821 427 1828 446 4
1856 411 1857 414 ’

407 465 442 488 te
461 450 636 487 discurrunt
652 468 661 496 ·‚
681 464 754 486 cum
770 451 865 486 facile
884 451 985 486 deleri
1005 448 1130 499 poffunt
1149 467 1158 493 ;
1173 463 1241 487 turn
1256 450 1385 487 habitus
1403 463 1458 486 aut
1476 451 1580 487 nullus
1607 452 1670 494 est,
1686 463 1742 486 aut
1757 452 1806 487 fa-
1823 447 1828 497 js

409 501 472 536 cile
491 504 695 549 expungitur.
717 501 842 537 Contra
856 502 968 536 evenit
979 499 1054 545 ,nbi
1066 500 1204 549 vestigia
1221 503 1256 536 in
1267 500 1403 536 cerebro
1415 500 1485 536 sunt
1499 499 1662 535 inconfusa
1673 530 1682 544 ‚
1705 513 1742 536 ex
1755 513 1807 535 re-
1823 499 1827 543 f

409 552 521 599 petitis
534 550 659 585 aeribus
674 550 739 585 alte
756 549 903 599 impressa
915 561 1074 598 ·‚cumque
1086 547 1211 598 spiritus
1231 563 1288 600 per
1298 563 1334 586 <aa
1347 579 1358 595 ,
1372 550 1440 585 fere
1455 561 1492 585 ut
1509 562 1590 597 aqua
1604 561 1660 598 per
1675 549 1808 585 tubulos

411 611 494 648 quos
505 597 560 634 fibi
571 602 696 648 aptavit
709 629 718 642 ‚
732 599 835 634 libere
845 599 1035 637 discurrunt.
1823 630 1827 635 ,,

461 648 557 685 Proh.
572 664 596 685 2·
611 650 732 686 Eadem
743 662 826 698 pene
843 650 971 685 videtur
983 650 1066 684 ratio
1083 647 1253 685 habituum
1268 679 1277 693 ‚
1290 662 1360 697 quae
1376 651 1543 684 memoriae
1564 663 1572 686 :
1590 662 1662 684 cum
1678 647 1812 686 habim&
1826 648 1827 651 ’

412 695 471 745 ipfi
487 725 498 741 ,
521 709 578 733 aut
591 699 751 734 memori&
767 701 995 734 contineantur
1009 728 1018 742 ,
1041 704 1074 736 &
1089 701 1269 749 imaginum
1287 702 1437 747 congerie
1448 728 1457 742 ,
1472 711 1527 734 aut
1542 711 1580 734 ex
1591 711 1628 733 ea
1643 699 1808 748 pendeant

412 749 576 784 maxime:
592 746 644 783 sed
656 750 812 784 memoria
839 750 872 783 in
893 760 985 797 parte
1006 750 1119 784 animae
1139 748 1297 783 sentiente
1316 750 1415 797 magis
1435 761 1534 796 quam
1553 750 1584 783 in
1601 759 1691 797 parte
1708 747 1824 783 intel-‚

411 795 545 830 leekuali
557 797 646 833 inest.
675 800 761 834 Nam
779 796 834 832 ubi
851 796 977 832 abolita
993 798 1037 832 est
1055 827 1065 841 ,
1080 802 1114 835 &
1133 797 1271 845 vestigia
1291 795 1418 831 cerebri
1435 797 1563 841 deleta,
1582 796 1675 832 nullae
1690 799 1724 832 in
1740 798 1814 845 ipso·

409 843 584 881 intellectu
611 858 783 882 remanent
804 846 925 896 species
948 861 957 883 :
990 858 1097 895 neque
1120 849 1210 881 enim
1235 844 1358 881 necesse
1385 845 1430 880 est
1454 846 1494 880 ad
1512 848 1700 895 congenitas
1723 874 1734 889 ,
1754 832 1826 889 aut?

411 893 490 928 alias
511 907 554 930 ex
580 894 676 930 rebus
701 898 862 945 corporeis
886 895 1064 943 exsculptas
1090 897 1249 943 imagines
1272 893 1471 942 confugere:
1492 908 1562 929 cum
1588 907 1678 930 mens
1696 905 1753 929 aut
1772 898 1823 931 inv

415 954 545 979 aeternae
557 946 704 979 veritatis
716 944 787 980 luce
800 957 848 979 res
864 943 1089 992 intelligibiles
1104 945 1222 978 intueri
1234 941 1329 991 poffit
1342 972 1351 985 ,
1369 955 1405 977 ut
1414 944 1541 978 videtur
1559 945 1596 980 S.
1609 944 1787 992 Augustino
1796 974 1812 989 ,

411 991 465 1026 vel
482 1005 520 1027 ex
534 1004 655 1028 naturae
673 993 745 1042 lege
759 1022 768 1037 ,
785 1005 840 1028 aut
854 993 1026 1028 voluntate
1041 993 1145 1028 nostra
1157 994 1386 1040 perceptiones
1399 1020 1408 1033 ‚
1420 993 1563 1026 autideae
1576 994 1671 1027 certis
1681 992 1814 1028 cerebri

412 1041 553 1088 vestigiis
564 1040 621 1076 sint
628 1043 767 1087 addi-{143
776 1041 831 1077 vel
840 1052 927 1076 certe
937 1040 993 1075 illa
1004 1041 1133 1088 vestigia
1143 1040 1211 1075 sunt
1221 1040 1357 1086 quedam
1370 1040 1460 1075 velut
1469 1042 1676 1077 instrumenta
1686 1041 1815 1090 quibus-

412 1101 503 1124 mens
518 1091 618 1124 utitur
631 1119 641 1133 ‚
651 1093 794 1125 maxime
805 1102 880 1124 cum
888 1101 938 1124 res
947 1100 1120 1136 corporeas
1136 1087 1380 1136 intelligittnam
1389 1089 1557 1124 cerebrum
1570 1088 1610 1124 fic
1624 1092 1707 1125 inter
1715 1103 1809 1127 men·
1824 1132 1827 1138 Δ

413 1148 481 1171 tem
498 1142 533 1174 &
552 1137 714 1184 reliquum
725 1149 840 1186 corpus
855 1136 1009 1184 sequestri
1019 1148 1133 1171 munus
1152 1135 1244 1180 obit,
1266 1148 1302 1172 ut
1317 1148 1374 1184 per
1393 1137 1424 1170 id
1442 1165 1452 1181 ‚
1474 1137 1637 1185 reliquum
1651 1151 1763 1188 corpus
1772 1142 1828 1177 in·

413 1196 560 1221 mentem
572 1214 582 1229 ‚
598 1192 632 1222 &
647 1185 781 1222 viciffim
799 1198 891 1221 mens
907 1188 940 1221 in
956 1196 1063 1221 totum
1077 1197 1192 1234 corpus
1204 1197 1288 1235 agat.
1299 1188 1389 1222 Nam
1400 1185 1462 1220 hoc
1472 1189 1646 1235 interjecto
1670 1193 1704 1225 &
1719 1192 1810 1239 cogi-

413 1237 553 1271 tationes
564 1237 685 1271 mentis
698 1235 718 1271 a
735 1248 893 1283 corpore,
904 1240 938 1272 &
953 1246 1059 1271 motus
1075 1237 1218 1284 corporis
1240 1235 1259 1271 Ξ).
1282 1246 1393 1272 mente
1424 1235 1653 1272 modificantur
1678 1254 1689 1281 ς
1722 1238 1808 1274 unde
1824 1236 1827 1243 ’

413 1283 560 1321 &sensus
576 1297 688 1320 omnes
703 1288 736 1321 in
754 1286 861 1331 capite
876 1284 947 1320 fiint
964 1283 1128 1320 collocati.
1164 1284 1223 1319 Illa
1241 1296 1352 1320 autem
1375 1284 1574 1320 necessitudo
1588 1288 1672 1321 inter
1687 1290 1808 1324 mentis

414 1334 629 1381 cogitationes
643 1363 652 1377 ‚
669 1340 703 1371 δε
720 1332 845 1368 cerebri
863 1346 920 1369 aut
937 1333 1106 1383 spirituum
1120 1332 1339 1383 impressiones
1352 1346 1419 1368 non
1437 1333 1478 1368 ab
1495 1334 1576 1378 alia,
1595 1347 1695 1382 quam
1709 1335 1727 1372 ὲ
1741 1339 1808 1386 pri-

414 1394 466 1416 ma
478 1382 570 1417 causa
588 1383 652 1419 fuit
669 1384 820 1420 instituta.
850 1385 940 1420 Nam
953 1381 1091 1419 effeetus
1106 1382 1266 1431 generalis
1287 1381 1376 1418 causa
1394 1394 1528 1430 quoque
1543 1383 1701 1431 generalis
1719 1398 1807 1433 quae-
1822 1378 1827 1415 ἶ
1855 1392 1857 1402 ’

412 1431 513 1466 tenda
527 1433 582 1469 est.
606 1435 640 1467 Si
658 1435 730 1480 quis
741 1444 852 1481 roget,
868 1434 914 1467 ait
936 1435 986 1468 vir
1015 1432 1154 1467 eruditus
1166 1461 1176 1475 ,
1189 1444 1244 1466 cur
1254 1431 1333 1481 lapis
1348 1434 1508 1479 projeetus
1526 1431 1562 1467 sit
1573 1461 1583 1476 ,
1603 1431 1692 1467 causa
1707 1446 1808 1482 pecu-
1822 1436 1824 1485 J

413 1479 500 1514 liaris
513 1481 560 1514 est
571 1480 735 1516 afferenda
748 1496 755 1516 :
774 1492 809 1515 at
825 1483 979 1528 quaerenti
990 1493 1044 1515 cur
1053 1480 1295 1529 lapisprojestus
1305 1491 1432 1514 motum
1443 1479 1531 1516 suum
1542 1483 1725 1526 continuet,
1734 1495 1809 1519 cau-
1822 1519 1823 1523 ,

413 1528 443 1563 sa
455 1530 599 1574 quaedam
618 1529 776 1577 generalis
787 1530 831 1563 est
840 1529 1016 1565 afferenda.
1035 1528 1097 1563 ma
1114 1532 1198 1564 inter
1213 1530 1330 1564 mentis
1348 1531 1562 1577 cogitationes
1574 1559 1583 1574 ‚
1605 1535 1641 1567 &
1669 1531 1806 1581 vestigia

413 1576 538 1612 cerebri
549 1577 747 1614 neceffitudo
764 1577 899 1614 effeetus
913 1578 957 1613 est
964 1577 1137 1627 generalis.
1155 1578 1254 1615 Unde
1265 1580 1417 1626 quaerenti
1441 1591 1495 1614 cur
1507 1578 1615 1628 pofitis
1628 1581 1721 1615 certis
1734 1593 1807 1616 cor-
1821 1595 1824 1628 Α

412 1639 531 1674 porum
543 1627 688 1662 motibus
707 1639 798 1662 certae
813 1629 956 1663 oriantur
971 1629 1279 1676 perceptione3‚non
1292 1627 1354 1662 alia
1368 1626 1474 1664 afferri
1487 1628 1577 1665 causa
1589 1629 1697 1679 potest
1705 1630 1806 1679 quam

415 1686 503 1710 certa
519 1687 640 1712 naturae
651 1677 701 1712 lex
711 1705 721 1721 ,
736 1688 791 1712 aut
803 1678 947 1713 constans
966 1678 1032 1714 Dei
1048 1676 1215 1714 voluntas.

941 1759 1088 1795 Secunda
1108 1758 1286 1805 Conclusio.

1823 1805 1826 1817 ,
1853 1801 1855 1806 .

418 1820 579 1908 Nihil
597 1824 719 1860 necesse
732 1825 774 1860 est
788 1826 821 1861 in
834 1825 1007 1861 voluntate
1024 1853 1034 1868 ,
1047 1827 1145 1861 autin
1162 1826 1311 1873 appetitu
1323 1823 1480 1861 sentiente
1499 1838 1600 1863 novas
1615 1824 1806 1873 qualitates,
1821 1818 1831 1883 ξ

519 1871 572 1906 seu
584 1872 713 1908 habitus
723 1873 766 1909 ab
785 1874 851 1923 ipsa
863 1874 1032 1911 voluntate
1045 1874 1206 1910 distinCtos
1217 1873 1428 1910 comminisci.
1822 1886 1832 1901 ·’
1855 1887 1857 1891 ’

451 1920 547 1957 Prob.
560 1924 655 1956 concl.
688 1923 848 1959 Voluntas
868 1938 935 1960 non
948 1924 996 1959 est
1009 1925 1057 1958 vis
1072 1922 1114 1958 ab
1131 1922 1298 1958 intelleou
1320 1922 1466 1957 distinsta
1481 1949 1491 1964 ,
1514 1933 1621 1970 neque
1639 1926 1806 1972 appetitus
1854 1920 1857 1953 ἷ

414 1970 461 2004 est
471 1969 606 2005 facultas
617 1970 659 2006 ab
675 1974 911 2022 imaginatione
921 1972 1061 2020 sejunCta
1075 1985 1084 2007 τ
1096 1969 1201 2020 ergofi
1219 1969 1300 2006 nulli
1314 1968 1416 2005 fintin
1435 1969 1502 2019 ipso
1526 1970 1698 2009 intellectu
1708 1973 1804 2010 habi-
1823 2001 1827 2006 .
1853 1969 1857 1988 ²

419 2029 468 2054 tus
486 2019 631 2067 acquisiti
645 2050 655 2062 ‚
666 2022 748 2057 nihil
764 2035 823 2057 nos
838 2025 928 2071 cogit
945 2032 1047 2056 novas
1072 2022 1104 2055 in
1123 2019 1293 2056 voluntate
1310 2018 1363 2056 vel
1381 2022 1530 2069 appetitu
1546 2020 1717 2069 qualitates
1730 2034 1801 2061 tan·
1822 2020 1825 2050 ἶ

416 2081 515 2116 quam
529 2069 693 2105 distin-stas
708 2073 859 2105 entitates
875 2068 1084 2105 comminisci·
1822 2074 1830 2089 ⁷

456 2117 608 2162 Confirm.
630 2118 792 2166 Ejusmodi
804 2118 977 2166 qualitates
989 2119 1137 2154 videntur
1147 2121 1277 2167 penitus
1296 2120 1425 2156 inutiles
1436 2148 1445 2162 ,
1458 2131 1533 2155 cum
1546 2119 1695 2156 voluntas
1710 2119 1730 2156 ὲ
1742 2130 1801 2156 coo·
1824 2147 1825 2151 ,
1855 2122 1857 2135 ²

418 2168 563 2216 gnitione
579 2166 643 2215 ipsa
656 2198 665 2212 ‚
678 2179 729 2203 aut
741 2166 759 2203 ἐι
770 2169 889 2217 judicio
902 2168 1085 2205 intellectus
1099 2180 1134 2203 ut
1147 2169 1165 2204 a
1184 2170 1374 2206 conditione
1391 2168 1531 2217 quadam
1545 2170 1777 2205 determinetur
1790 2187 1805 2215 -,

417 2228 453 2250 ac
471 2214 493 2250 si
507 2228 575 2264 quae
593 2215 629 2251 fit
647 2215 726 2252 diffit
735 2217 815 2252 ultas
835 2217 1008 2266 superanda
1023 2248 1031 2262 ‚
1044 2231 1080 2253 ea
1094 2216 1290 2260 potissimum
1303 2221 1334 2255 in
1353 2219 1484 2265 organis
1495 2217 1593 2266 polita
1611 2219 1668 2256 est.
1692 2220 1801 2267 Atque
1826 2236 1828 2238 ·

418 2276 453 2298 ut
471 2277 511 2299 ex
525 2268 668 2313 repetitis
685 2265 811 2302 actibus
823 2268 971 2314 quaedam
997 2266 1033 2302 fit
1055 2267 1186 2304 »ἱῖ’θᾶἱο
1201 2281 1274 2313 ‚aut
1293 2264 1461 2317 propensio
1475 2270 1509 2302 in
1524 2267 1692 2304 voluntate
1703 2297 1713 2312 ,
1730 2280 1801 2314 quae

421 2314 649 2350 inclinationes
671 2315 712 2350 ab
740 2317 886 2352 Authore
905 2328 1022 2353 natura:
1042 2320 1133 2365 impr!
1147 2314 1201 2353 ssas
1215 2319 1411 2353 determinet
1424 2347 1433 2361 ‚
1457 2316 1510 2352 illa
1541 2329 1649 2353 tamen
1667 2316 1799 2353 affectio
1829 2346 1847 2365 ⁷.

418 2372 473 2395 aut
489 2363 677 2407 inclinatio,
699 2377 753 2400 aut
777 2367 981 2411 pondusmon
995 2367 1040 2401 est
1060 2367 1214 2414 quiddam
1230 2365 1273 2404 ab
1292 2370 1402 2405 anima
1423 2378 1477 2406 aut
1500 2366 1671 2406 voluntate
1685 2365 1799 2412 distin-3
1837 2372 1849 2427 «1

418 2411 528 2456 etum,
549 2412 605 2449 nisi
629 2415 715 2452 forte
737 2415 937 2453 modificatio
956 2416 1111 2465 quaedam.
1847 2435 1849 2437 ’

1823 583 1827 606 f.
