1857 2745
380 153 451 209 v312,
846 157 1314 193 PHILOSOPHIA

450 210 550 247 Unde
561 220 634 244 cum
645 207 766 242 celeres
775 205 848 241 sunt
859 206 1031 255 phantaliae
1041 219 1216 255 conceptus
1225 236 1235 251 ,
1247 206 1329 256 saepe
1345 206 1455 255 lingua
1468 206 1569 242 haeret
1579 235 1589 250 ,
1599 219 1653 244 aut
1663 206 1798 246 titubat:

407 260 460 295 vel
471 258 560 307 quod
571 256 672 304 aliqui
683 268 722 290 ex
731 254 875 291 musculis
881 258 948 303 ,qui
961 256 1002 290 ad
1015 255 1223 291 formandam
1234 268 1350 292 vocem
1365 257 1551 304 conspirant
1562 285 1572 300 ,
1587 258 1702 293 tardius
1721 271 1798 294 mo-

406 317 615 350 veantur‚nec
628 307 698 340 vim
708 307 905 341 concitatam
914 307 1154 354 imaginationis
1164 304 1254 354 sequi
1266 304 1401 354 possint3
1409 306 1462 340 vel
1476 306 1564 353 quod
1573 307 1622 340 vis
1638 308 1800 355 imagina-

406 359 466 393 trix
478 358 513 392 in
524 355 704 391 formandis
715 353 909 403 imaginibus
920 357 1054 390 nimium
1070 367 1297 403 occupata,eos
1309 367 1416 390 motus
1432 355 1645 404 negligat‚qui
1657 357 1698 391 ad
1708 358 1799 392 vocis

405 417 525 454 organa
544 404 614 440 sunt
625 400 796 439 necessarii.
816 406 906 453 Saepe
917 403 1053 439 laxiores
1064 403 1133 439 sunt
1140 407 1222 453 pori,
1232 416 1288 439 aut
1298 416 1422 440 meatus
1437 403 1707 450 musculorum‚in
1717 416 1801 454 quos

403 455 529 504 spiritus
541 454 561 490 ὲ
571 455 783 489 concitatiore
794 452 1050 502 phantafiassmiffi
1059 466 1130 488 cum
1143 456 1265 503 impetu
1275 453 1336 489 sese
1349 466 1462 489 mutuo
1472 454 1719 502 impediunt3aut
1728 466 1803 490 con-

405 517 455 540 tra
464 503 486 539 fi
496 503 555 539 siut
563 515 687 539 meatus
699 503 1037 552 angustiores‚spiritus
1046 502 1117 537 satis
1128 502 1275 548 copiosos
1284 517 1351 539 non
1361 503 1635 539 admittunttuncle
1643 518 1711 540 vox
1723 504 1804 540 titu-

403 553 473 590 bat.
490 555 672 602 Utcunque
695 564 733 586 ea
744 564 795 587 res
812 552 858 597 fit,
871 565 936 600 quo
946 554 1059 601 utique
1073 553 1173 587 modo
1187 555 1219 588 in
1231 566 1355 602 organo
1364 554 1609 602 imaginationis
1622 564 1673 588 tot
1685 551 1802 591 diverfi

405 614 514 639 motus
524 603 657 639 formari
667 599 807 650 poffint,
817 601 888 638 satis
903 613 979 651 apte
991 614 1029 637 ex
1043 603 1153 650 lingua
1166 602 1300 650 ipsa,aut
1318 615 1356 637 ex
1374 615 1472 638 manu
1487 599 1646 650 possumus
1657 605 1801 653 conjice-

403 665 449 688 re.
472 654 564 690 Nam
579 650 601 686 si
614 651 720 700 lingua
734 663 802 686 tam
815 654 911 687 variis
931 651 1075 687 motibus
1090 653 1229 700 agitetur
1240 680 1250 695 ‚
1267 663 1301 686 ut
1317 663 1492 700 conceptus
1504 651 1628 687 nostros
1646 662 1727 688 voce
1743 665 1802 690 ex·
1852 667 1857 694 i

403 705 543 752 pumat,
556 703 728 736 numanus
740 699 892 750 scriptura
915 716 923 738 :
940 700 1046 736 multo
1066 703 1189 749 potiori
1205 706 1276 750 jure
1290 712 1340 736 tot
1360 699 1483 736 diversa
1496 730 1507 744 ,
1533 713 1603 748 quae
1632 703 1799 739 incurrunt
1852 696 1853 704 ¹

404 750 560 800 objecta,
579 748 715 786 infinitis
734 762 837 800 prope
857 750 1004 786 motibus
1031 749 1148 798 inipso
1173 752 1402 799 imaginatricis
1419 763 1543 798 organo
1559 752 1802 798 exprimentur:

405 801 439 835 id
458 802 548 837 enim
560 799 707 836 estinstat
722 799 836 849 linguae
853 802 1033 844 interioris,
1046 803 1134 848 cujus
1148 811 1256 834 motus
1275 812 1357 834 voce
1368 828 1378 844 ‚
1396 811 1452 834 aut
1465 798 1613 835 sermone
1632 798 1804 847 explican-

406 860 469 886 tur.
494 851 605 897 Atque
618 860 655 884 ut
676 861 782 884 motus
797 855 832 887 &
844 861 1018 899 conceptus
1036 851 1085 884 vis
1098 850 1326 897 imaginatricis
1341 847 1413 884 sunt
1432 847 1516 897 signa
1531 859 1635 882 rerum
1651 847 1804 896 objecta-

402 911 478 934 rum
499 912 507 935 :
531 898 571 935 fic
583 910 681 935 voces
695 910 752 933 ore
767 898 914 935 formatae
928 928 938 943 ,
958 911 1016 934 aut
1039 908 1175 933 exaratae
1196 896 1288 946 ipsius
1314 899 1556 946 imaginationis
1585 907 1693 932 motus
1710 897 1805 943 exhif

405 947 487 983 bent
501 977 511 993 ,
525 953 560 986 δε
579 951 613 983 in
627 950 664 983 iis
675 950 805 996 organis
821 961 860 984 ea
871 948 1008 984 facilitas
1023 946 1180 982 consimili
1197 947 1300 982 modo
1311 957 1528 995 comparatur.

448 999 584 1046 Qanta
597 1010 678 1033 vero
690 995 726 1032 fit
740 998 830 1047 hujus
842 997 1006 1033 facilitatis
1017 998 1065 1032 vis
1079 1025 1089 1040 ‚
1104 995 1158 1031 vel
1170 995 1245 1031 hinc
1265 995 1414 1030 discimus
1424 1023 1434 1039 ,
1447 995 1534 1042 quod
1552 1007 1627 1030 cum
1646 1007 1745 1031 voces
1758 1007 1803 1033 ex

406 1047 553 1082 instituto
562 1046 735 1082 hominum
747 1052 782 1084 &
794 1045 929 1082 arbitrio
947 1044 1126 1094 significent
1139 1073 1149 1087 ‚
1165 1056 1265 1092 atque
1280 1056 1318 1078 ex
1339 1055 1451 1080 natura
1466 1044 1518 1078 sua
1531 1044 1611 1078 nihil
1621 1057 1738 1092 praeter
1751 1044 1803 1081 so..

405 1107 466 1130 nos
485 1097 589 1131 menti
607 1095 833 1143 repraesentent
843 1124 853 1139 ‚
867 1106 991 1130 tantum
1003 1093 1214 1129 nihilominus
1228 1092 1328 1127 valuit
1337 1091 1537 1128 consuetudo
1549 1121 1559 1136 ,
1576 1093 1629 1127 vel
1641 1096 1804 1129 exercita-

407 1146 472 1183 tio,
487 1156 522 1179 ut
537 1155 629 1180 mens
647 1156 717 1178 non
732 1143 773 1177 ad
792 1146 898 1177 varios
928 1141 1125 1191 syllabarum
1143 1140 1236 1176 sonos
1250 1170 1260 1184 ,
1279 1154 1346 1176 non
1374 1142 1416 1175 ad
1431 1141 1653 1177 characterum
1672 1141 1802 1191 figuras,

405 1193 459 1227 sed
469 1195 572 1242 magis
590 1193 631 1227 ad
648 1205 697 1226 res
713 1191 794 1240 ipsas
808 1191 910 1227 soleat
923 1191 1105 1227 attendere.
1131 1189 1252 1226 Sicubi
1271 1189 1366 1238 loqui
1394 1189 1544 1226 volumus
1558 1220 1568 1234 ,
1593 1191 1710 1240 linguae
1724 1221 1735 1236 ,
1753 1192 1802 1228 la-

406 1242 538 1278 biorum
552 1270 562 1286 ,
576 1247 611 1279 &
627 1240 761 1276 aliarum
783 1243 925 1290 partium
945 1239 1103 1275 musculos
1117 1239 1214 1289 longe
1225 1243 1350 1287 majore
1373 1240 1537 1275 celeritate
1554 1240 1777 1277 contrahimus
1789 1271 1802 1288 ,

405 1291 463 1326 ubi
478 1292 520 1326 ad
535 1290 740 1327 intelledfflm
759 1304 896 1333 vocum,
915 1295 950 1327 &
973 1288 1244 1338 significationem
1260 1287 1358 1337 ipsam
1377 1301 1470 1324 mens
1484 1290 1684 1334 intenditur,
1699 1291 1801 1339 quam
1850 1321 1852 1327 .

405 1340 426 1375 fi
439 1343 630 1376 varietatem
644 1339 795 1375 sonorum
808 1339 967 1389 sigillatim
981 1339 1189 1387 expenderet.
1217 1337 1317 1385 Qiod
1334 1338 1375 1372 de
1387 1338 1498 1386 lingua
1516 1338 1653 1373 diximus
1664 1369 1674 1383 ‚
1695 1342 1728 1376 id
1754 1341 1798 1377 de

406 1392 530 1425 caeteris
547 1391 695 1438 organis,
714 1402 787 1436 quae
805 1393 837 1424 vi
853 1387 1152 1431 motriciserviunt‚
1175 1387 1425 1435 intelligendum
1437 1387 1499 1422 est:
1525 1399 1601 1421 nam
1618 1389 1651 1422 in
1671 1391 1707 1423 iis
1730 1403 1802 1426 non

405 1451 493 1474 nova
508 1439 645 1486 qualitas
675 1466 683 1479 ‚
703 1437 757 1472 vel
787 1438 933 1480 habitus,
961 1436 1014 1471 sed
1034 1437 1171 1471 facilitas
1191 1447 1318 1471 tantum
1334 1435 1390 1470 usu
1419 1437 1618 1482 acquiritur:
1640 1449 1799 1484 quatenus

407 1490 642 1522 exercitatione
654 1486 736 1520 liber
749 1487 958 1535 &expeditus
969 1486 1017 1519 est
1029 1486 1197 1532 spirituum
1214 1497 1319 1519 motus
1329 1512 1339 1527 ,
1354 1489 1386 1520 ὅ(
1399 1483 1438 1518 fic
1453 1495 1607 1531 aptantur
1629 1488 1739 1532 quoad
1761 1486 1800 1523 fi..

407 1547 478 1571 tum
493 1542 527 1574 δι
554 1536 690 1585 figuram
704 1534 860 1579 musculi,
877 1547 913 1570 ut
930 1532 1092 1583 prioribus
1104 1532 1285 1569 consimiles
1302 1544 1407 1569 motus
1429 1531 1524 1568 facile
1542 1545 1684 1571 exerant.

874 1634 1196 1682 φυᾶς-[ιο
1255 1634 1328 1670 1v.

758 1733 948 1770 Habitnum
967 1736 1178 1784 proprietates
1200 1733 1420 1782 explicantur.

412 1832 629 1916 pRaecipuae
639 1830 809 1868 habituum
820 1831 1012 1869 affectiones
1027 1832 1094 1869 sunt
1108 1831 1259 1875 intensio,
1284 1830 1424 1867 remissio
1441 1859 1450 1874 ,
1473 1835 1507 1867 &
1524 1832 1687 1877 corruptio
1700 1843 1708 1865 :
1719 1841 1797 1876 quae
1842 1867 1844 1873 .

417 1908 422 1914 .
473 1881 545 1915 sane.
558 1883 611 1915 vix
624 1881 776 1928 explicari
792 1881 921 1929 poffunt
932 1912 941 1926 ‚
960 1881 980 1917 si
998 1882 1124 1919 habitus
1138 1883 1310 1930 qualitates
1327 1879 1470 1928 phylicas
1495 1878 1536 1912 ab
1552 1878 1620 1925 ipsis
1637 1878 1799 1912 facultati-
1841 1883 1844 1899 ²

405 1930 464 1964 bus
478 1929 607 1964 realiter
620 1929 779 1966 distinctas
793 1933 979 1967 statuamus.
994 1932 1078 1967 Cum
1098 1934 1185 1966 enim
1196 1934 1276 1964 circa
1293 1939 1503 1976 augmentum
1515 1926 1709 1973 qualitatum
1726 1926 1797 1961 dnae

403 1978 462 2014 siut
479 1982 509 2013 in
532 1978 657 2013 Scholis
675 1981 816 2016 mulrrm
843 1982 971 2030 jadkatae
985 1982 1155 2027 opiniones
1172 1994 1180 2015 ε
1209 1990 1270 2012 una
1293 1989 1405 2010 eorum
1423 1978 1477 2023 qui
1491 1974 1663 2022 qualitates
1686 1977 1794 2023 augeri

405 2040 520 2075 putant
533 2057 542 2071 ‚
555 2028 630 2062 dum
643 2041 748 2063 novus
764 2032 879 2077 gradus
894 2030 992 2077 priori
1003 2029 1128 2062 accedit
1139 2042 1147 2064 :
1160 2040 1195 2063 ut
1209 2028 1284 2062 dum
1296 2025 1384 2060 calor
1394 2026 1474 2059 novi
1488 2024 1601 2058 caloris
1613 2022 1796 2059 acceffione

403 2077 515 2112 crescit
528 2095 537 2120 3
551 2076 654 2110 altera
666 2077 912 2112 Tliomistarum
924 2106 933 2120 ‚
949 2078 1007 2124 qui
1023 2077 1166 2113 calorem
1177 2083 1210 2114 ὅ(
1228 2075 1422 2124 qualitatem
1439 2085 1571 2108 omnem
1585 2074 1713 2108 intendi
1735 2085 1796 2121 pu-

404 2138 475 2161 tant
486 2156 496 2169 ,
510 2138 584 2161 cum
603 2126 717 2160 eadem
734 2128 850 2161 entitas
862 2139 952 2174 ‚quae
962 2127 1057 2161 initio
1074 2127 1232 2175 produdta
1247 2126 1329 2167 fuit,
1340 2123 1432 2158 altius
1446 2125 1478 2157 in
1489 2122 1629 2169 subjeeto
1639 2121 1794 2169 infigitur,

402 2187 518 2222 atque,
528 2187 564 2210 ut
577 2176 667 2209 aiunt
678 2205 687 2218 ‚
699 2178 801 2224 magis
813 2176 991 2211 radicatur:
1009 2187 1144 2223 utraque
1157 2175 1312 2210 sententia
1323 2184 1435 2221 graves
1446 2174 1565 2220 patitur
1574 2170 1795 2213 difficultates,

403 2236 439 2258 nt
456 2224 510 2259 suo
522 2223 594 2259 loco
607 2224 820 2259 ostendemus.
841 2227 969 2261 Neutro
979 2236 1088 2259 autem
1099 2225 1199 2260 modo
1214 2225 1324 2272 augeri
1341 2220 1551 2264 habitus‚hoc
1563 2221 1637 2256 loco
1651 2220 1794 2269 proban--¹

403 2273 479 2309 dum
492 2273 535 2311 est
549 2287 556 2309 ε
569 2285 635 2309 tum
647 2286 711 2322 qua
723 2277 849 2312 ratione
861 2274 989 2312 intendi
1000 2273 1122 2311 soleant
1134 2304 1144 2318 ,
1162 2285 1217 2310 aut
1227 2274 1338 2315 minui,
1348 2271 1568 2319 aperiendum.
1584 2273 1632 2307 Sit
1644 2273 1739 2319 igitur

1683 2417 1793 2452 Prima
