1857 2745
361 133 419 166 370
785 114 1276 163 PHILOSOPHJA

362 171 414 205 Sic
427 165 542 214 religio
564 163 742 200 Christiana
756 175 823 198 non
837 164 994 199 vitiorum
1011 175 1135 200 tantum
1154 178 1262 200 ramos
1287 161 1466 213 praescindit
1482 192 1492 208 ‚
1505 161 1559 199 sed
1579 168 1617 202 δε
1634 165 1761 201 radices

364 215 445 266 ipsas
459 214 573 249 evellit
586 225 696 249 :reum
710 211 812 247 habet
824 215 883 261 qui
900 213 1045 248 mulieris
1061 215 1250 262 pudicitiam
1260 215 1437 249 attentavit
1451 224 1508 248 aut
1519 214 1618 248 oculis
1634 214 1762 251 libavit:

365 277 426 301 nec
445 264 620 312 perjurium
640 262 741 297 modo
754 272 844 296 vetat
856 291 867 306 ,
882 261 936 297 sed
945 268 980 299 &
995 274 1152 310 quantum
1167 264 1271 313 potest
1283 261 1347 306 ,ab
1360 264 1452 297 omni
1465 267 1651 312 juramento
1670 263 1761 299 absti-

365 315 511 350 nendum
539 313 709 360 praecipit3
737 322 773 344 ac
789 311 920 347 demum
933 314 1035 346 cuivis
1059 310 1144 347 bene
1167 313 1296 355 facere,
1324 317 1356 348 &
1374 310 1546 360 egentibus
1565 311 1762 359 praesertim5

365 373 502 410 quaeque
514 364 662 396 omnium
673 358 854 395 officiorum
865 360 987 396 summa
1000 360 1044 395 est
1053 361 1142 404 ,aliis
1155 362 1189 396 id
1205 361 1307 410 ipsum
1325 372 1444 412 cupere
1457 366 1489 398 ὅ(
1506 361 1657 408 praestare
1671 362 1763 408 quod

364 409 630 459 nobis-met-ipfis
643 425 651 445 ε
665 415 698 446 &
710 409 776 443 alia
785 411 954 444 innumera
966 421 1090 445 naturae
1105 410 1168 459 legi
1186 410 1283 460 plane
1301 413 1562 452 contentanea‚&
1572 408 1614 443 ab
1626 412 1761 458 optimis

369 461 468 496 etiam
484 458 684 508 Philosophis
695 470 816 494 natura:
832 457 923 507 ipsius
936 471 1018 494 voce
1033 462 1155 495 coactis
1167 471 1327 508 praecepta
1341 461 1387 493 ita
1394 457 1588 507 praescribic,
1605 470 1764 494 utomnes

366 509 437 546 fere
448 508 502 544 vel
517 509 697 544 Christiana
710 508 869 556 religione
884 521 950 543 non
960 506 1082 543 imbuti
1101 521 1139 543 ea
1153 507 1384 556 comprobent.

402 559 451 595 Ac
463 556 483 593 si
504 559 575 606 quis
589 556 686 593 nobis
699 557 786 592 forte
800 569 949 605 opponat
968 556 1170 592 Mahumetis
1189 557 1385 605 religionem
1394 585 1406 600 ‚
1432 569 1500 604 quae
1512 567 1665 604 magnam
1676 554 1766 590 orbis

391 619 495 643 artem
506 605 620 643 invafit
632 635 641 650 ,
657 609 683 641 is
696 609 836 654 primum
858 606 937 641 seria
954 607 1165 642 :estimatione
1178 606 1377 655 perpendat,
1393 618 1467 640 eam
1479 605 1673 654 religionem
1683 604 1765 640 nihil

366 620 486 706 {pirate
501 654 559 692 nifi
571 668 672 699 arma,
685 657 781 690 armis
790 657 973 704 propagari,
991 656 1031 690 ad
1044 654 1281 691 effundendum
1293 653 1479 703 sanguinem
1489 655 1627 689 omnino
1644 653 1765 690 faciam

368 704 598 752 viderimullis
620 706 796 739 ratiociniis
811 733 821 748 ,
841 704 937 740 nullis
947 704 1110 740 miraculis
1129 703 1291 741 firmatam
1303 721 1316 747 ·,
1334 704 1423 738 credi
1437 701 1495 738 fibi
1509 703 1589 746 vult,
1610 702 1699 738 nulla
1714 705 1770 738 in·
1822 725 1823 739 l

369 753 523 802 quirendi
538 752 692 789 libertate
716 754 840 790 reneka.
874 754 961 801 Qae
991 766 1069 789 vera
1083 752 1152 788 sunt
1170 758 1203 790 &
1227 753 1321 787 sacris
1344 751 1458 787 litteris
1483 752 1713 787 commendata
1725 751 1771 786 de
1822 748 1823 767 ³

368 802 465 840 Mose
486 831 496 847 ,
527 803 568 837 de
591 802 725 837 Christo
741 832 750 846 ,
767 802 902 838 infinitis
921 803 1100 838 mendaciis
1124 800 1269 838 obducit.
1289 804 1401 850 Jesum
1412 801 1546 848 quidem
1562 800 1582 836 a
1603 799 1770 835 Deomis-

367 851 438 889 sum
459 849 606 901 agnoscit
621 850 833 886 Mahumetes
852 853 887 887 in
909 851 1073 887 Alcorano
1091 868 1100 894 3
1118 850 1169 885 sed
1191 863 1266 885 eum
1285 853 1319 884 in
1336 849 1453 884 coelum
1469 848 1552 884 clam
1578 848 1768 884 subductum

367 899 459 937 fuisse
471 929 481 944 ,
498 906 532 938 &
548 900 714 948 quoddam
732 904 797 950 ejus
809 899 1011 935 simulacrum
1021 902 1107 934 cruci
1121 896 1251 934 affixum
1261 901 1417 933 mentitur
1427 915 1442 942 ·,
1458 910 1565 946 neque
1579 910 1656 933 eum
1674 911 1763 934 mor-

370 962 480 993 tuum,
495 948 547 984 sed
557 949 852 996 Judaeorumoculis
869 946 992 983 illusiffe
1009 948 1117 996 fingit.

419 999 524 1044 Qod
537 997 558 1033 ίῖ
577 996 739 1045 utriusque
753 996 928 1047 religionis
949 996 1122 1031 authorem
1138 999 1322 1032 intueamur
1334 998 1447 1046 :Jesus
1459 1024 1469 1039 ,
1490 994 1558 1044 ipso
1573 995 1768 1031 Mahumeue

372 1048 515 1091 fatente,
531 1048 574 1082 est
593 1046 724 1083 Meffias
744 1048 778 1081 in
793 1048 880 1094 Lege
894 1051 928 1082 &
954 1045 1126 1093 Prophetis
1137 1045 1304 1093 promiffus
1317 1074 1326 1088 ‚
1337 1044 1484 1080 Verbum
1497 1046 1580 1088 Dei,
1604 1045 1770 1093 sapientia,

371 1102 406 1134 &
420 1098 496 1131 vitae
510 1097 641 1130 demum
659 1093 966 1141 immactilatae,1pse
977 1092 1062 1128 vero'
1074 1094 1284 1129 Mahumetes
1304 1094 1418 1129 ufitato
1439 1104 1560 1129 naturae
1574 1094 1688 1129 ordine
1708 1106 1768 1144 ge-

372 1146 477 1188 mnis,
496 1144 551 1179 diu
567 1143 674 1192 praedo
691 1171 700 1182 ‚
717 1142 841 1191 semper
858 1142 1032 1177 mulierum
1046 1145 1150 1178 amori
1172 1143 1298 1177 deditus
1315 1143 1336 1179 a
1359 1141 1417 1178 suis
1443 1144 1547 1178 etiam
1567 1143 1768 1191 praedicatur.

363 1196 456 1244 Jrsus
472 1205 527 1236 ,ut
541 1194 631 1228 idem
645 1192 765 1227 fatetur
781 1191 991 1228 Mahumetes
1008 1220 1019 1234 ,
1038 1204 1185 1227 mortuos
1203 1192 1243 1226 ad
1267 1194 1371 1228 viram
1395 1193 1582 1228 revocavit:
1603 1194 1628 1226 is
1644 1204 1724 1227 vero
1737 1191 1768 1227 se

373 1241 496 1278 miffum
506 1255 580 1277 cum
595 1243 691 1277 armis
704 1269 714 1285 ,
729 1253 796 1277 non
809 1253 881 1275 cum
891 1240 1048 1276 miraculis
1071 1240 1244 1289 profitetur
1261 1255 1269 1278 ε
1287 1241 1371 1276 adeo
1388 1252 1422 1276 ut
1440 1239 1526 1276 nulla
1542 1240 1664 1277 habeat
1684 1242 1767 1278 divi..

372 1305 426 1328 11ae
435 1291 682 1341 approbationis
701 1302 909 1340 argumenta.

402 1341 472 1390 Q
484 1340 679 1389 religionem
690 1340 911 1377 Christianam
927 1341 1141 1390 praedicarunt
1154 1369 1163 1385 ‚
1185 1343 1247 1377 viri
1262 1352 1354 1377 erant
1366 1343 1441 1376 vitae
1452 1340 1601 1391 (impiicis
1610 1368 1619 1380 ‚
1637 1341 1702 1376 Dei
1727 1342 1767 1375 ti-

373 1402 519 1426 mentes.
531 1391 577 1425 At
589 1393 646 1437 qui
657 1389 946 1425 Mahumetismum
964 1392 1062 1438 primi
1072 1389 1286 1438 susceperunt,
1297 1390 1465 1439 praedones
1478 1403 1565 1434 erat,
1585 1395 1618 1427 &
1632 1388 1674 1424 ab
1693 1402 1768 1424 om-

372 1441 407 1474 ni
424 1439 628 1475 humanitate
646 1438 764 1481 alieni3
788 1451 824 1473 ac
835 1439 951 1487 religio
970 1439 1025 1474 illa
1042 1451 1206 1474 armorum
1221 1450 1346 1485 tantum
1360 1467 1370 1482 ‚
1402 1450 1438 1473 ut
1455 1440 1590 1474 diximus
1605 1467 1616 1482 ‚
1635 1436 1769 1473 acceffio

374 1487 418 1522 est
429 1515 438 1531 ‚
455 1500 516 1522 nec
535 1488 600 1522 alio
612 1489 724 1521 nititur
737 1499 933 1536 argumento
943 1500 1041 1535 quam
1060 1500 1221 1522 armorum
1231 1486 1376 1523 succeffir
1391 1488 1470 1536 Qa
1485 1491 1600 1536 utique
1608 1484 1771 1532 rationess

372 1537 453 1584 quid
471 1535 592 1571 habeat
604 1534 733 1570 roboris
753 1564 763 1579 ,
783 1538 831 1570 uti
848 1548 986 1584 potuere
997 1536 1093 1572 Persa:
1104 1566 1114 1580 ,
1125 1537 1338 1580 Macedones,
1355 1538 1508 1574 Romani.

409 1585 574 1621 Postremo
583 1584 603 1619 si
613 1583 776 1633 utriusque
789 1585 954 1634 religionis
965 1597 1123 1634 praecepta
1141 1588 1227 1621 inter
1240 1585 1272 1620 se
1284 1585 1494 1621 conferantur
1508 1616 1514 1626 ,
1531 1586 1709 1622 Christiana
1718 1597 1771 1621 re.

371 1634 452 1683 ligio
471 1634 535 1683 legi
546 1634 683 1669 naturali
697 1633 864 1669 mentibus
880 1634 996 1670 nostris
1014 1634 1264 1670 incisae-omnino
1276 1636 1323 1669 est
1334 1633 1548 1671 consentanea
1559 1665 1569 1678 ,
1586 1647 1696 1670 amore
1705 1637 1770 1671 D‘ei

374 1689 408 1720 δ(
427 1685 566 1732 proximi
593 1685 789 1727 continetur,
806 1682 1049 1733 benignitatem
1067 1686 1101 1719 in
1119 1696 1235 1718 omnes
1250 1713 1262 1727 ‚
1282 1683 1562 1719 mansuetudinem
1585 1689 1620 1721 &
1639 1686 1771 1732 patien-

374 1735 452 1767 tiam
467 1733 677 1767 commendat
691 1750 699 1775 3
714 1734 749 1767 in
771 1734 870 1767 animi
888 1732 1014 1767 cultura
1031 1734 1174 1767 maxime
1200 1731 1363 1777 versatur,
1381 1733 1467 1768 unde
1489 1733 1610 1769 fructus
1633 1744 1771 1769 manant

375 1780 541 1818 uberrimi.
570 1781 768 1817 Mahumctis
795 1780 910 1829 religio
937 1780 1020 1817 nihil
1042 1794 1133 1829 aeque
1158 1793 1196 1816 ac
1218 1782 1380 1818 ultionem
1391 1784 1772 1830 praecipit‚interneciva

374 1843 445 1866 cum
464 1833 576 1867 vicinis
590 1830 744 1879 gentibus
763 1831 837 1865 odia
846 1843 884 1865 ac
900 1829 989 1865 bella
1003 1842 1130 1866 exercet
1141 1847 1151 1874 ;
1164 1841 1234 1865 tota
1251 1833 1284 1866 in
1296 1833 1387 1867 vanis
1395 1829 1507 1865 ritibus
1518 1859 1527 1872 ,
1538 1843 1575 1866 ut
1585 1833 1619 1865 in
1633 1833 1771 1865 circum.

375 1879 514 1922 cisione,
536 1883 571 1915 in
594 1882 663 1915 vini
687 1878 883 1914 abstinentia
900 1891 1058 1928 occupata
1082 1909 1093 1923 ‚
1111 1881 1273 1915 interioris
1300 1885 1334 1916 &
1360 1878 1467 1913 solidae
1483 1881 1615 1926 pietatis
1641 1891 1767 1927 experS.

373 1931 449 1966 Nec
466 1931 668 1964 matrimonii
685 1928 785 1965 fidem
802 1941 989 1977 perpetuam
1009 1927 1133 1970 servat,
1149 1940 1209 1963 nec
1228 1929 1318 1976 quod
1336 1929 1444 1963 mariti
1456 1925 1497 1961 ab
1521 1926 1677 1962 uxoribus
1703 1928 1772 1963 exi-

372 1990 473 2026 gunt,
492 1977 723 2027 pi·aestantipfi‚
737 1977 788 2013 sed
803 1980 837 2014 in
850 1977 1023 2014 libidinem
1040 1975 1131 2014 effiffi,
1148 1976 1226 2011 alias
1244 1976 1313 2011 aliis
1336 1988 1456 2011 uxores
1487 1977 1651 2013 inducunt.
1665 1977 1769 2025 Qod

373 2027 448 2063 ffine
460 2027 513 2062 vel
532 2027 673 2063 Ethnicis
687 2026 917 2062 moratioribus
929 2039 995 2062 non
1006 2025 1145 2073 placuit:
1161 2037 1235 2061 cum
1249 2024 1378 2060 diversae
1396 2036 1514 2060 matres
1528 2024 1700 2060 discordias
1719 2028 1769 2062 in.

375 2089 423 2112 ter
441 2076 560 2111 liberos
574 2075 663 2110 alant
680 2105 689 2119 ,
705 2088 764 2111 nec
780 2074 838 2110 sibi
851 2075 978 2111 constet
996 2075 1210 2109 domesticum
1226 2077 1371 2122 regimen
1393 2076 1426 2108 in
1444 2085 1495 2109 tot
1514 2073 1665 2109 mulieres
1684 2075 1769 2109 divi-

376 2126 440 2161 sum
452 2155 460 2169 ‚
472 2138 532 2163 nec
550 2124 729 2161 liberorum
742 2124 928 2160 educationi
944 2135 983 2160 ea
994 2126 1120 2160 ratione
1131 2122 1349 2173 prospiciatur.
1372 2125 1462 2160 Hinc
1486 2123 1558 2159 satis
1579 2135 1657 2173 apte
1669 2123 1770 2161 Clau-

378 2176 490 2210 dianus
504 2189 514 2211 τ

777 2221 945 2257 connubia
957 2224 1061 2267 mille,

400 2275 403 2277 '
417 2272 496 2304 Non
508 2273 575 2305 illis
583 2274 706 2320 genevis
723 2284 823 2306 nexus
837 2299 846 2310 ,
858 2285 917 2307 non
934 2275 1071 2322 pignora
1083 2285 1160 2308 curae
1171 2287 1183 2310 ,·

415 2319 481 2351 Sed
502 2333 625 2353 numero
640 2322 894 2370 languetpvetas.

436 2367 527 2414 Qud
545 2369 650 2405 dicam
667 2371 707 2407 de
731 2370 954 2419 magnitudine
966 2376 1001 2411 δε
1024 2370 1218 2409 excellentia
1237 2373 1361 2421 praemii
1372 2372 1463 2423 quod
1484 2371 1554 2421 post
1569 2371 1653 2409 hanc
1665 2370 1768 2408 vitam
