1857 2745
385 158 438 191 ¹¹4
840 145 871 178 T
895 143 928 178 R
950 144 978 179 A
1001 144 1032 179 C
1050 146 1079 179 T
1104 145 1132 180 A
1157 145 1187 181 T
1210 147 1246 182 U
1270 146 1291 179 S

382 197 414 227 in
428 196 500 241 igne
513 192 599 224 calm·
613 219 620 229 ,
638 202 671 224 nt
682 194 715 225 in
724 193 826 226 animo
837 192 1017 240 disciplina.
1032 194 1118 228 Cum
1131 206 1240 229 autem
1254 197 1336 229 inter
1346 193 1525 229 accidentia
1535 195 1684 241 quaedam
1698 195 1771 232 nul-

381 240 411 275 la
431 243 462 275 vi
477 240 497 274 a
518 239 691 274 substantia
708 239 821 274 divelli
835 240 974 290 possint,
990 241 1058 276 haec
1076 245 1206 291 proprie
1223 244 1311 279 modi
1325 243 1468 277 dicuntur
1484 255 1538 278 :ut
1552 242 1651 292 figura
1665 274 1674 289 ,
1693 258 1769 294 quae

380 288 443 323 fine
457 287 643 323 extensione
653 291 780 338 concipi
797 303 863 325 non
904 291 998 327 otest.
1016 291 1088 327 Alia
1106 304 1216 327 autem
1237 292 1322 328 nulla
1351 292 1482 339 quidem
1505 305 1624 328 natura:
1641 297 1671 328 vi
1686 323 1696 338 ‚
1716 294 1770 329 sed

381 339 443 374 Dei
458 339 697 386 omnipotentia
713 350 841 373 tantum
865 304 1003 389 (Epami-i
1022 338 1148 389 poliunt
1163 355 1171 376 ε
1188 354 1224 377 ut
1241 343 1293 376 lux
1308 369 1318 384 ‚
1331 341 1417 375 calor
1429 369 1438 385 ,
1458 346 1489 378 ὅ(
1505 344 1668 389 quantitas
1688 343 1767 392 ipsa.

380 386 445 420 Sed
460 386 500 420 de
510 386 561 422 his
579 386 657 421 alibi
679 387 800 435 saepiuS.

418 438 507 470 Duas
523 436 634 470 itidem
653 436 774 484 regulas
786 439 940 486 proponit
954 436 1143 474 Aristoteles
1154 467 1165 482 ,
1185 449 1341 487 tanquam
1356 439 1507 486 quaedam
1522 441 1698 484 axiomata,
1712 451 1768 476 aut

384 497 574 519 communes
594 497 696 520 animi
719 498 879 521 notiones.

417 535 521 568 Prima
535 534 643 581 regula
657 534 718 569 huc
727 536 824 571 redit.
835 535 1065 587 Qdcunque
1075 537 1231 571 convenit
1248 534 1417 584 superiori,
1432 540 1590 572 convenit
1601 539 1701 573 etiam
1715 540 1766 572 in-

378 582 498 618 feriori.
520 584 733 631 Qaecunque
745 598 779 619 v.
792 599 823 634 g.
834 586 979 619 dicuntur
994 585 1034 619 de
1048 584 1179 619 animali
1193 613 1203 628 ,
1220 597 1358 632 quaeque
1370 586 1408 619 ad
1420 586 1501 620 illius
1515 584 1698 630 effentiam‚
1712 586 1766 621 vel

379 633 592 681 proprietates
603 635 786 680 pertinent,
797 635 912 669 eadem
923 635 963 668 de
975 633 1109 668 homine
1120 633 1276 670 dicuntur.
1290 634 1392 681 Qiod
1407 636 1539 681 quidem
1555 635 1676 670 idcirco
1687 647 1767 683 prae.

380 679 461 716 milit
473 679 684 729 Philosophus
695 710 705 725 ,
722 694 758 717 ut
770 696 827 718 nos
838 683 1031 718 admoneret
1045 712 1054 726 ‚
1080 694 1149 718 tum
1164 687 1335 731 categoria:
1354 682 1488 731 figuram
1509 683 1655 718 vitiosam
1671 683 1744 719 fore
1754 712 1766 727 ,

378 729 401 766 fi
414 728 575 778 superiora
585 743 651 766 non
661 734 795 767 omnino
808 733 1022 767 convenirent
1046 730 1272 767 inferioribus:
1297 744 1332 766 ut
1346 731 1367 766 li
1387 732 1505 766 animal
1521 734 1554 766 in
1573 733 1712 779 aquatile
1729 738 1764 770 δε

379 790 543 814 terrenum
560 779 777 817 divideretur:
791 781 847 816 ubi
858 783 948 816 enim
957 779 1153 829 Amphibia‚
1173 792 1243 827 quae
1255 782 1287 814 in
1305 793 1389 829 aqua
1410 785 1495 829 juxta
1509 786 1542 817 ὅ(
1560 783 1593 816 in
1608 793 1690 816 terra
1707 782 1766 816 de-

379 839 483 877 gunt,
505 839 728 876 reponentur?

415 876 527 912 Altera
538 876 647 925 regula
662 890 702 911 eo
716 877 784 912 fere
799 877 933 914 recidit:
948 876 1142 912 diversorum
1158 889 1313 925 generum
1327 907 1337 921 ,
1362 890 1500 925 quaeque
1519 892 1584 914 non
1604 879 1674 914 sunt
1687 878 1764 915 sub-

377 924 559 960 alternatim
581 925 691 973 polita,
705 925 916 961 diverfaefim:
929 926 1129 970 differentiae3
1144 926 1401 962 subalternorum
1419 940 1498 961 vero
1515 928 1596 962 nihil
1609 928 1766 975 prohibet

378 973 505 1008 easdem
518 972 577 1009 effe
594 973 803 1011 differentias.
823 975 1014 1010 Subalterna
1031 976 1162 1022 quidem
1171 987 1289 1023 genera
1301 988 1337 1010 ea
1349 975 1648 1024 intelligit‚quoruni
1663 990 1764 1014 unum

377 1022 468 1056 alteri
481 1022 598 1058 subest:
614 1034 648 1057 ut
659 1023 778 1057 animal
788 1026 923 1066 viventi,
943 1026 1056 1058 vivens
1070 1025 1199 1070 corpori
1211 1041 1220 1066 3
1239 1024 1291 1059 vel
1302 1037 1373 1059 curn
1385 1024 1484 1058 ambo
1498 1027 1551 1058 uni
1566 1024 1693 1060 subsunt
1705 1039 1763 1074 ge-

378 1073 459 1110 neri3
469 1082 503 1104 ut
518 1083 630 1117 corpus
644 1076 676 1106 ὃς
690 1070 813 1118 spiritus
825 1070 1000 1106 substantiae
1020 1071 1340 1120 subjiciuntur,eaque
1355 1071 1479 1118 poll-unt
1497 1071 1616 1107 habere
1636 1074 1764 1111 easdem

379 1117 581 1154 diffi’rentiis
593 1122 768 1166 genericaS.
787 1122 875 1156 Nam
889 1132 958 1166 quae
969 1119 1151 1155 differentia
1169 1122 1281 1155 vivens
1293 1121 1469 1163 constituit,
1487 1121 1601 1155 eadem
1618 1125 1764 1169 pertinet

378 1168 419 1200 ad
436 1166 600 1202 essentiam
612 1167 766 1204 animalis.
792 1168 852 1202 Sed
868 1181 985 1217 genera
1001 1182 1067 1203 non
1084 1167 1325 1203 subalternatim
1335 1167 1445 1216 polita,
1459 1181 1494 1203 ut
1506 1168 1599 1204 arbor
1617 1177 1649 1207 &
1663 1170 1764 1207 scien.-

380 1217 507 1258 tia‚non
522 1213 646 1262 polliint
656 1216 781 1251 easdem
801 1215 920 1252 habere
940 1215 1143 1252 diffireiitias.
1161 1219 1255 1251 Hanc
1272 1230 1352 1252 vero
1369 1217 1512 1266 regulam
1531 1219 1650 1253 idcirco
1666 1220 1760 1256 adbi-

378 1262 437 1298 bet
455 1264 654 1307 Aristoteles,
667 1277 701 1299 ut
715 1268 858 1300 omnium
868 1266 1027 1314 graduum
1037 1265 1227 1301 dfferentiae
1238 1267 1269 1300 in
1283 1265 1408 1314 singulis
1419 1269 1588 1315 categoriis
1602 1267 1760 1317 aflignen.

378 1324 447 1355 tur,
463 1325 602 1360 quaeque
614 1313 656 1347 ab
681 1317 715 1347 iis
735 1314 862 1349 excludi
877 1315 1020 1350 debeant
1033 1345 1042 1359 ‚
1071 1326 1124 1350 aut
1145 1317 1178 1348 in
1204 1316 1242 1347 iis
1261 1316 1401 1358 includi,
1423 1314 1545 1351 facilius
1566 1317 1754 1356 innotescat.

377 1362 442 1397 Sed
453 1362 528 1396 alias
539 1374 671 1409 quoque
683 1362 767 1402 leges
777 1392 786 1406 ‚
799 1375 854 1398 aut
868 1364 1071 1399 conditiones
1080 1362 1295 1400 adhibuerunt
1310 1362 1514 1412 Philosophi,
1531 1377 1601 1412 quae
1611 1378 1758 1404 commo·

377 1410 447 1445 dius
463 1413 612 1459 proxima
625 1412 802 1458 qucestione
817 1424 1028 1461 exponentur.

824 1511 911 1558 QU
929 1513 968 1545 AE
985 1512 1006 1543 S
1024 1512 1054 1545 T
1072 1511 1086 1542 1
1107 1512 1141 1545 O
1203 1514 1216 1545 1
1235 1514 1248 1546 1
1271 1514 1299 1548 1,

817 1583 872 1616 De
897 1585 1073 1631 categoria
1087 1585 1121 1617 in
1137 1586 1326 1630 univcrfhm.

377 1655 549 1740 NUnc
560 1656 600 1689 de
617 1657 779 1704 categoria
793 1655 962 1690 universim
973 1669 1103 1704 agamus
1121 1671 1129 1693 :
1148 1670 1185 1693 ac
1196 1659 1302 1706 primo
1314 1685 1323 1698 ,
1340 1656 1418 1702 quid
1447 1668 1483 1689 ea
1506 1655 1541 1691 lit
1555 1673 1563 1699 ;
1575 1667 1608 1694 20
1622 1669 1692 1704 quae
1711 1659 1753 1693 ad

473 1707 668 1752 categoriam
684 1705 886 1740 conditiones
909 1707 1076 1754 exigantur
1087 1724 1096 1750 3
1114 1714 1147 1750 30
1167 1704 1347 1754 quotuplex
1359 1704 1395 1739 sit
1409 1733 1419 1747 ,
1447 1703 1589 1740 breviter
1610 1708 1755 1742 excutia-

377 1765 457 1788 nius,

425 1803 596 1849 Categoria
611 1814 666 1836 aut
683 1814 741 1849 pro
756 1801 880 1838 summo
900 1814 1039 1851 genere,
1056 1815 1111 1838 aut
1127 1816 1187 1852 pro
1206 1800 1359 1839 omnibus
1382 1800 1435 1836 sub
1455 1813 1494 1836 eo
1518 1804 1677 1837 contentis
1692 1832 1702 1846 ‚
1718 1808 1753 1840 ὅ(

377 1862 465 1884 cerro
479 1852 594 1886 ordine
617 1848 768 1899 dispositis
781 1852 955 1900 usurpatur.
977 1855 1130 1899 Utroque
1144 1853 1244 1886 modo
1259 1850 1387 1885 definiri
1407 1850 1487 1885 solet
1500 1853 1587 1885 resta
1606 1856 1640 1886 &
1656 1864 1752 1886 natu.

376 1899 446 1932 ralis
464 1898 600 1947 supremi
621 1903 748 1946 generis
763 1905 797 1936 ὃς
811 1903 955 1936 omnium
973 1905 1039 1947 ejus
1056 1901 1246 1934 inferiorum
1265 1897 1444 1944 dispolitio:
1469 1899 1569 1932 velut
1587 1899 1656 1931 aliis
1681 1899 1751 1946 pla-

377 1960 429 1981 cet
445 1977 454 1990 ‚
466 1947 554 1982 series
570 1944 718 1982 naturalis
736 1959 904 1994 genertun,
916 1947 1093 1995 specierum
1112 1976 1122 1992 ,
1141 1953 1175 1984 &
1192 1947 1454 1990 individuorum,
1471 1959 1540 1993 quae
1560 1945 1616 1981 sub
1637 1947 1750 1995 aliquo

375 1996 461 2043 supr<
468 2010 524 2031 rno
536 2008 654 2044 genere
673 1998 888 2032 continentur.
1651 2030 1655 2033 ,

414 2047 538 2081 Dicitur
556 2046 639 2079 teila
654 2043 745 2078 series
756 2073 766 2088 ‚
784 2056 820 2078 ut
830 2042 1021 2079 diffiaerentiae
1039 2044 1248 2082 excludantur
1261 2072 1269 2086 ,
1284 2055 1356 2090 quae
1375 2045 1408 2078 in
1424 2042 1583 2078 schemate
1602 2043 1748 2091 quidem,

375 2093 468 2129 seuin
480 2093 577 2141 figura
586 2093 917 2141 categoriaeindiredte
935 2099 967 2131 &
987 2093 1128 2129 velutad
1146 2094 1244 2129 latera
1269 2104 1473 2141 apponuntur
1490 2108 1498 2128 ε
1518 2092 1652 2139 suntque
1677 2105 1749 2128 tan-

376 2155 475 2189 quam
493 2142 614 2177 arboris
624 2144 702 2176 rami
715 2171 725 2185 ‚
736 2147 823 2190 cuius
836 2154 982 2178 truncum
991 2155 1109 2185 genera
1120 2148 1153 2179 &
1164 2141 1280 2191 species
1297 2143 1387 2176 teoto
1400 2143 1511 2176 ordine
1525 2140 1668 2189 disposita
1678 2140 1749 2176 effi-

377 2193 475 2226 ciunt.
491 2192 622 2238 Triplici
637 2193 722 2226 euim
739 2191 840 2225 modo
853 2191 959 2239 potest
970 2191 1090 2239 aliquid
1104 2193 1142 2226 ad
1153 2192 1350 2240 categoriam
1360 2204 1390 2237 pv.
1402 2194 1518 2225 ttinere
1531 2189 1601 2233 ,vel
1614 2190 1749 2229 directe.

376 2251 410 2272 rt
420 2253 534 2281 stent-ra
549 2247 581 2278 &
594 2240 709 2288 species
722 2257 730 2280 ·.
751 2239 804 2275 vrl
816 2241 970 2276 indii-cete
981 2269 988 2283 ‚
1000 2252 1033 2274 ut
1048 2241 1234 2276 diffirentiae
1245 2269 1255 2284 ‚
1265 2250 1335 2286 qum
1351 2239 1523 2286 gentiibus
1533 2244 1567 2274 δ’
1583 2237 1748 2286 speciebus

376 2288 426 2333 aiij
438 2300 542 2332 ‹cent3
560 2289 612 2323 vel
631 2290 798 2325 reduevve
813 2318 822 2332 ,
839 2301 911 2324 cum
928 2290 965 2323 ad
983 2289 1113 2327 aliquod
1126 2301 1182 2324 ens
1196 2290 1344 2336 catepani<
1357 2300 1410 2321 um
1424 2299 1602 2323 revocatur.
1619 2289 1667 2321 Sic
1678 2289 1747 2321 ani.

377 2348 429 2369 mi
449 2338 606 2372 meiomtis
616 2339 654 2373 ad
673 2340 954 2385 praedicamenrnm
970 2336 1159 2381 substantiae,
1174 2349 1287 2388 utpars
1299 2336 1438 2373 hominis
1452 2352 1460 2375 ς
1475 2338 1594 2372 caecitas
1615 2336 1656 2370 ad
1668 2348 1746 2385 prx-

377 2385 597 2421 dicainentum
611 2387 772 2436 qualitatis
785 2416 797 2433 ,
813 2400 847 2424 ut
856 2388 994 2438 privatio
1009 2389 1179 2425 reducitur.
