1857 2745
474 137 551 173 DE
595 135 1086 174 PRAEDICAMENTIS.
1390 165 1391 168 η
1436 154 1475 180 13:

73 225 76 227 ,
134 183 395 230 Instabts,t„inea
407 184 450 221 est
459 196 515 220 ens
525 186 759 234 incompletum
771 201 779 222 ι
793 198 867 222 cum
877 198 915 220 ex
932 185 1024 221 lineis
1048 196 1260 234 componatur
1280 182 1471 235 superficiesss

95 245 132 270 ut
143 246 180 268 ex
188 233 411 282 superficiebus
421 232 574 270 solidum:
586 233 636 268 sed
647 247 702 269 ens
715 234 950 283 incompletum
966 247 1033 269 non
1045 236 1176 282 ponitur
1189 236 1222 268 in
1242 237 1465 283 praedicamen.

98 294 132 316 to
143 295 151 317 :
162 295 239 330 ergo
252 282 337 318 linea
349 288 382 320 &
392 281 567 330 superficies
579 281 599 317 a
609 284 858 330 praedicamento
867 285 1059 331 quantitatis
1071 282 1290 321 excluduntur.

130 331 218 379 Refi‘.
231 333 367 367 Lineam
383 331 510 379 ingredi
526 330 791 378 compositionem
816 331 990 379 superficiei
1004 359 1014 375 ‚
1037 342 1193 378 quatenus
1209 332 1251 366 est
1271 330 1467 367 indivisibilis

95 377 264 416 secundum
283 379 486 415 latitudinem
498 408 508 422 ‚
525 379 563 416 C.
575 392 729 426 quatenus
744 381 790 414 est
807 379 969 415 divifibilis
984 385 1017 417 &
1028 379 1154 414 extensa
1164 408 1175 422 ‚
1193 382 1239 416 N.
1253 380 1338 415 linea
1347 393 1426 415 vero
1437 393 1470 416 ut

83 428 138 461 -est
152 427 340 475 longitudo,
360 440 427 463 non
445 429 488 462 est
496 428 574 475 quid
589 428 820 477 incompletum
832 457 842 472 ‚
857 428 909 464 sed
921 428 1121 476 completum
1137 441 1146 463 :
1171 440 1358 476 quanquam
1375 441 1417 464 ne
1432 429 1470 463 il-

96 475 150 511 lud
167 477 296 522 quidem
313 489 423 511 verum
435 476 479 510 est
488 475 688 524 superficiem
702 490 741 511 ex
758 477 848 513 lineis
863 478 1028 525 componi.

97 525 196 607 st'831
208 553 217 567 ,
240 527 379 571 inquies,
400 524 485 559 linea
494 538 561 560 non
574 525 801 575 distinguitur&
818 525 982 575 superficie
998 538 1006 560 :
1023 537 1101 574 ergo
1110 537 1181 561 non
1192 523 1261 559 sunt
1280 523 1399 572 species
1418 524 1466 560 di2

124 584 156 606 in
193 586 228 608 ae.

124 619 369 666 Resp.5ufficete
379 622 615 658 distinctionem
628 621 813 667 virtualem,
823 635 858 658 ut
873 623 979 671 plures
999 621 1117 672 species
1130 619 1372 657 constituantur.

536 685 877 737 QUAE'STIO
913 689 997 724 111.

639 738 696 770 De
715 737 883 781 qualitate.

180 787 204 820 E
215 785 371 833 qualitate
380 787 519 834 primum
535 788 570 821 in
586 783 767 820 universum
785 785 863 831 quid
878 797 917 819 ea
925 783 961 819 fit
971 813 982 828 ‚
999 788 1034 821 &
1045 781 1226 831 quotuplex
1241 800 1250 826 ;
1264 783 1382 819 deinde
1396 795 1466 832 quae

181 838 246 881 ejus
259 833 318 869 fin:
330 837 541 883 proprietates
556 833 780 882 explicandum
791 831 885 868 nobis
900 833 946 867 est
957 861 967 876 ,
991 845 1062 867 tum
1077 831 1162 865 illius
1176 830 1295 878 species
1306 844 1468 880 percurre-

91 895 172 919 mus,
199 883 278 930 Qae
295 885 404 918 onmia
421 882 531 918 curfim
544 886 739 931 attingemus
753 910 762 924 ,
786 882 873 929 quod
885 893 1031 916 accurata
1053 879 1245 928 qualitatum
1256 883 1373 916 traaat
1383 884 1415 917 io
1426 882 1468 916 ad

91 930 257 980 Phyficam
270 931 322 966 vel
334 931 588 979 Metaphyficam
603 932 773 979 pertineat.

465 994 803 1031 ARTICULUS
863 994 1110 1029 PRIMUS.

305 1047 361 1079 De
382 1047 503 1080 notione
516 1072 527 1086 ,
545 1044 696 1088 divffiorte
708 1069 716 1080 ,
747 1041 786 1076 (θ’
805 1040 1054 1089 proprietatibus
1072 1041 1255 1087 qualitatis.

186 1109 311 1146 Ualitas
322 1109 342 1146 ὲ
354 1108 549 1157 philosopho
560 1111 591 1143 in
605 1107 666 1142 hoc
684 1106 758 1141 loco
772 1117 934 1153 utcunque
950 1104 1134 1140 describitur
1146 1133 1157 1148 ,
1178 1105 1202 1137 S
1205 1104 1356 1139 ecundum
1367 1117 1461 1152 quam

188 1159 297 1204 quales
315 1159 445 1204 quidam
460 1159 618 1192 dicuntur.
643 1159 754 1203 Qm
778 1153 1007 1190 definitionem
1036 1153 1186 1201 plerique
1215 1152 1453 1188 calumniantur

85 1208 176 1252 quod
192 1218 231 1240 ea
248 1206 351 1242 nihilo
361 1207 522 1242 dofflores
529 1218 587 1240 nos
597 1203 713 1240 efficiat
724 1217 731 1238 :
745 1203 788 1239 est
798 1205 887 1238 enim
895 1203 966 1238 huic
976 1201 1093 1245 similis,
1104 1214 1170 1249 qua
1179 1200 1299 1236 albedo
1310 1230 1319 1244 ‚
1334 1214 1389 1236 aut
1400 1202 1457 1237 lux

88 1253 294 1298 definiretur,
317 1255 349 1289 id
365 1268 429 1303 quo
443 1267 489 1289 res
502 1254 615 1288 dicitur
626 1252 700 1287 alba
715 1280 725 1296 ,
748 1263 804 1286 aut
817 1251 930 1286 lucida.
953 1251 1017 1286 Sed
1033 1250 1170 1290 excusari
1194 1250 1296 1298 potest
1312 1250 1453 1285 Philoso-

87 1302 169 1351 phus
180 1333 189 1347 ,
202 1304 290 1351 quod
306 1302 451 1351 suprema
461 1314 581 1351 genera
594 1305 648 1337 vix
657 1312 803 1336 accurate
819 1299 946 1335 definiri
966 1298 1101 1348 poffint,
1131 1304 1165 1335 δε
1182 1297 1318 1346 qualitas
1342 1300 1455 1347 impri-

89 1353 150 1387 mis
169 1380 178 1395 ‚
197 1364 267 1399 quae
282 1351 427 1388 latissime
448 1351 514 1386 fusa
523 1352 567 1386 est
577 1379 586 1393 ,
608 1362 707 1397 atque
719 1350 759 1383 ad
775 1350 887 1384 omnia
899 1348 968 1383 fere
979 1351 1130 1396 pertinet.

125 1402 216 1436 Hinc
224 1399 387 1446 qualitatis
397 1402 542 1447 acceptio
555 1399 601 1433 est
614 1397 800 1446 multiplex.
809 1400 900 1433 Nam
909 1404 938 1431 10
953 1397 1085 1432 sumitur
1106 1408 1165 1444 pro
1175 1397 1266 1430 omni
1283 1393 1463 1430 differentia

88 1450 187 1482 etiam
203 1447 357 1483 ess'entiali
373 1478 383 1491 ,
412 1461 483 1495 quae
497 1448 617 1481 idcirco
632 1446 651 1481 ὲ
665 1446 774 1493 Porph
798 1449 846 1480 rio
862 1446 978 1480 dicitur
988 1444 1136 1492 qualitas,
1151 1458 1189 1479 20
1208 1446 1270 1479 Pro
1279 1445 1369 1477 omni
1379 1446 1466 1478 acci-

89 1496 187 1530 dente
204 1525 213 1538 ‚
239 1496 328 1542 quod
338 1495 457 1530 scilicet
466 1496 655 1542 ptaedicatur
669 1497 701 1528 in
710 1459 816 1539 quase.
834 1502 864 1536 30
873 1495 935 1528 Pro
944 1493 1164 1527 accidentibus
1177 1492 1269 1539 hujus
1280 1493 1462 1538 categoriae,

89 1555 149 1591 per
162 1556 233 1590 qua:
246 1543 473 1590 respondemus
483 1544 611 1588 proprie
627 1542 667 1574 ad
680 1541 881 1586 quaestionem
898 1540 1019 1575 factam
1031 1567 1042 1583 ‚
1073 1539 1177 1585 qualis
1193 1550 1242 1572 res
1258 1537 1302 1573 fit.

124 1591 275 1640 Qalitas
291 1591 465 1626 hocinodo
480 1589 644 1624 intelle&
658 1587 784 1622 definiri
802 1588 903 1636 potest
921 1600 993 1622 cum
1011 1589 1130 1623 Saneto
1149 1586 1280 1622 Thoma
1296 1599 1307 1620 .·
1332 1585 1462 1621 Modut

89 1641 146 1674 vel
166 1640 386 1673 determinatio
399 1637 594 1683 fiabstantiae3
621 1648 677 1671 aut
693 1635 790 1684 paulo
803 1638 1003 1678 accuratius,
1024 1647 1060 1670 ut
1079 1635 1186 1670 multis
1208 1634 1353 1676 videtur,
1379 1638 1461 1669 acci-

89 1688 169 1722 dens
184 1686 355 1729 absblutum
367 1684 662 1731 quodsicbstantiam
679 1685 876 1719 determinat.
895 1685 983 1720 Cum
998 1684 1111 1719 dicitur
1125 1683 1281 1725 attidem,
1294 1680 1462 1717 essentialis

88 1737 135 1770 rei
148 1734 293 1783 cujusque
304 1734 487 1770 differentia
501 1734 681 1768 excluditur
689 1761 698 1775 ,
717 1745 788 1779 quae
799 1732 886 1767 aliud
895 1732 973 1767 facit
985 1761 995 1775 ,
1004 1745 1075 1768 cum
1087 1731 1220 1779 qualitas
1240 1731 1376 1766 alterum
1390 1742 1461 1766 tan-

90 1782 243 1825 tummon
258 1783 342 1818 aliud
354 1782 470 1817 efficiat
485 1783 585 1817 :uncle
598 1794 646 1815 res
657 1781 783 1815 alterari
793 1781 991 1824 dicitmssum
1000 1794 1123 1817 novam
1131 1779 1312 1828 adipiscitur
1325 1779 1466 1826 qualita-

91 1842 158 1867 tem
170 1861 178 1875 ‚
194 1844 230 1867 ut
245 1844 318 1866 cum
337 1844 375 1866 ex
388 1831 490 1865 calida
503 1830 538 1864 fit
554 1830 675 1878 frigida.

124 1888 155 1917 ι’)
170 1880 317 1928 Qialitas
334 1881 447 1914 dicitur
458 1879 602 1913 accidens
612 1876 793 1912 absolutum
805 1906 813 1919 ‚
825 1887 862 1910 ut
873 1875 1078 1924 distinguatur
1089 1876 1109 1913 ὲ
1119 1876 1239 1926 septem
1250 1875 1370 1912 ultimis
1382 1889 1462 1925 Ρη-

90 1928 287 1972 dicamentis,
312 1941 383 1975 quae
402 1941 469 1963 non
491 1926 564 1963 sunt
579 1925 745 1969 absoluta,
765 1924 817 1960 sed
839 1923 893 1959 tes
909 1926 1024 1962 ee'tiva.

128 1985 158 2021 3⁰
169 1979 197 2013 A
207 1979 387 2024 quantitate
402 1979 436 2012 in
449 1975 511 2011 hoc
527 1975 696 2010 secernitur
708 2002 719 2017 ,
741 1973 830 2021 quod
848 1972 880 2008 su
906 1973 1048 2009 stantiam
1062 1972 1227 2009 modificet
1247 1984 1284 2007 ac
1309 1972 1464 2008 determi-

75 2036 150 2060 net
166 2039 176 2061 ε
198 2037 272 2061 nam
289 2026 455 2073 quantitas
475 2023 680 2059 substantiam
697 2023 863 2065 extendit,
894 2019 947 2057 sed
970 2036 1040 2059 non
1069 2023 1282 2065 determinat,
1305 2024 1372 2056 imo
1398 2021 1463 2069 ipsa

92 2072 248 2120 qualitate
265 2085 361 2122 eget,
376 2084 415 2108 ut
428 2073 636 2107 determinari
650 2071 746 2120 possit
760 2087 768 2108 ε
794 2071 880 2108 unde
887 2069 989 2120 figura
1006 2084 1078 2121 quae
1092 2071 1139 2106 est
1152 2071 1318 2119 qualitatis
1333 2067 1463 2117 species,

92 2121 171 2157 nihil
184 2123 226 2156 est
246 2134 356 2169 praeter
379 2123 549 2157 terminum
568 2123 770 2165 quantit-itis.
802 2138 805 2139 ⁷
1507 2119 1509 2121 ’

138 2172 230 2205 Hinc*
238 2171 504 2218 quadripartitam
517 2168 876 2216 qualitatisdivisionem
886 2168 990 2204 solent
1002 2168 1202 2216 depromere.
1223 2168 1312 2202 Nam
1325 2165 1462 2202 substan-

93 2215 136 2248 tia
149 2221 192 2251 rei
205 2219 350 2266 cujusque
362 2219 567 2253 determinari
580 2217 684 2266 potest
698 2247 708 2260 ‚
729 2226 757 2252 ιἿ
769 2219 909 2252 Ratione
923 2217 984 2260 sui,
999 2229 1038 2251 ut
1061 2219 1095 2251 in
1113 2214 1217 2262 seipsa
1236 2213 1319 2249 bene
1333 2213 1368 2249 fit
1381 2244 1390 2258 ,
1407 2214 1461 2250 vel

95 2264 176 2297 male
186 2266 301 2301 ari-beta
311 2283 319 2308 ·,
329 2268 424 2313 idque
436 2265 533 2301 efficit
550 2270 687 2314 primum
697 2265 857 2312 qualitatis
867 2270 972 2314 Jugum
987 2294 996 2308 ‚
1008 2264 1153 2299 habitum
1166 2270 1199 2300 &
1211 2261 1460 2309 dispositionem:

93 2322 128 2345 ut
140 2311 306 2348 sanitatem
319 2343 327 2357 ,
348 2327 402 2349 aut
415 2315 646 2350 valetudinem.
665 2324 698 2349 20
720 2313 898 2349 Substantia
914 2314 954 2347 ad
985 2313 1184 2360 operandum
1211 2311 1442 2346 determinatur
1454 2339 1463 2353 ‚

80 2360 175 2406 quod
186 2364 328 2408 potentia
336 2364 487 2401 naturalis
497 2365 739 2413 &impotentia
746 2363 890 2411 praestant
903 2376 912 2398 ;
925 2359 966 2398 fic
985 2360 1068 2398 visus
1080 2361 1122 2396 ad
1134 2360 1314 2398 videndum
1325 2389 1334 2403 ,
1361 2365 1394 2397 δε
1412 2358 1463 2395 fa..

1190 2410 1224 2443 R
1250 2410 1282 2457 iij
