1857 2745
400 161 457 191 372
856 137 1321 179 PHILOSOPHIA

398 200 467 235 Dei
483 226 492 241 ,
509 196 551 230 de
563 195 644 230 illius
661 191 805 232 unitate,
815 186 1040 236 perfeetione,
1052 192 1257 239 providentia
1270 221 1280 236 ‚
1295 191 1667 241 mundiotigine,.animi
1679 193 1784 229 incor-

396 248 567 293 ruptione,
583 243 709 278 summo
728 238 870 273 hominis
883 235 991 283 bono,
1004 241 1046 274 de
1061 253 1141 277 vera
1153 244 1276 284 virtute
1290 270 1300 284 ,
1310 254 1379 289 quae
1388 240 1450 276 fide
1460 270 1471 285 ‚
1484 240 1559 289 spe,
1577 247 1611 277 δε
1627 241 1784 279 charitate
1856 275 1857 279 ,

395 296 585 329 continetur
599 321 608 336 ,
629 289 670 324 de
686 289 759 337 lege
775 286 914 322 naturali
933 288 1078 325 moribus
1095 290 1210 327 nostris
1226 290 1321 326 incisa
1336 320 1346 334 ‚
1359 303 1397 325 ea
1412 290 1580 339 collegerit
1593 318 1603 333 ‚
1623 288 1687 324 fine
1702 294 1783 339 qui-
1853 320 1857 339 ‚

394 341 457 377 bus
480 341 568 379 nulla
584 339 701 389 religio
713 337 861 373 constare
879 338 1008 385 potest,
1024 336 1201 375 ea'senserit
1216 353 1286 388 quae
1301 340 1482 374 Christiana
1499 340 1614 390 religio
1642 341 1783 376 innume·
1851 341 1854 346 ’

394 389 479 426 biles
505 392 652 427 nationes
675 388 808 423 edocuit
826 415 837 430 ‚
858 391 892 423 &
905 386 1063 435 persuafit.
1082 391 1132 424 Ac
1152 388 1173 424 fi
1198 390 1328 437 quando
1349 388 1468 425 summa
1488 388 1639 436 quaedarn
1654 390 1784 436 ingenia
1851 399 1857 427 l

394 439 496 489 longo
513 439 612 475 studio
626 435 785 475 &labore
799 435 953 470 nonnulla
971 450 1009 472 ex
1027 440 1066 473 iis
1081 449 1201 474 naturae
1216 440 1377 488 principiis
1409 437 1583 474 delibarint
1602 467 1611 481 ‚
1653 449 1704 472 tot
1735 450 1785 473 et-
1855 459 1857 462 .

394 502 505 525 rorum
519 495 552 526 &
564 486 804 524 dubitationum
820 483 948 520 nebulis
964 498 1002 521 ea
1023 487 1252 532 obduxerunt,
1273 498 1310 523 ut
1323 487 1523 523 manifestum
1547 488 1685 523 fecerint
1705 486 1793 523 nihil*
1852 489 1857 529 Ι

392 538 533 574 debilius
549 549 604 573 aut
618 535 760 585 fragilius
775 531 836 569 esse
846 563 855 577 ,
872 535 972 581 quern
988 549 1133 573 mentem
1149 537 1324 573 humanam
1337 535 1396 571 fibi
1405 536 1462 572 soli
1475 536 1681 585 permiss'am..
1855 565 1857 574 .

431 589 545 636 Itaque
557 586 635 622 illud
649 582 1021 634 Apostoliinconcuffiim
1033 598 1146 623 manet
1158 615 1169 630 ,
1191 591 1225 623 &
1245 588 1446 635 experientia
1463 585 1528 634 ipsa
1544 584 1800 630 confirmatum„
1849 589 1857 635 Α

393 637 484 684 qnod
498 635 659 682 infirmum
672 636 712 680 est
726 635 794 668 Dei
806 634 935 678 ,fhrtins
953 634 993 680 est
1007 635 1197 672 hominibus.
1212 638 1252 671 Et
1270 635 1348 670 illud
1368 647 1499 682 quoque
1516 648 1580 682 que
1598 635 1699 679 stulta
1707 636 1786 681 sunt
1839 633 1857 682 Ti

392 686 507 721 mnndi
523 686 619 733 elegit
632 685 722 718 Deus
737 694 773 717 ut
791 681 963 727 confundat
977 686 1164 733 Sapientes;
1182 683 1220 719 ὠ·
1233 684 1363 730 infirma
1376 684 1489 719 mundi
1502 686 1598 733 elegit
1617 684 1729 720 Deus.
1749 693 1798 718 ut*
1838 686 1857 722 ,’

391 733 566 775 conflandat
575 735 706 779 sortia,-
729 731 937 780 &ignobilia
953 734 1065 768 mundi
1079 762 1090 773 ‚
1126 734 1165 769 (ᾗ
1185 732 1437 783 contemptibilia
1465 734 1511 766 ele
1536 736 1562 768 it
1580 734 1672 766 Deus
1692 731 1732 767 ἀ·
1748 744 1796 767 τι·
1837 764 1841 772 ,

393 795 459 826 quae
470 785 608 829 nonfitnt
619 811 627 821 ‚
639 792 677 816 ut
698 795 734 815 ea
747 793 808 828 qnae
817 781 893 827 fitnt
910 809 919 820 ‚
938 781 1110 826 destrueret
1131 781 1226 820 Nihil
1244 782 1401 817 infirmius
1415 811 1425 825 ,
1441 748 1534 817 nihil
1547 780 1793 829 contemptibi--

391 831 451 867 lius
473 832 582 866 mundi
601 832 771 879 Sapientes
791 830 1070 879 judicant‚quam
1088 844 1215 867 crucem
1227 831 1417 875 Christi3&
1432 841 1541 866 tamen
1559 830 1639 865 nihil
1657 829 1789 874 fortius,

388 880 473 916 nihil
493 878 654 915 efficacius
669 892 708 914 ea
727 879 810 922 fuit,
829 881 866 914 iis
884 879 1108 928 persuadendis
1121 893 1193 928 quae
1205 879 1351 914 Christus
1369 879 1464 914 nobis
1484 880 1629 924 tradidit,
1644 892 1712 926 quae
1727 892 1783 915 ve-

389 941 426 963 ra
445 929 601 978 sapientia
621 941 680 964 nos
699 929 804 964 docet.
823 929 915 962 Nam
934 932 1013 974 quia
1025 957 1034 971 ‚
1052 932 1097 964 ait
1115 931 1203 964 idem
1214 929 1324 976 Apost.
1342 931 1376 962 in
1388 928 1456 961 Dei
1461 930 1639 976 sapientia,
1660 941 1721 963 non
1732 941 1782 963 co-

385 982 507 1026 gnovit
524 979 658 1013 mundus
670 988 727 1026 per
736 976 935 1024 sapientiam
949 977 1074 1011 Deum:
1084 979 1212 1026 placuit
1225 979 1294 1010 Deo
1317 987 1375 1024 per
1385 976 1557 1021 stultitiam
1583 977 1784 1025 praedicatio-

390 1030 441 1061 nis
451 1028 563 1073 salvos
573 1027 681 1072 ficere
693 1025 862 1060 credentes·
881 1026 1032 1073 Perpauci
1046 1029 1133 1061 enim
1153 1039 1191 1061 ex
1203 1026 1294 1075 hujtis
1309 1023 1443 1060 univerfi
1461 1026 1633 1060 constituto
1656 1026 1798 1070 ordine„

388 1087 427 1109 ex
441 1087 562 1111 naturae
578 1073 859 1122 contemplatione
869 1072 952 1108 illius
972 1075 1155 1110 Authorem
1173 1085 1399 1123 cognoverunt
1414 1102 1423 1117 ,
1448 1086 1501 1108 aut
1517 1075 1757 1122 providentiam
1770 1103 1782 1119 ‚

387 1134 442 1158 aut
464 1124 528 1158 alia
541 1123 704 1172 religionis
716 1122 950 1157 fundamenta:
970 1122 1088 1158 eadem
1114 1136 1193 1158 vero
1206 1153 1216 1166 ,
1235 1134 1270 1157 ut
1297 1123 1450 1165 diximus,
1469 1123 1584 1172 religio
1603 1123 1795 1158 Christiana-

386 1172 543 1207 omnibus
563 1172 691 1221 populis
714 1173 795 1205 citra
817 1169 909 1204 ullius
925 1174 1040 1206 erroris
1061 1173 1401 1215 admistionem,citra
1423 1171 1526 1207 ullum
1553 1171 1687 1207 dubium
1709 1184 1782 1221 per.

389 1219 480 1255 suafit
494 1235 503 1257 ε
526 1233 639 1257 verum
655 1220 685 1254 id
702 1233 768 1256 non
781 1218 843 1254 alia
859 1221 986 1254 ratione
1005 1218 1140 1256 efficitur
1153 1251 1162 1266 ,
1180 1234 1278 1268 quam
1295 1234 1370 1256 cum
1389 1223 1479 1256 Deus
1509 1233 1634 1256 mentes
1663 1222 1782 1257 nostras

387 1269 459 1304 luce
469 1267 521 1305 sua
537 1270 705 1318 perfundit
721 1298 730 1312 ,
743 1270 822 1303 utin
839 1280 888 1302 res
907 1269 990 1303 adeo
1007 1270 1171 1306 mirabiles
1185 1283 1257 1317 quae
1281 1271 1314 1305 in
1338 1281 1486 1305 mentem
1509 1271 1654 1318 undique
1675 1272 1780 1306 incur.

387 1330 459 1353 runt
474 1348 482 1362 ,
495 1323 598 1353 aciem
614 1319 779 1362 intendat,
795 1330 867 1352 cum
885 1330 1028 1354 errorum
1038 1319 1140 1355 nubes
1162 1320 1301 1366 disjicit,
1318 1331 1358 1354 ne
1378 1317 1454 1354 falsa
1475 1324 1509 1355 &
1522 1322 1681 1354 ementita
1707 1319 1779 1355 luce

387 1368 595 1415 decipiamur.

434 1419 555 1464 Neque
576 1418 606 1450 id
624 1415 720 1451 nobis
743 1415 926 1450 faciendum
944 1444 952 1458 ,
964 1426 1001 1450 ut
1017 1418 1054 1449 iis
1077 1416 1327 1465 respondeamus
1342 1445 1352 1460 ,
1368 1429 1438 1464 quae
1461 1416 1607 1451 adversus
1623 1417 1779 1453 Christia-

384 1477 460 1499 nam
486 1465 679 1514 religionem
704 1463 746 1498 ab
775 1462 962 1499 infidelibus
993 1463 1201 1513 objiciuntur.
1225 1466 1260 1499 Id
1285 1466 1374 1499 enim
1402 1478 1473 1501 non
1495 1466 1542 1499 est
1573 1466 1664 1516 hujus
1687 1467 1751 1502 loci
1767 1494 1778 1512 ,
1828 1504 1829 1512 ἵ

383 1525 441 1547 aut
469 1516 625 1562 temporis
641 1543 649 1556 ‚
671 1526 745 1547 cum
764 1512 785 1548 ἓι
808 1512 920 1547 sanetis
936 1512 1084 1547 Patribus
1101 1516 1258 1562 primum.
1281 1526 1351 1548 tum
1367 1514 1387 1549 a
1402 1513 1582 1563 Theologis
1599 1518 1691 1563 pene
1706 1530 1779 1551 om-

383 1561 492 1605 nibuS,
517 1568 550 1599 &
563 1563 696 1597 tandem
711 1561 730 1596 ἐι
741 1560 925 1597 doctissimis
939 1562 1015 1596 viris
1027 1562 1135 1597 nostra
1150 1563 1210 1598 hac
1229 1575 1322 1598 :etate
1342 1563 1405 1597 hoc
1420 1575 1648 1611 argumentum
1663 1564 1700 1599 fit
1713 1577 1777 1600 tra·
1828 1570 1831 1578 '

385 1613 507 1646 &atum
521 1611 693 1646 uberrime.
713 1610 747 1645 Id
765 1624 863 1646 unum
876 1639 886 1654 ‚
904 1610 993 1657 quod
1017 1612 1122 1646 statim
1143 1615 1280 1647 occurrit
1298 1611 1393 1646 nobis
1417 1612 1606 1647 diluendum
1628 1614 1778 1659 videtur,
1827 1615 1831 1653 ζ

381 1660 468 1695 idem
482 1660 578 1696 nobis
592 1660 693 1708 objici
703 1658 789 1709 posse
812 1659 902 1707 quod
922 1658 1164 1696 Mahumetanis
1177 1660 1487 1710 opposuimus,quod
1497 1660 1613 1711 religio
1626 1662 1777 1704 Christia-

382 1721 422 1743 na
437 1710 523 1744 credi
547 1708 603 1744 fibi
620 1708 712 1752 velit,
726 1708 812 1744 nulla
832 1709 1016 1756 inquirendi
1038 1709 1189 1744 libertate
1213 1710 1337 1745 relicta.
1725 1736 1729 1739 ,

418 1758 617 1806 Respondeo
645 1760 775 1792 remita
795 1771 860 1792 non
875 1755 946 1793 effe.
973 1759 1117 1794 Primum
1140 1760 1228 1793 enim
1251 1758 1308 1793 fibi
1333 1758 1433 1795 fidem
1457 1759 1572 1808 religio
1598 1760 1777 1797 Christiana

381 1809 556 1842 innumeris
582 1806 802 1850 miraculis‚&
821 1806 1058 1853 Prophetarum
1073 1807 1231 1851 oraculis,
1246 1820 1372 1844 morum
1392 1806 1570 1852 sanctitate,
1583 1812 1775 1858 totMarty-
1827 1830 1830 1839 ι

380 1868 451 1891 rum
466 1856 620 1905 sanguine
634 1886 644 1901 ‚
659 1858 758 1891 totius
774 1854 860 1890 orbis
871 1853 1072 1892 consensione
1089 1855 1148 1892 fibi
1161 1857 1360 1892 conciliavit.
1370 1858 1459 1892 Hinc
1473 1859 1503 1894 S.
1518 1860 1629 1892 Petrus
1643 1873 1662 1894 1.
1675 1859 1773 1905 Epist.

382 1917 406 1939 c-
432 1919 457 1950 3.
480 1905 575 1941 lubet
591 1919 645 1940 nos
663 1907 852 1953 effipamtos
875 1904 922 1938 ad
937 1904 1134 1940 reddendam
1151 1908 1302 1939 rationem
1315 1905 1353 1938 de
1374 1917 1410 1937 ea
1421 1917 1484 1950 quae
1501 1908 1535 1939 in
1550 1905 1638 1940 nobis
1656 1906 1696 1950 est
1710 1908 1772 1952 spe.
1824 1901 1828 1909 ¹

379 1956 502 2002 Neque
525 1957 612 1989 enirn
627 1956 786 2003 principia
798 1953 873 1989 fidei
890 1951 962 1988 sunt
973 1953 1129 2000 ejusmodi
1147 1956 1203 2000 qui
1221 1965 1278 2001 per
1290 1951 1617 1997 seinnotescant,nec
1630 1955 1770 2002 pruden-

381 2015 428 2038 tet
437 2006 474 2037 iis
492 2002 632 2038 assentiri
653 2002 808 2051 possumus
820 2032 831 2046 ,
856 2001 913 2037 nifi
928 2000 987 2036 fint
1001 2014 1078 2037 ante
1094 2002 1261 2050 explicatae
1273 2003 1412 2036 rationes
1427 2000 1544 2049 quibus
1566 2003 1606 2037 ad
1634 2004 1772 2039 creden-

381 2053 459 2088 dum
472 2053 654 2087 inducimur
668 2079 676 2091 ‚
688 2063 824 2098 quaeque
841 2048 1067 2085 credibilitatis
1088 2052 1213 2085 motiva
1227 2051 1290 2085 dici
1313 2049 1430 2087 solent.
1458 2053 1566 2098 Atque
1585 2063 1620 2086 ut
1644 2055 1770 2101 optime

382 2100 534 2136 observat
548 2100 714 2135 Melchior
729 2101 837 2135 Canus
867 2098 888 2133 l.
905 2111 949 2133 η.
964 2111 991 2134 c.
1011 2113 1046 2142 4.
1066 2099 1244 2148 hujusmodi
1263 2101 1404 2134 rationes
1419 2098 1515 2147 jubet
1532 2101 1642 2136 Petrus
1659 2101 1679 2137 ἐι
1696 2105 1769 2137 Do-

382 2149 525 2185 &oribus
551 2149 696 2185 fidelium
712 2149 826 2189 reddi,
839 2161 911 2196 quae
924 2161 996 2182 cum
1012 2147 1112 2183 fidem
1126 2149 1323 2184 antecedunt
1335 2177 1343 2192 ‚
1354 2147 1501 2183 infideles
1517 2149 1598 2198 ipsos
1615 2163 1683 2185 non
1702 2161 1769 2185 tta..

380 2199 458 2234 hant
473 2228 482 2242 ,
497 2199 548 2233 sed
568 2198 818 2242 inducant;“cum
836 2196 1018 2243 sequuntur,
1028 2211 1096 2233 non
1118 2197 1267 2233 fidelibus
1287 2200 1354 2231 vim
1369 2196 1525 2242 afferant,
1547 2198 1598 2234 sed
1613 2199 1768 2246 adjiciant

377 2247 484 2283 robur:
497 2247 551 2283 nisi
564 2250 652 2284 enim
665 2247 716 2282 lux
729 2247 805 2282 fidei
816 2244 1050 2289 affulserit‚n0n
1067 2246 1314 2296 persuadebunt.
1333 2248 1427 2281 Fides
1442 2250 1568 2297 quippe,
1579 2259 1614 2283 ut
1625 2250 1670 2283 ait
1683 2249 1765 2297 Aug.

379 2296 419 2340 est
427 2300 534 2343 prima
549 2295 770 2344 quaefi'cbjttqat
779 2296 931 2330 hominem
943 2296 1012 2330 Deo
1027 2312 1035 2332 ς
1062 2307 1129 2330 tum
1139 2297 1242 2329 lucere
1254 2297 1384 2341 incipit,
1410 2297 1494 2342 quod
1509 2308 1606 2331 antea
1627 2307 1768 2331 tantum·-

379 2345 466 2378 modo
483 2345 680 2381 credebatur.
697 2347 790 2379 Nam
805 2355 839 2378 ut
854 2344 1026 2379 identidem
1044 2346 1202 2388 inculcat,
1228 2347 1319 2392 prius
1331 2344 1522 2381 credendum
1537 2345 1578 2393 est
1594 2355 1629 2381 ut
1644 2355 1762 2396 perve-

379 2395 490 2428 niatur
505 2395 549 2430 ad
567 2394 781 2440 intellellmn3
798 2392 838 2443 &f
857 2393 1081 2443 intelligentia
1092 2394 1133 2441 est
1140 2393 1221 2441 fidei
1237 2403 1364 2442 mercen
1681 2442 1717 2478 N

1722 2451 1760 2476 ec
