1857 2745
303 142 325 175 4
338 168 468 210 Instant.
485 171 578 208 Adeo
589 169 714 218 ignarus
727 166 792 203 fuit
804 168 944 205 Adamus
955 197 965 213 ‚
983 179 1020 204 ut
1035 169 1208 204 crediderit
1232 166 1414 215 serpentem
1425 169 1461 203 vi
1478 171 1513 206 &
1526 167 1684 205 facultate

298 221 453 270 loquendi
471 216 531 255 else
544 218 721 267 praeditum.
734 248 737 249 γ

330 274 374 308 R.
399 271 478 304 Non
497 265 662 303 credidiss'e
674 266 835 303 Adamum
852 265 1010 313 loquendi
1023 264 1213 302 facultatem
1228 265 1367 315 serpenti
1385 264 1446 302 esse
1461 271 1681 316 congenitam,

299 320 350 357 sed
365 321 484 354 virtute
493 317 601 364 aliqua
611 317 723 352 divina
734 317 764 350 ei
780 314 840 351 else
857 311 1048 352 concelsam.
1071 318 1125 351 Sic
1139 318 1172 351 in
1189 315 1294 354 frustn
1306 315 1442 351 scientiae
1454 315 1534 352 boni
1558 323 1592 355 δ(
1605 317 1684 353 mali

299 372 368 404 vim
389 367 531 415 aliquam
556 364 829 414 supernaturalem
846 361 943 401 ineffe
961 363 1164 401 existimavit.
1186 367 1236 399 Ac
1259 366 1402 412 denique
1420 378 1487 400 non
1503 364 1690 402 inficiamur,

298 416 399 454 multi
417 429 491 451 eum
500 414 691 464 cognoscere
702 412 839 464 potuisse
854 426 910 463 per
921 411 1384 464 scientiamexperimentalem
1396 442 1407 458 ‚
1421 427 1491 462 quae
1506 417 1538 451 in
1554 417 1689 451 univer-

301 468 368 503 sum
384 466 542 501 dunt-mit
567 476 643 499 ante
663 462 890 513 cognoscebat.

336 519 425 554 Dsus
440 517 549 562 itaque
561 513 605 547 est
620 513 710 548 causa
724 515 874 562 primatia
890 511 1124 561 Philosophiae:
1142 511 1194 548 sed
1208 512 1377 561 postquam
1392 524 1580 562 temporum
1600 514 1684 562 inju-

300 567 370 607 ria,
387 569 419 601 &
438 564 607 599 hominum
630 562 830 612 negligentia
853 564 981 610 penitus
1008 564 1153 598 extincta
1168 561 1251 606 fuit,
1276 564 1337 596 viri
1357 563 1533 608 praestantes
1553 564 1685 610 ingenio

299 613 459 663 paulatim
473 611 784 654 eamsestituerum,
801 623 900 662 atque
913 611 962 647 his
981 609 1072 646 velut
1088 610 1241 660 gradibus
1256 611 1297 645 ad
1311 609 1552 660 Philosophiam
1573 611 1687 645 restaua

301 663 441 699 randarn-
456 661 525 698 sunt
540 660 703 710 progressi.

350 714 494 748 Primum
506 711 657 745 admirati
669 709 859 760 suntpliires
874 708 1010 746 effeetus
1024 737 1032 748 ‚
1052 710 1083 743 id
1097 709 1310 754 est,attentius
1330 721 1386 744 eos
1399 737 1409 752 ,
1424 712 1458 744 &
1477 705 1622 756 suspenso
1636 711 1690 758 jin

302 762 390 796 dicio
398 758 632 809 iiispexere.Ex
649 760 864 794 admiratione
877 771 947 793 orta
965 759 1008 792 est
1020 759 1189 807 cupiditas,
1206 770 1262 793 aut
1273 756 1461 792 desiderium
1479 756 1583 791 causas
1595 759 1689 793 inve-

304 810 415 846 niendi
429 838 439 853 ‚
453 821 536 857 *quas
552 808 662 845 multis
685 809 792 857 postea
806 807 1037 843 confirmarunt
1061 810 1302 856 experimentis.
1333 805 1431 843 Unde
1449 818 1487 840 ex
1505 806 1689 854 ignorantia

304 860 481 894 admiratio
491 887 500 900 ‚
514 870 554 892 ex
572 870 634 905 qua
646 857 784 905 diligens
797 855 957 903 inquisitio
971 854 1082 898 caulae,
1095 868 1162 890 tum
1177 858 1327 891 inventio
1338 854 1510 902 multiplici
1520 857 1690 903 experien-

306 909 353 943 tia
370 907 412 942 est
424 906 623 942 confirmata.
640 907 743 951 Qod
758 904 945 952 aptioribus
963 907 1140 951 incoeptum
1154 933 1162 947 ,
1178 905 1368 952 posteriores
1381 915 1623 938 promoverunt.
1635 905 1689 938 Sic

304 959 401 993 Zeno
419 955 545 992 Eleates
559 956 680 1003 primus
695 956 825 988 Looicae
839 954 954 988 author
966 950 1026 986 effe
1039 952 1153 995 fertur,
1169 954 1221 986 cui
1235 945 1425 986 Aristoteles
1435 953 1600 999 Stagyrita
1612 952 1690 987 ulti-

306 1018 396 1041 mam
415 1016 498 1052 pene
513 1016 642 1038 manum
657 984 947 1049 imposuitsrhales
957 999 1099 1035 Milesius
1110 1000 1274 1049 Physicam
1286 1004 1410 1050 primns
1426 999 1584 1048 explicare
1592 1013 1690 1035 cona,

308 1066 358 1089 tus
372 1053 440 1088 est:
469 1054 622 1086 Socrates
637 1050 775 1085 Moralis
800 1048 1013 1097 Philosophiae
1037 1055 1071 1086 δε
1086 1051 1159 1083 vitae
1185 1049 1382 1084 instituendae
1394 1060 1550 1096 praecepta
1567 1051 1689 1097 primus

308 1101 569 1147 tradidit‚atque
581 1098 602 1134 ὲ
620 1097 899 1145 contemplatione
917 1108 1056 1140 naturae,
1074 1100 1126 1131 cui
1143 1100 1198 1132 uni
1217 1101 1337 1146 priores
1361 1095 1550 1144 Philosophi
1571 1100 1691 1134 intenti

308 1163 401 1186 erant
416 1178 426 1193 ,
438 1150 477 1184 ad
487 1160 591 1184 mores
607 1147 796 1183 formandos
811 1147 974 1181 convertit
987 1147 1140 1181 animum.
1159 1149 1323 1194 roirca
1345 1145 1553 1193 Philosophia
1565 1146 1607 1181 ab
1618 1149 1691 1183 He-

309 1199 400 1235 braeis
411 1199 451 1233 ad
461 1198 630 1246 AEgyptios
639 1225 649 1240 ‚
659 1195 776 1244 quibus
788 1195 882 1232 Plato
891 1196 1031 1230 maxime
1041 1194 1236 1230 credendum
1249 1194 1308 1231 elle
1319 1196 1416 1230 docet
1430 1197 1463 1230 in
1473 1197 1598 1230 Timaeo
1613 1212 1621 1238 ;
1647 1194 1691 1229 ab

309 1247 633 1298 AEgyptiismanavit
644 1246 686 1281 ad
700 1246 827 1281 Graecos
843 1256 968 1293 :eaque
986 1244 1200 1280 admiratione
1215 1251 1248 1282 ὃ(
1274 1245 1473 1294 experientia
1484 1242 1693 1292 potiffimum

311 1299 375 1335 fnit
392 1298 558 1333 restituta„

344 1351 457 1394 Itaque
470 1344 711 1394 Philosophiam
728 1341 952 1391 consequimur
969 1344 1112 1392 ingenio,
1131 1342 1192 1377 seu-
1200 1341 1521 1389 nattira,'disciplina
1533 1370 1543 1384 ‚
1569 1345 1692 1377 exerci-

312 1398 437 1432 tatione
452 1401 485 1432 &
501 1406 628 1430 attenta
656 1407 762 1440 rerum
780 1394 1004 1429 meditatione.
1023 1393 1147 1428 Natura
1168 1404 1240 1427 eam
1254 1392 1388 1431 inchoat
1402 1418 1414 1435 ,
1445 1391 1592 1428 doctrina
1615 1404 1692 1440 pro.

311 1457 435 1489 movet,
449 1446 574 1479 intenta
585 1441 905 1491 meditatioperficit.

346 1495 487 1529 Materia
498 1504 654 1540 quantum
663 1492 704 1526 ad
721 1490 918 1539 propositum
935 1489 1075 1538 duplex,
1088 1490 1122 1524 in
1142 1500 1208 1536 qua
1225 1494 1259 1527 δε
1275 1491 1359 1524 circa
1376 1503 1483 1539 quam.
1512 1490 1571 1526 llla'
1589 1488 1693 1538 subje⁴

311 1545 411 1585 ἃιιιη,
423 1542 488 1577 haec
501 1540 668 1587 objedhim
682 1540 806 1575 dicitur.

357 1590 547 1639 SubjeCiaim
572 1591 624 1624 cui
644 1588 778 1624 inhaeret
793 1586 1002 1636 Philosophia
1014 1616 1025 1631 ‚
1042 1586 1086 1623 est
1109 1599 1199 1623 mens
1217 1586 1357 1623 humana
1370 1617 1381 1632 ,
1407 1587 1460 1623 seu
1485 1588 1668 1625 intelleEtus
1680 1609 1692 1633 ι

312 1653 411 1688 quem
427 1638 577 1687 perficit„
588 1637 776 1686 SubjeClmm
788 1650 868 1673 veto
884 1637 974 1684 quod
990 1637 1197 1679 denominat,
1208 1636 1250 1669 est
1262 1635 1325 1682 ipse
1334 1637 1447 1673 homo.
1467 1639 1556 1672 Nam
1571 1638 1690 1681 forma,

313 1701 368 1726 aut
410 1688 548 1723 effectio
571 1687 680 1734 aliqua
694 1699 800 1723 totum
813 1687 1012 1722 denominat.
1026 1688 1079 1720 Sic
1094 1685 1195 1720 homo
1206 1684 1323 1718 dicitur
1341 1684 1455 1718 doetus
1467 1712 1477 1727 ,
1490 1697 1548 1719 aut
1557 1687 1683 1734 justus..

349 1741 384 1775 O
408 1738 532 1784 jectum
547 1748 632 1771 vero
640 1735 866 1785 Philosophiae-
880 1734 951 1771 sunt
967 1747 1015 1769 res
1031 1746 1144 1769 omnes
1155 1744 1246 1780 ,quat
1263 1731 1401 1767 naturali
1415 1734 1542 1769 ratione
1562 1732 1692 1783 cognos-

311 1790 342 1822 ci
358 1786 492 1835 possunt.
513 1784 692 1831 Objectum
706 1786 839 1833 duplex,
857 1783 1041 1827 materiale,
1058 1782 1109 1818 seu
1122 1795 1170 1817 res
1183 1784 1266 1815 circa
1282 1793 1380 1828 quam
1396 1793 1445 1815 ars
1460 1809 1470 1824 ‚
1488 1781 1543 1818 vel
1560 1782 1692 1818 scientia

312 1836 453 1872 versatur
473 1853 482 1879 3
498 1840 532 1871 &
557 1834 715 1879 formale,
745 1834 798 1870 seu
821 1837 923 1878 ratio,
937 1844 993 1868 aut
1009 1828 1378 1868 modurconsiderandi.
1392 1830 1475 1866 Res
1488 1844 1603 1867 omnes
1622 1831 1692 1866 sunt

312 1885 480 1932 obje&tim
499 1882 714 1931 Philosophiae
731 1883 916 1919 materiale:
931 1893 1091 1928 quatenus
1114 1892 1192 1914 vero
1213 1876 1284 1913 sunt
1301 1876 1448 1920 scibiles,
1468 1879 1522 1915 vel
1543 1878 1692 1929 cognosci

313 1934 439 1982 potsunt
455 1945 512 1980 per
522 1931 624 1966 causas
640 1959 650 1973 ,
668 1932 701 1965 id
714 1931 845 1966 demum
860 1932 903 1964 est
917 1929 1086 1975 objectum
1105 1926 1244 1962 formale
1258 1941 1265 1963 :
1277 1938 1313 1962 ut
1327 1939 1377 1962 res
1392 1925 1524 1963 visibilis
1536 1928 1582 1963 est
1600 1927 1693 1977 obje-

314 1986 403 2019 &um
420 1982 502 2018 visus
517 1979 856 2027 materiale-‚quatenus
871 1978 916 2012 est
925 1977 1087 2016 colorata,
1114 1976 1252 2011 formale
1271 1976 1320 2011 est.

355 2031 459 2068 Causa
468 2029 613 2066 formalis
626 2027 838 2076 Philosophiae
851 2026 940 2063 nulla
957 2026 1017 2063 est:
1036 2039 1109 2061 cnm
1122 2025 1186 2074 ipsa
1196 2024 1232 2061 fit
1240 2025 1348 2061 forma
1362 2025 1511 2074 quaedam
1520 2055 1530 2071 ‚
1540 2038 1599 2061 aut
1608 2041 1692 2076 qua·-

313 2083 386 2118 litas
398 2097 405 2117 3
420 2078 477 2116 nifi
490 2079 577 2114 forte
588 2081 713 2127 optima
728 2077 867 2113 docendi
877 2078 961 2112 ratio
970 2074 1054 2121 ‚.vel
1067 2076 1167 2120 ordo,
1187 2086 1223 2111 ut
1232 2074 1379 2124 quaedam
1396 2075 1613 2128 Philosophiae
1626 2077 1695 2122 fot7

314 2144 367 2167 ma
375 2160 386 2175 ,
395 2141 451 2166 aut
466 2128 629 2179 perfectio
638 2125 806 2163 habeatur.

775 2209 870 2259 QU
886 2212 925 2243 AE
951 2212 972 2245 s
989 2210 1021 2246 T
1043 2212 1110 2246 10
1158 2211 1173 2243 1
1191 2213 1226 2245 v.

749 2260 820 2307 Qua
835 2258 903 2303 fint
917 2270 1022 2307 partes
1041 2258 1245 2308 Philofhphiae.

387 2324 614 2373 Hilosophiam
635 2325 798 2363 Platonici
814 2328 847 2361 &
862 2326 965 2359 Stoici
994 2326 1026 2360 in
1041 2335 1105 2360 tres
1130 2335 1236 2372 partes
1253 2323 1430 2359 diviserunt
1444 2352 1453 2366 ,
1470 2322 1512 2357 In
1528 2320 1694 2368 differendi

355 2414 361 2419 .
375 2372 602 2424 fhbtiligatem,
622 2378 655 2425 {a
669 2378 773 2426 ‘3¹35ss
783 2384 880 2426 atque
891 2387 989 2425 (noges
997 2402 1009 2429 ³.
1025 2372 1063 2413 ῥ’
1074 2375 1108 2411 in
1117 2383 1236 2423 namra
1246 2370 1483 2422 obscuritatem,
1496 2382 1532 2408 ut
1544 2371 1596 2410 M.
1611 2369 1694 2456 ’.Ἐξ
