<?xml version="1.0" encoding="UTF-8"?>
<!DOCTYPE html PUBLIC "-//W3C//DTD XHTML 1.0 Transitional//EN"
    "http://www.w3.org/TR/xhtml1/DTD/xhtml1-transitional.dtd">
<html xmlns="http://www.w3.org/1999/xhtml" xml:lang="en" lang="en">
 <head>
  <title>
</title>
<meta http-equiv="Content-Type" content="text/html;charset=utf-8" />
  <meta name='ocr-system' content='tesseract 3.04.00' />
  <meta name='ocr-capabilities' content='ocr_page ocr_carea ocr_par ocr_line ocrx_word'/>
</head>
<body>
  <div class='ocr_page' id='page_1' title='image "./philosophiavetus01duhauoft_0619.png"; bbox 0 0 1857 2745; ppageno 0'>
   <div class='ocr_carea' id='block_1_1' title="bbox 112 119 1531 2351">
    <p class='ocr_par' dir='ltr' id='par_1_1' title="bbox 135 119 1531 847">
     <span class='ocr_line' id='line_1_1' title="bbox 468 119 1526 160; baseline 0.002 -4"><span class='ocrx_word' id='word_1_1' title='bbox 468 119 863 157; x_wconf 82' lang='lat' dir='ltr'>TRACTATUS</span> <span class='ocrx_word' id='word_1_2' title='bbox 899 121 1162 158; x_wconf 77' lang='lat' dir='ltr'>TERTIUS.</span> <span class='ocrx_word' id='word_1_3' title='bbox 1467 126 1526 160; x_wconf 75' lang='lat'>601</span> 
     </span>
     <span class='ocr_line' id='line_1_2' title="bbox 141 167 1531 218; baseline 0.004 -16"><span class='ocrx_word' id='word_1_4' title='bbox 141 167 326 218; x_wconf 77' lang='lat' dir='ltr'>:appositum</span> <span class='ocrx_word' id='word_1_5' title='bbox 354 169 510 217; x_wconf 87' lang='lat' dir='ltr'>impediat</span> <span class='ocrx_word' id='word_1_6' title='bbox 533 181 575 204; x_wconf 89' lang='lat' dir='ltr'>ne</span> <span class='ocrx_word' id='word_1_7' title='bbox 587 169 676 204; x_wconf 88' lang='lat' dir='ltr'>aliud</span> <span class='ocrx_word' id='word_1_8' title='bbox 693 169 848 204; x_wconf 87' lang='lat' dir='ltr'>videatur.</span> <span class='ocrx_word' id='word_1_9' title='bbox 872 170 984 217; x_wconf 82' lang='lat' dir='ltr'>Qare</span> <span class='ocrx_word' id='word_1_10' title='bbox 995 169 1015 205; x_wconf 84' lang='lat' dir='ltr'>fi</span> <span class='ocrx_word' id='word_1_11' title='bbox 1032 171 1216 206; x_wconf 66' lang='lat' dir='ltr'>intelleChis</span> <span class='ocrx_word' id='word_1_12' title='bbox 1234 169 1287 204; x_wconf 86' lang='lat' dir='ltr'>vel</span> <span class='ocrx_word' id='word_1_13' title='bbox 1307 181 1422 218; x_wconf 88' lang='lat' dir='ltr'>corpus</span> <span class='ocrx_word' id='word_1_14' title='bbox 1434 170 1531 216; x_wconf 85' lang='lat' dir='ltr'>foret,</span> 
     </span>
     <span class='ocr_line' id='line_1_3' title="bbox 143 217 1526 268; baseline 0.004 -16"><span class='ocrx_word' id='word_1_15' title='bbox 143 219 199 252; x_wconf 82' lang='lat' dir='ltr'>vel</span> <span class='ocrx_word' id='word_1_16' title='bbox 216 221 344 266; x_wconf 83' lang='lat' dir='ltr'>corpori</span> <span class='ocrx_word' id='word_1_17' title='bbox 360 219 505 253; x_wconf 84' lang='lat' dir='ltr'>admistus</span> <span class='ocrx_word' id='word_1_18' title='bbox 516 247 526 261; x_wconf 90' lang='lat'>,</span> <span class='ocrx_word' id='word_1_19' title='bbox 547 231 615 253; x_wconf 85' lang='lat' dir='ltr'>non</span> <span class='ocrx_word' id='word_1_20' title='bbox 630 217 732 265; x_wconf 83' lang='lat' dir='ltr'>poffet</span> <span class='ocrx_word' id='word_1_21' title='bbox 754 221 931 266; x_wconf 80' lang='lat' dir='ltr'>quicquam</span> <span class='ocrx_word' id='word_1_22' title='bbox 944 222 1120 268; x_wconf 80' lang='lat' dir='ltr'><strong>percipere.</strong></span> <span class='ocrx_word' id='word_1_23' title='bbox 1143 219 1207 254; x_wconf 88' lang='lat' dir='ltr'>Sed</span> <span class='ocrx_word' id='word_1_24' title='bbox 1222 217 1303 254; x_wconf 82' lang='lat' dir='ltr'>alibi</span> <span class='ocrx_word' id='word_1_25' title='bbox 1326 219 1526 257; x_wconf 67' lang='lat' dir='ltr'>intellectum</span> 
     </span>
     <span class='ocr_line' id='line_1_4' title="bbox 141 265 1526 316; baseline 0.001 -16"><span class='ocrx_word' id='word_1_26' title='bbox 141 278 298 314; x_wconf 74' lang='lat' dir='ltr'>agentem</span> <span class='ocrx_word' id='word_1_27' title='bbox 316 265 378 302; x_wconf 83' lang='lat' dir='ltr'>effe</span> <span class='ocrx_word' id='word_1_28' title='bbox 400 279 575 308; x_wconf 83' lang='lat' dir='ltr'>aeternum;</span> <span class='ocrx_word' id='word_1_29' title='bbox 600 268 802 314; x_wconf 86' lang='lat' dir='ltr'>patientem,</span> <span class='ocrx_word' id='word_1_30' title='bbox 825 266 877 301; x_wconf 91' lang='lat' dir='ltr'>seu</span> <span class='ocrx_word' id='word_1_31' title='bbox 891 267 1092 315; x_wconf 71' lang='lat' dir='ltr'>possibilem,</span> <span class='ocrx_word' id='word_1_32' title='bbox 1111 268 1251 303; x_wconf 88' lang='lat' dir='ltr'>eundern</span> <span class='ocrx_word' id='word_1_33' title='bbox 1279 266 1526 316; x_wconf 82' lang='lat' dir='ltr'>corruptibilem</span> 
     </span>
     <span class='ocr_line' id='line_1_5' title="bbox 144 313 1527 364; baseline 0.003 -15"><span class='ocrx_word' id='word_1_34' title='bbox 144 313 206 350; x_wconf 76' lang='lat' dir='ltr'>eise</span> <span class='ocrx_word' id='word_1_35' title='bbox 216 315 370 352; x_wconf 85' lang='lat' dir='ltr'><strong>decernit.</strong></span> <span class='ocrx_word' id='word_1_36' title='bbox 401 316 490 362; x_wconf 81' lang='lat' dir='ltr'>Qid</span> <span class='ocrx_word' id='word_1_37' title='bbox 505 326 561 362; x_wconf 88' lang='lat' dir='ltr'>per</span> <span class='ocrx_word' id='word_1_38' title='bbox 570 314 770 350; x_wconf 65' lang='lat' dir='ltr'>intellectum</span> <span class='ocrx_word' id='word_1_39' title='bbox 779 326 931 364; x_wconf 86' lang='lat' dir='ltr'>agentern</span> <span class='ocrx_word' id='word_1_40' title='bbox 942 314 997 350; x_wconf 80' lang='lat' dir='ltr'>sibi</span> <span class='ocrx_word' id='word_1_41' title='bbox 1014 317 1094 351; x_wconf 91' lang='lat' dir='ltr'>velit</span> <span class='ocrx_word' id='word_1_42' title='bbox 1107 346 1118 360; x_wconf 89' lang='lat'>‚</span> <span class='ocrx_word' id='word_1_43' title='bbox 1137 329 1176 351; x_wconf 85' lang='lat' dir='ltr'>an</span> <span class='ocrx_word' id='word_1_44' title='bbox 1190 328 1315 364; x_wconf 83' lang='lat' dir='ltr'>partem</span> <span class='ocrx_word' id='word_1_45' title='bbox 1333 319 1461 360; x_wconf 78' lang='lat' dir='ltr'>animae,</span> <span class='ocrx_word' id='word_1_46' title='bbox 1471 318 1527 353; x_wconf 78' lang='lat' dir='ltr'>vel</span> 
     </span>
     <span class='ocr_line' id='line_1_6' title="bbox 141 362 1522 413; baseline 0.002 -15"><span class='ocrx_word' id='word_1_47' title='bbox 141 363 406 408; x_wconf 82' lang='lat' dir='ltr'>facultatem-,an</span> <span class='ocrx_word' id='word_1_48' title='bbox 414 375 620 399; x_wconf 87' lang='lat' dir='ltr'>communem</span> <span class='ocrx_word' id='word_1_49' title='bbox 632 363 804 407; x_wconf 84' lang='lat' dir='ltr'>omnibus,</span> <span class='ocrx_word' id='word_1_50' title='bbox 824 369 858 401; x_wconf 70' lang='grc' dir='ltr'>δε</span> <span class='ocrx_word' id='word_1_51' title='bbox 872 362 1054 399; x_wconf 81' lang='lat' dir='ltr'>affistricem</span> <span class='ocrx_word' id='word_1_52' title='bbox 1068 362 1319 413; x_wconf 62' lang='lat' dir='ltr'>intelligentiam</span> <span class='ocrx_word' id='word_1_53' title='bbox 1335 392 1345 407; x_wconf 91' lang='lat'>,</span> <span class='ocrx_word' id='word_1_54' title='bbox 1366 378 1433 400; x_wconf 87' lang='lat' dir='ltr'>non</span> <span class='ocrx_word' id='word_1_55' title='bbox 1451 366 1522 401; x_wconf 85' lang='lat' dir='ltr'>satis</span> 
     </span>
     <span class='ocr_line' id='line_1_7' title="bbox 139 410 1521 460; baseline 0.002 -13"><span class='ocrx_word' id='word_1_56' title='bbox 139 411 255 458; x_wconf 89' lang='lat' dir='ltr'>liquet.</span> <span class='ocrx_word' id='word_1_57' title='bbox 264 414 359 447; x_wconf 88' lang='lat' dir='ltr'>Hunc</span> <span class='ocrx_word' id='word_1_58' title='bbox 372 411 444 448; x_wconf 89' lang='lat' dir='ltr'>sane</span> <span class='ocrx_word' id='word_1_59' title='bbox 459 412 658 447; x_wconf 56' lang='lat' dir='ltr'>intellectum</span> <span class='ocrx_word' id='word_1_60' title='bbox 671 413 826 448; x_wconf 88' lang='lat' dir='ltr'>advenire</span> <span class='ocrx_word' id='word_1_61' title='bbox 838 412 1082 457; x_wconf 86' lang='lat' dir='ltr'>extrinsecus‚ac</span> <span class='ocrx_word' id='word_1_62' title='bbox 1091 414 1237 449; x_wconf 86' lang='lat' dir='ltr'>divinum</span> <span class='ocrx_word' id='word_1_63' title='bbox 1252 410 1313 448; x_wconf 83' lang='lat' dir='ltr'>effe</span> <span class='ocrx_word' id='word_1_64' title='bbox 1328 414 1521 460; x_wconf 74' lang='lat' dir='ltr'>aperti-ffime</span> 
     </span>
     <span class='ocr_line' id='line_1_8' title="bbox 137 459 1519 511; baseline 0.004 -17"><span class='ocrx_word' id='word_1_65' title='bbox 137 459 268 496; x_wconf 87' lang='lat' dir='ltr'>definit.</span> <span class='ocrx_word' id='word_1_66' title='bbox 288 463 486 508; x_wconf 78' lang='lat' dir='ltr'>Qanquam</span> <span class='ocrx_word' id='word_1_67' title='bbox 501 459 573 496; x_wconf 90' lang='lat' dir='ltr'>satis</span> <span class='ocrx_word' id='word_1_68' title='bbox 585 472 660 509; x_wconf 84' lang='lat' dir='ltr'>apte</span> <span class='ocrx_word' id='word_1_69' title='bbox 678 461 894 510; x_wconf 77' lang='lat' dir='ltr'>respondeant</span> <span class='ocrx_word' id='word_1_70' title='bbox 911 462 1092 497; x_wconf 84' lang='lat' dir='ltr'>Aristotelis</span> <span class='ocrx_word' id='word_1_71' title='bbox 1113 466 1305 511; x_wconf 88' lang='lat' dir='ltr'>Interpretes</span> <span class='ocrx_word' id='word_1_72' title='bbox 1320 491 1330 505; x_wconf 88' lang='lat'><em>‚</em></span> <span class='ocrx_word' id='word_1_73' title='bbox 1349 461 1519 499; x_wconf 77' lang='lat' dir='ltr'>facultates</span> 
     </span>
     <span class='ocr_line' id='line_1_9' title="bbox 139 508 1519 560; baseline 0.004 -18"><span class='ocrx_word' id='word_1_74' title='bbox 139 512 254 544; x_wconf 76' lang='lat' dir='ltr'>animae</span> <span class='ocrx_word' id='word_1_75' title='bbox 273 509 332 545; x_wconf 80' lang='lat' dir='ltr'>effe</span> <span class='ocrx_word' id='word_1_76' title='bbox 342 508 566 558; x_wconf 84' lang='lat' dir='ltr'>corruptibiles</span> <span class='ocrx_word' id='word_1_77' title='bbox 579 522 646 545; x_wconf 89' lang='lat' dir='ltr'>non</span> <span class='ocrx_word' id='word_1_78' title='bbox 663 521 720 556; x_wconf 89' lang='lat' dir='ltr'>per</span> <span class='ocrx_word' id='word_1_79' title='bbox 736 510 767 545; x_wconf 89' lang='lat' dir='ltr'>se</span> <span class='ocrx_word' id='word_1_80' title='bbox 782 516 818 547; x_wconf 87' lang='lat'>&amp;</span> <span class='ocrx_word' id='word_1_81' title='bbox 844 513 968 546; x_wconf 87' lang='lat' dir='ltr'>ratione</span> <span class='ocrx_word' id='word_1_82' title='bbox 982 510 1043 554; x_wconf 84' lang='lat' dir='ltr'>sui,</span> <span class='ocrx_word' id='word_1_83' title='bbox 1066 510 1118 546; x_wconf 86' lang='lat' dir='ltr'>sed</span> <span class='ocrx_word' id='word_1_84' title='bbox 1137 523 1194 559; x_wconf 89' lang='lat' dir='ltr'>per</span> <span class='ocrx_word' id='word_1_85' title='bbox 1206 511 1368 553; x_wconf 77' lang='lat' dir='ltr'>accidens,</span> <span class='ocrx_word' id='word_1_86' title='bbox 1388 523 1519 560; x_wconf 82' lang='lat' dir='ltr'>propter</span> 
     </span>
     <span class='ocr_line' id='line_1_10' title="bbox 136 557 1519 608; baseline 0.001 -16"><span class='ocrx_word' id='word_1_87' title='bbox 136 557 336 606; x_wconf 77' lang='lat' dir='ltr'>phantasiam</span> <span class='ocrx_word' id='word_1_88' title='bbox 358 570 453 605; x_wconf 88' lang='lat' dir='ltr'>quam</span> <span class='ocrx_word' id='word_1_89' title='bbox 481 569 682 601; x_wconf 85' lang='lat' dir='ltr'>connotant,</span> <span class='ocrx_word' id='word_1_90' title='bbox 700 564 742 596; x_wconf 58' lang='grc' dir='ltr'>’δε</span> <span class='ocrx_word' id='word_1_91' title='bbox 755 572 819 607; x_wconf 86' lang='lat' dir='ltr'>qua</span> <span class='ocrx_word' id='word_1_92' title='bbox 831 571 923 594; x_wconf 89' lang='lat' dir='ltr'>mens</span> <span class='ocrx_word' id='word_1_93' title='bbox 943 560 1068 608; x_wconf 81' lang='lat' dir='ltr'>indiget</span> <span class='ocrx_word' id='word_1_94' title='bbox 1086 562 1119 594; x_wconf 90' lang='lat' dir='ltr'>in</span> <span class='ocrx_word' id='word_1_95' title='bbox 1144 560 1205 595; x_wconf 87' lang='lat' dir='ltr'>hoc</span> <span class='ocrx_word' id='word_1_96' title='bbox 1229 560 1316 594; x_wconf 83' lang='lat' dir='ltr'>statu.</span> <span class='ocrx_word' id='word_1_97' title='bbox 1353 559 1442 594; x_wconf 89' lang='lat' dir='ltr'>Curn</span> <span class='ocrx_word' id='word_1_98' title='bbox 1462 574 1519 596; x_wconf 88' lang='lat' dir='ltr'>au-</span> 
     </span>
     <span class='ocr_line' id='line_1_11' title="bbox 137 606 1518 656; baseline 0.004 -17"><span class='ocrx_word' id='word_1_99' title='bbox 137 617 207 640; x_wconf 79' lang='lat' dir='ltr'>tem</span> <span class='ocrx_word' id='word_1_100' title='bbox 224 609 258 641; x_wconf 90' lang='lat' dir='ltr'>in</span> <span class='ocrx_word' id='word_1_101' title='bbox 268 606 386 642; x_wconf 80' lang='lat' dir='ltr'>Ethicis</span> <span class='ocrx_word' id='word_1_102' title='bbox 404 607 520 642; x_wconf 83' lang='lat' dir='ltr'>docear</span> <span class='ocrx_word' id='word_1_103' title='bbox 531 619 674 642; x_wconf 87' lang='lat' dir='ltr'>mortuos</span> <span class='ocrx_word' id='word_1_104' title='bbox 690 610 870 644; x_wconf 88' lang='lat' dir='ltr'>amicorum</span> <span class='ocrx_word' id='word_1_105' title='bbox 887 607 1024 645; x_wconf 87' lang='lat' dir='ltr'>fortunis</span> <span class='ocrx_word' id='word_1_106' title='bbox 1033 608 1278 656; x_wconf 86' lang='lat' dir='ltr'>quodammodo</span> <span class='ocrx_word' id='word_1_107' title='bbox 1292 606 1386 651; x_wconf 88' lang='lat' dir='ltr'>affici,</span> <span class='ocrx_word' id='word_1_108' title='bbox 1399 612 1431 644; x_wconf 89' lang='lat' dir='ltr'>in</span> <span class='ocrx_word' id='word_1_109' title='bbox 1444 622 1518 647; x_wconf 85' lang='lat' dir='ltr'>eam</span> 
     </span>
     <span class='ocr_line' id='line_1_12' title="bbox 138 654 1514 706; baseline 0.004 -18"><span class='ocrx_word' id='word_1_110' title='bbox 138 655 265 690; x_wconf 85' lang='lat' dir='ltr'>videtur</span> <span class='ocrx_word' id='word_1_111' title='bbox 285 654 476 692; x_wconf 80' lang='lat' dir='ltr'>sententiam</span> <span class='ocrx_word' id='word_1_112' title='bbox 496 654 806 705; x_wconf 79' lang='lat' dir='ltr'>fuissepropensior,</span> <span class='ocrx_word' id='word_1_113' title='bbox 831 659 973 693; x_wconf 88' lang='lat' dir='ltr'>animam</span> <span class='ocrx_word' id='word_1_114' title='bbox 1003 657 1068 693; x_wconf 70' lang='lat' dir='ltr'>una</span> <span class='ocrx_word' id='word_1_115' title='bbox 1088 670 1160 693; x_wconf 88' lang='lat' dir='ltr'>curn</span> <span class='ocrx_word' id='word_1_116' title='bbox 1179 668 1315 706; x_wconf 87' lang='lat' dir='ltr'>corpore</span> <span class='ocrx_word' id='word_1_117' title='bbox 1333 670 1402 693; x_wconf 90' lang='lat' dir='ltr'>non</span> <span class='ocrx_word' id='word_1_118' title='bbox 1429 659 1514 694; x_wconf 84' lang='lat' dir='ltr'>inte-</span> 
     </span>
     <span class='ocr_line' id='line_1_13' title="bbox 136 715 208 740; baseline 0.056 -4"><span class='ocrx_word' id='word_1_119' title='bbox 136 715 208 740; x_wconf 83' lang='lat' dir='ltr'>rire.</span> 
     </span>
     <span class='ocr_line' id='line_1_14' title="bbox 135 751 1512 805; baseline 0.003 -18"><span class='ocrx_word' id='word_1_120' title='bbox 135 778 139 779; x_wconf 18' lang='grc' dir='ltr'><em>γ</em></span> <span class='ocrx_word' id='word_1_121' title='bbox 177 755 331 800; x_wconf 86' lang='lat' dir='ltr'>Opponit</span> <span class='ocrx_word' id='word_1_122' title='bbox 359 767 390 794; x_wconf 64' lang='grc' dir='ltr'>ιο</span> <span class='ocrx_word' id='word_1_123' title='bbox 422 753 510 788; x_wconf 86' lang='lat' dir='ltr'>idem</span> <span class='ocrx_word' id='word_1_124' title='bbox 538 751 666 787; x_wconf 87' lang='lat' dir='ltr'>Author</span> <span class='ocrx_word' id='word_1_125' title='bbox 687 755 831 791; x_wconf 84' lang='lat' dir='ltr'>animam</span> <span class='ocrx_word' id='word_1_126' title='bbox 849 755 1026 805; x_wconf 81' lang='lat' dir='ltr'>separatam</span> <span class='ocrx_word' id='word_1_127' title='bbox 1051 755 1107 789; x_wconf 89' lang='lat' dir='ltr'>diu</span> <span class='ocrx_word' id='word_1_128' title='bbox 1135 766 1202 790; x_wconf 90' lang='lat' dir='ltr'>non</span> <span class='ocrx_word' id='word_1_129' title='bbox 1219 753 1306 803; x_wconf 83' lang='lat' dir='ltr'>poffe</span> <span class='ocrx_word' id='word_1_130' title='bbox 1326 754 1512 800; x_wconf 70' lang='lat' dir='ltr'>consistere,</span> 
     </span>
     <span class='ocr_line' id='line_1_15' title="bbox 136 799 594 847; baseline 0 -13"><span class='ocrx_word' id='word_1_131' title='bbox 136 799 228 847; x_wconf 81' lang='lat' dir='ltr'>quod</span> <span class='ocrx_word' id='word_1_132' title='bbox 247 800 283 835; x_wconf 89' lang='lat' dir='ltr'>fit</span> <span class='ocrx_word' id='word_1_133' title='bbox 297 803 328 835; x_wconf 86' lang='lat' dir='ltr'>in</span> <span class='ocrx_word' id='word_1_134' title='bbox 344 802 420 835; x_wconf 84' lang='lat' dir='ltr'>statu</span> <span class='ocrx_word' id='word_1_135' title='bbox 439 800 594 835; x_wconf 87' lang='lat' dir='ltr'>violento.</span> 
     </span>
    </p>

    <p class='ocr_par' dir='ltr' id='par_1_2' title="bbox 124 848 1510 1188">
     <span class='ocr_line' id='line_1_16' title="bbox 168 848 1510 902; baseline 0.006 -21"><span class='ocrx_word' id='word_1_136' title='bbox 168 850 254 896; x_wconf 78' lang='lat' dir='ltr'>Resp.</span> <span class='ocrx_word' id='word_1_137' title='bbox 278 848 340 885; x_wconf 84' lang='lat' dir='ltr'>Etfi</span> <span class='ocrx_word' id='word_1_138' title='bbox 362 851 470 884; x_wconf 82' lang='lat' dir='ltr'>anima</span> <span class='ocrx_word' id='word_1_139' title='bbox 493 849 654 896; x_wconf 81' lang='lat' dir='ltr'>quandam</span> <span class='ocrx_word' id='word_1_140' title='bbox 670 848 792 885; x_wconf 79' lang='lat' dir='ltr'>habeat</span> <span class='ocrx_word' id='word_1_141' title='bbox 800 851 840 885; x_wconf 88' lang='lat' dir='ltr'>ad</span> <span class='ocrx_word' id='word_1_142' title='bbox 853 864 967 902; x_wconf 89' lang='lat' dir='ltr'>corpus</span> <span class='ocrx_word' id='word_1_143' title='bbox 985 864 1043 900; x_wconf 87' lang='lat' dir='ltr'>pro</span> <span class='ocrx_word' id='word_1_144' title='bbox 1069 850 1251 894; x_wconf 85' lang='lat' dir='ltr'>enfionem,</span> <span class='ocrx_word' id='word_1_145' title='bbox 1271 863 1337 887; x_wconf 88' lang='lat' dir='ltr'>non</span> <span class='ocrx_word' id='word_1_146' title='bbox 1353 854 1510 889; x_wconf 76' lang='lat' dir='ltr'>continuo</span> 
     </span>
     <span class='ocr_line' id='line_1_17' title="bbox 134 864 1507 948; baseline 0.001 -16"><span class='ocrx_word' id='word_1_147' title='bbox 134 908 245 932; x_wconf 83' lang='lat' dir='ltr'>tamen</span> <span class='ocrx_word' id='word_1_148' title='bbox 260 910 332 932; x_wconf 86' lang='lat' dir='ltr'>eam</span> <span class='ocrx_word' id='word_1_149' title='bbox 355 901 421 932; x_wconf 86' lang='lat' dir='ltr'>vim</span> <span class='ocrx_word' id='word_1_150' title='bbox 434 900 501 946; x_wconf 90' lang='lat' dir='ltr'>pati</span> <span class='ocrx_word' id='word_1_151' title='bbox 520 903 573 940; x_wconf 80' lang='lat'>3&amp;</span> <span class='ocrx_word' id='word_1_152' title='bbox 585 896 604 932; x_wconf 83' lang='lat' dir='ltr'>si</span> <span class='ocrx_word' id='word_1_153' title='bbox 619 899 699 945; x_wconf 90' lang='lat' dir='ltr'>quid</span> <span class='ocrx_word' id='word_1_154' title='bbox 713 901 742 933; x_wconf 89' lang='lat' dir='ltr'>ei</span> <span class='ocrx_word' id='word_1_155' title='bbox 756 900 796 934; x_wconf 89' lang='lat' dir='ltr'>ad</span> <span class='ocrx_word' id='word_1_156' title='bbox 812 864 1215 948; x_wconf 47' lang='lat' dir='ltr'>siimnmm-petfzfflonem</span> <span class='ocrx_word' id='word_1_157' title='bbox 1228 900 1318 935; x_wconf 87' lang='lat' dir='ltr'>deest</span> <span class='ocrx_word' id='word_1_158' title='bbox 1334 930 1344 944; x_wconf 96' lang='lat'>,</span> <span class='ocrx_word' id='word_1_159' title='bbox 1367 902 1434 936; x_wconf 82' lang='lat' dir='ltr'>aliis</span> <span class='ocrx_word' id='word_1_160' title='bbox 1446 903 1507 937; x_wconf 87' lang='lat' dir='ltr'>do-</span> 
     </span>
     <span class='ocr_line' id='line_1_18' title="bbox 132 945 1508 999; baseline 0.004 -19"><span class='ocrx_word' id='word_1_161' title='bbox 132 945 216 980; x_wconf 92' lang='lat' dir='ltr'>tibus</span> <span class='ocrx_word' id='word_1_162' title='bbox 232 946 360 981; x_wconf 87' lang='lat' dir='ltr'>abunde</span> <span class='ocrx_word' id='word_1_163' title='bbox 372 947 405 980; x_wconf 90' lang='lat' dir='ltr'>id</span> <span class='ocrx_word' id='word_1_164' title='bbox 415 945 560 994; x_wconf 83' lang='lat' dir='ltr'>pensatur</span> <span class='ocrx_word' id='word_1_165' title='bbox 578 959 586 980; x_wconf 94' lang='lat'>:</span> <span class='ocrx_word' id='word_1_166' title='bbox 611 958 677 981; x_wconf 89' lang='lat' dir='ltr'>tum</span> <span class='ocrx_word' id='word_1_167' title='bbox 691 949 778 982; x_wconf 88' lang='lat' dir='ltr'>enim</span> <span class='ocrx_word' id='word_1_168' title='bbox 794 952 907 985; x_wconf 64' lang='lat' dir='ltr'>cuncta</span> <span class='ocrx_word' id='word_1_169' title='bbox 927 949 1032 984; x_wconf 86' lang='lat' dir='ltr'>multo</span> <span class='ocrx_word' id='word_1_170' title='bbox 1049 951 1175 997; x_wconf 89' lang='lat' dir='ltr'>puriora</span> <span class='ocrx_word' id='word_1_171' title='bbox 1187 952 1287 984; x_wconf 85' lang='lat' dir='ltr'>cernit</span> <span class='ocrx_word' id='word_1_172' title='bbox 1301 978 1310 992; x_wconf 93' lang='lat'>‚</span> <span class='ocrx_word' id='word_1_173' title='bbox 1339 955 1373 986; x_wconf 70' lang='grc' dir='ltr'>ὅ(</span> <span class='ocrx_word' id='word_1_174' title='bbox 1385 952 1508 999; x_wconf 85' lang='lat' dir='ltr'>cupidi-</span> 
     </span>
     <span class='ocr_line' id='line_1_19' title="bbox 130 994 1504 1046; baseline 0.006 -19"><span class='ocrx_word' id='word_1_175' title='bbox 130 1005 233 1028; x_wconf 79' lang='lat' dir='ltr'>tatum</span> <span class='ocrx_word' id='word_1_176' title='bbox 246 1006 359 1042; x_wconf 85' lang='lat' dir='ltr'>expers</span> <span class='ocrx_word' id='word_1_177' title='bbox 378 1008 446 1030; x_wconf 85' lang='lat' dir='ltr'>non</span> <span class='ocrx_word' id='word_1_178' title='bbox 469 994 605 1042; x_wconf 83' lang='lat' dir='ltr'>amplius</span> <span class='ocrx_word' id='word_1_179' title='bbox 623 997 656 1029; x_wconf 83' lang='lat' dir='ltr'>in</span> <span class='ocrx_word' id='word_1_180' title='bbox 675 994 799 1030; x_wconf 85' lang='lat' dir='ltr'>diversa</span> <span class='ocrx_word' id='word_1_181' title='bbox 817 998 962 1035; x_wconf 88' lang='lat' dir='ltr'>trahitur.</span> <span class='ocrx_word' id='word_1_182' title='bbox 987 1000 1042 1032; x_wconf 94' lang='lat' dir='ltr'>De</span> <span class='ocrx_word' id='word_1_183' title='bbox 1060 1000 1166 1032; x_wconf 86' lang='lat' dir='ltr'>anima</span> <span class='ocrx_word' id='word_1_184' title='bbox 1191 996 1270 1032; x_wconf 78' lang='lat' dir='ltr'>vero</span> <span class='ocrx_word' id='word_1_185' title='bbox 1293 998 1456 1046; x_wconf 89' lang='lat' dir='ltr'>loquimur</span> <span class='ocrx_word' id='word_1_186' title='bbox 1468 1012 1504 1035; x_wconf 91' lang='lat' dir='ltr'>ut</span> 
     </span>
     <span class='ocr_line' id='line_1_20' title="bbox 128 1042 1506 1094; baseline 0.001 -16"><span class='ocrx_word' id='word_1_187' title='bbox 128 1042 313 1091; x_wconf 83' lang='lat' dir='ltr'>Philosophi</span> <span class='ocrx_word' id='word_1_188' title='bbox 330 1072 339 1086; x_wconf 92' lang='lat'><em>‚</em></span> <span class='ocrx_word' id='word_1_189' title='bbox 360 1055 516 1090; x_wconf 82' lang='lat' dir='ltr'>quatenus</span> <span class='ocrx_word' id='word_1_190' title='bbox 529 1043 682 1078; x_wconf 86' lang='lat' dir='ltr'>videlicet</span> <span class='ocrx_word' id='word_1_191' title='bbox 699 1046 731 1078; x_wconf 90' lang='lat' dir='ltr'>in</span> <span class='ocrx_word' id='word_1_192' title='bbox 746 1043 827 1080; x_wconf 89' lang='lat' dir='ltr'>statu</span> <span class='ocrx_word' id='word_1_193' title='bbox 841 1058 962 1082; x_wconf 82' lang='lat' dir='ltr'>naturae</span> <span class='ocrx_word' id='word_1_194' title='bbox 974 1044 1142 1094; x_wconf 68' lang='lat' dir='ltr'>spestatur.</span> <span class='ocrx_word' id='word_1_195' title='bbox 1153 1047 1243 1081; x_wconf 82' lang='lat' dir='ltr'>Nam</span> <span class='ocrx_word' id='word_1_196' title='bbox 1254 1045 1422 1082; x_wconf 88' lang='lat' dir='ltr'>beatorum</span> <span class='ocrx_word' id='word_1_197' title='bbox 1435 1051 1506 1084; x_wconf 84' lang='lat' dir='ltr'>ani-</span> 
     </span>
     <span class='ocr_line' id='line_1_21' title="bbox 125 1091 1505 1143; baseline 0.005 -18"><span class='ocrx_word' id='word_1_198' title='bbox 125 1104 186 1125; x_wconf 75' lang='lat' dir='ltr'>¹17ae</span> <span class='ocrx_word' id='word_1_199' title='bbox 202 1091 277 1126; x_wconf 88' lang='lat' dir='ltr'>licet</span> <span class='ocrx_word' id='word_1_200' title='bbox 295 1094 329 1127; x_wconf 90' lang='lat' dir='ltr'>in</span> <span class='ocrx_word' id='word_1_201' title='bbox 342 1096 472 1140; x_wconf 84' lang='lat' dir='ltr'>propria</span> <span class='ocrx_word' id='word_1_202' title='bbox 481 1092 583 1126; x_wconf 87' lang='lat' dir='ltr'>redire</span> <span class='ocrx_word' id='word_1_203' title='bbox 597 1104 733 1141; x_wconf 82' lang='lat' dir='ltr'>corpora</span> <span class='ocrx_word' id='word_1_204' title='bbox 750 1104 907 1143; x_wconf 79' lang='lat' dir='ltr'>expetant</span> <span class='ocrx_word' id='word_1_205' title='bbox 920 1124 930 1139; x_wconf 87' lang='lat'>,</span> <span class='ocrx_word' id='word_1_206' title='bbox 954 1095 1010 1130; x_wconf 88' lang='lat' dir='ltr'>illa</span> <span class='ocrx_word' id='word_1_207' title='bbox 1026 1107 1134 1130; x_wconf 90' lang='lat' dir='ltr'>tamen</span> <span class='ocrx_word' id='word_1_208' title='bbox 1147 1094 1317 1143; x_wconf 79' lang='lat' dir='ltr'>propensio</span> <span class='ocrx_word' id='word_1_209' title='bbox 1335 1096 1377 1130; x_wconf 89' lang='lat' dir='ltr'>est</span> <span class='ocrx_word' id='word_1_210' title='bbox 1387 1097 1505 1132; x_wconf 81' lang='lat' dir='ltr'>divinae</span> 
     </span>
     <span class='ocr_line' id='line_1_22' title="bbox 124 1139 462 1188; baseline 0.006 -14"><span class='ocrx_word' id='word_1_211' title='bbox 124 1139 286 1175; x_wconf 83' lang='lat' dir='ltr'>voluntati</span> <span class='ocrx_word' id='word_1_212' title='bbox 312 1139 462 1188; x_wconf 69' lang='lat' dir='ltr'>fiibjeeta.</span> 
     </span>
    </p>

    <p class='ocr_par' dir='ltr' id='par_1_3' title="bbox 122 1188 1501 1430">
     <span class='ocr_line' id='line_1_23' title="bbox 147 1188 1501 1240; baseline 0.005 -19"><span class='ocrx_word' id='word_1_213' title='bbox 147 1189 244 1237; x_wconf 80' lang='lat' dir='ltr'>·Opp.</span> <span class='ocrx_word' id='word_1_214' title='bbox 257 1195 291 1234; x_wconf 79' lang='lat'>30</span> <span class='ocrx_word' id='word_1_215' title='bbox 304 1191 444 1224; x_wconf 81' lang='lat' dir='ltr'>animam</span> <span class='ocrx_word' id='word_1_216' title='bbox 459 1188 634 1238; x_wconf 82' lang='lat' dir='ltr'>separatam</span> <span class='ocrx_word' id='word_1_217' title='bbox 651 1203 782 1227; x_wconf 87' lang='lat' dir='ltr'>manere</span> <span class='ocrx_word' id='word_1_218' title='bbox 796 1192 932 1228; x_wconf 86' lang='lat' dir='ltr'>otiosam</span> <span class='ocrx_word' id='word_1_219' title='bbox 950 1221 960 1236; x_wconf 92' lang='lat'><em>‚</em></span> <span class='ocrx_word' id='word_1_220' title='bbox 991 1204 1063 1227; x_wconf 85' lang='lat' dir='ltr'>curn</span> <span class='ocrx_word' id='word_1_221' title='bbox 1086 1190 1166 1225; x_wconf 87' lang='lat' dir='ltr'>nihil</span> <span class='ocrx_word' id='word_1_222' title='bbox 1193 1189 1257 1226; x_wconf 85' lang='lat' dir='ltr'>fine</span> <span class='ocrx_word' id='word_1_223' title='bbox 1281 1192 1501 1240; x_wconf 79' lang='lat' dir='ltr'>phantasmate</span> 
     </span>
     <span class='ocr_line' id='line_1_24' title="bbox 124 1236 1498 1291; baseline 0.004 -19"><span class='ocrx_word' id='word_1_224' title='bbox 124 1236 220 1284; x_wconf 82' lang='lat' dir='ltr'>poffit</span> <span class='ocrx_word' id='word_1_225' title='bbox 236 1237 416 1286; x_wconf 86' lang='lat' dir='ltr'>intelligere</span> <span class='ocrx_word' id='word_1_226' title='bbox 432 1251 440 1273; x_wconf 75' lang='lat' dir='ltr'>z</span> <span class='ocrx_word' id='word_1_227' title='bbox 463 1251 529 1274; x_wconf 89' lang='lat' dir='ltr'>non</span> <span class='ocrx_word' id='word_1_228' title='bbox 549 1251 685 1286; x_wconf 86' lang='lat' dir='ltr'>corpora</span> <span class='ocrx_word' id='word_1_229' title='bbox 698 1242 876 1288; x_wconf 87' lang='lat' dir='ltr'>percipiet,</span> <span class='ocrx_word' id='word_1_230' title='bbox 905 1253 1044 1288; x_wconf 88' lang='lat' dir='ltr'>quorum</span> <span class='ocrx_word' id='word_1_231' title='bbox 1062 1242 1219 1288; x_wconf 87' lang='lat' dir='ltr'>imagines</span> <span class='ocrx_word' id='word_1_232' title='bbox 1256 1254 1323 1276; x_wconf 88' lang='lat' dir='ltr'>non</span> <span class='ocrx_word' id='word_1_233' title='bbox 1354 1245 1474 1291; x_wconf 84' lang='lat' dir='ltr'>excipit</span> <span class='ocrx_word' id='word_1_234' title='bbox 1490 1258 1498 1279; x_wconf 73' lang='grc' dir='ltr'><strong>ε</strong></span> 
     </span>
     <span class='ocr_line' id='line_1_25' title="bbox 123 1286 1497 1338; baseline 0.004 -18"><span class='ocrx_word' id='word_1_235' title='bbox 123 1297 231 1332; x_wconf 89' lang='lat' dir='ltr'>neque</span> <span class='ocrx_word' id='word_1_236' title='bbox 246 1287 334 1320; x_wconf 87' lang='lat' dir='ltr'>enim</span> <span class='ocrx_word' id='word_1_237' title='bbox 349 1286 472 1334; x_wconf 88' lang='lat' dir='ltr'>spiritus</span> <span class='ocrx_word' id='word_1_238' title='bbox 485 1287 651 1335; x_wconf 55' lang='lat' dir='ltr'>&amp;corpore</span> <span class='ocrx_word' id='word_1_239' title='bbox 668 1290 736 1336; x_wconf 85' lang='lat' dir='ltr'>pati</span> <span class='ocrx_word' id='word_1_240' title='bbox 751 1292 925 1336; x_wconf 85' lang='lat' dir='ltr'>quicquam</span> <span class='ocrx_word' id='word_1_241' title='bbox 947 1289 1050 1338; x_wconf 84' lang='lat' dir='ltr'>potest</span> <span class='ocrx_word' id='word_1_242' title='bbox 1064 1306 1073 1332; x_wconf 78' lang='lat'><em>3</em></span> <span class='ocrx_word' id='word_1_243' title='bbox 1089 1301 1148 1322; x_wconf 85' lang='lat' dir='ltr'>nec</span> <span class='ocrx_word' id='word_1_244' title='bbox 1170 1300 1297 1323; x_wconf 88' lang='lat' dir='ltr'>mentes</span> <span class='ocrx_word' id='word_1_245' title='bbox 1322 1289 1497 1338; x_wconf 83' lang='lat' dir='ltr'>separatas,</span> 
     </span>
     <span class='ocr_line' id='line_1_26' title="bbox 122 1334 1496 1387; baseline 0.005 -21"><span class='ocrx_word' id='word_1_246' title='bbox 122 1334 177 1368; x_wconf 89' lang='lat' dir='ltr'>vel</span> <span class='ocrx_word' id='word_1_247' title='bbox 188 1334 327 1383; x_wconf 87' lang='lat' dir='ltr'>Angelos</span> <span class='ocrx_word' id='word_1_248' title='bbox 345 1335 516 1383; x_wconf 83' lang='lat' dir='ltr'>cognoscet</span> <span class='ocrx_word' id='word_1_249' title='bbox 530 1349 538 1370; x_wconf 78' lang='lat' dir='ltr'>z</span> <span class='ocrx_word' id='word_1_250' title='bbox 565 1348 645 1381; x_wconf 88' lang='lat' dir='ltr'>quas</span> <span class='ocrx_word' id='word_1_251' title='bbox 660 1338 748 1371; x_wconf 88' lang='lat' dir='ltr'>enim</span> <span class='ocrx_word' id='word_1_252' title='bbox 769 1336 813 1371; x_wconf 83' lang='lat' dir='ltr'>sui</span> <span class='ocrx_word' id='word_1_253' title='bbox 831 1340 988 1386; x_wconf 84' lang='lat' dir='ltr'>imagines</span> <span class='ocrx_word' id='word_1_254' title='bbox 1003 1336 1142 1385; x_wconf 85' lang='lat' dir='ltr'>Angelus</span> <span class='ocrx_word' id='word_1_255' title='bbox 1161 1339 1319 1373; x_wconf 86' lang='lat' dir='ltr'>immittet</span> <span class='ocrx_word' id='word_1_256' title='bbox 1331 1366 1341 1381; x_wconf 89' lang='lat'><strong>,</strong></span> <span class='ocrx_word' id='word_1_257' title='bbox 1356 1350 1412 1373; x_wconf 87' lang='lat' dir='ltr'>aut</span> <span class='ocrx_word' id='word_1_258' title='bbox 1425 1352 1496 1387; x_wconf 81' lang='lat' dir='ltr'>quae</span> 
     </span>
     <span class='ocr_line' id='line_1_27' title="bbox 122 1379 734 1430; baseline 0.005 -14"><span class='ocrx_word' id='word_1_259' title='bbox 122 1379 241 1430; x_wconf 84' lang='lat' dir='ltr'>species</span> <span class='ocrx_word' id='word_1_260' title='bbox 256 1395 323 1416; x_wconf 88' lang='lat' dir='ltr'>rem</span> <span class='ocrx_word' id='word_1_261' title='bbox 338 1381 533 1417; x_wconf 84' lang='lat' dir='ltr'>invisibilem</span> <span class='ocrx_word' id='word_1_262' title='bbox 555 1382 734 1420; x_wconf 78' lang='lat' dir='ltr'>exhibeat?</span> 
     </span>
    </p>

    <p class='ocr_par' dir='ltr' id='par_1_4' title="bbox 116 1431 1495 1673">
     <span class='ocr_line' id='line_1_28' title="bbox 158 1431 1495 1484; baseline 0.005 -22"><span class='ocrx_word' id='word_1_263' title='bbox 158 1431 323 1479; x_wconf 57' lang='lat' dir='ltr'>Rffpsum</span> <span class='ocrx_word' id='word_1_264' title='bbox 341 1431 470 1466; x_wconf 85' lang='lat' dir='ltr'>demum</span> <span class='ocrx_word' id='word_1_265' title='bbox 483 1433 519 1465; x_wconf 88' lang='lat' dir='ltr'>iis</span> <span class='ocrx_word' id='word_1_266' title='bbox 542 1431 743 1481; x_wconf 89' lang='lat' dir='ltr'>Philosophis</span> <span class='ocrx_word' id='word_1_267' title='bbox 761 1432 969 1478; x_wconf 86' lang='lat' dir='ltr'>quaerendum</span> <span class='ocrx_word' id='word_1_268' title='bbox 984 1432 1076 1477; x_wconf 90' lang='lat' dir='ltr'>fore,</span> <span class='ocrx_word' id='word_1_269' title='bbox 1102 1433 1270 1481; x_wconf 89' lang='lat' dir='ltr'>quomodo</span> <span class='ocrx_word' id='word_1_270' title='bbox 1285 1437 1394 1470; x_wconf 80' lang='lat' dir='ltr'>anima</span> <span class='ocrx_word' id='word_1_271' title='bbox 1409 1434 1495 1484; x_wconf 87' lang='lat' dir='ltr'>sepa-</span> 
     </span>
     <span class='ocr_line' id='line_1_29' title="bbox 119 1479 1494 1530; baseline 0.005 -18"><span class='ocrx_word' id='word_1_272' title='bbox 119 1490 187 1513; x_wconf 83' lang='lat' dir='ltr'>rata</span> <span class='ocrx_word' id='word_1_273' title='bbox 201 1479 265 1514; x_wconf 87' lang='lat' dir='ltr'>alia</span> <span class='ocrx_word' id='word_1_274' title='bbox 275 1480 295 1514; x_wconf 75' lang='lat' dir='ltr'>a</span> <span class='ocrx_word' id='word_1_275' title='bbox 307 1479 336 1513; x_wconf 89' lang='lat' dir='ltr'>se</span> <span class='ocrx_word' id='word_1_276' title='bbox 348 1479 508 1527; x_wconf 86' lang='lat' dir='ltr'>intelligat</span> <span class='ocrx_word' id='word_1_277' title='bbox 521 1508 529 1522; x_wconf 91' lang='lat'>‚</span> <span class='ocrx_word' id='word_1_278' title='bbox 547 1492 620 1514; x_wconf 87' lang='lat' dir='ltr'>cum</span> <span class='ocrx_word' id='word_1_279' title='bbox 635 1480 676 1514; x_wconf 89' lang='lat' dir='ltr'>ab</span> <span class='ocrx_word' id='word_1_280' title='bbox 691 1480 759 1515; x_wconf 85' lang='lat' dir='ltr'>aliis</span> <span class='ocrx_word' id='word_1_281' title='bbox 770 1479 946 1528; x_wconf 80' lang='lat' dir='ltr'>expositum</span> <span class='ocrx_word' id='word_1_282' title='bbox 958 1481 1054 1517; x_wconf 87' lang='lat' dir='ltr'>fuerit</span> <span class='ocrx_word' id='word_1_283' title='bbox 1065 1483 1231 1530; x_wconf 87' lang='lat' dir='ltr'>quomodo</span> <span class='ocrx_word' id='word_1_284' title='bbox 1247 1485 1278 1517; x_wconf 89' lang='lat' dir='ltr'>in</span> <span class='ocrx_word' id='word_1_285' title='bbox 1291 1482 1353 1517; x_wconf 92' lang='lat' dir='ltr'>hoc</span> <span class='ocrx_word' id='word_1_286' title='bbox 1367 1484 1445 1518; x_wconf 86' lang='lat' dir='ltr'>statu</span> <span class='ocrx_word' id='word_1_287' title='bbox 1460 1489 1494 1521; x_wconf 88' lang='lat'>&amp;</span> 
     </span>
     <span class='ocr_line' id='line_1_30' title="bbox 118 1525 1493 1580; baseline 0.004 -19"><span class='ocrx_word' id='word_1_288' title='bbox 118 1525 251 1575; x_wconf 77' lang='lat' dir='ltr'>seipsam</span> <span class='ocrx_word' id='word_1_289' title='bbox 265 1556 273 1570; x_wconf 88' lang='lat'>,</span> <span class='ocrx_word' id='word_1_290' title='bbox 291 1533 324 1565; x_wconf 89' lang='lat'>&amp;</span> <span class='ocrx_word' id='word_1_291' title='bbox 346 1527 409 1561; x_wconf 87' lang='lat' dir='ltr'>alia</span> <span class='ocrx_word' id='word_1_292' title='bbox 429 1528 606 1576; x_wconf 80' lang='lat' dir='ltr'>cognoscat.</span> <span class='ocrx_word' id='word_1_293' title='bbox 630 1532 715 1577; x_wconf 82' lang='lat' dir='ltr'>Qae</span> <span class='ocrx_word' id='word_1_294' title='bbox 728 1529 821 1564; x_wconf 84' lang='lat' dir='ltr'>nobis</span> <span class='ocrx_word' id='word_1_295' title='bbox 841 1529 899 1564; x_wconf 82' lang='lat' dir='ltr'>hac</span> <span class='ocrx_word' id='word_1_296' title='bbox 912 1530 952 1563; x_wconf 88' lang='lat' dir='ltr'>de</span> <span class='ocrx_word' id='word_1_297' title='bbox 964 1542 997 1564; x_wconf 88' lang='lat' dir='ltr'>re</span> <span class='ocrx_word' id='word_1_298' title='bbox 1012 1560 1021 1574; x_wconf 90' lang='lat'>‚</span> <span class='ocrx_word' id='word_1_299' title='bbox 1044 1533 1076 1565; x_wconf 88' lang='lat' dir='ltr'>in</span> <span class='ocrx_word' id='word_1_300' title='bbox 1101 1543 1165 1577; x_wconf 84' lang='lat' dir='ltr'>qua</span> <span class='ocrx_word' id='word_1_301' title='bbox 1180 1543 1263 1579; x_wconf 89' lang='lat' dir='ltr'>pene</span> <span class='ocrx_word' id='word_1_302' title='bbox 1281 1531 1493 1580; x_wconf 70' lang='lat' dir='ltr'>Philosophiae</span> 
     </span>
     <span class='ocr_line' id='line_1_31' title="bbox 118 1574 1492 1625; baseline 0.005 -16"><span class='ocrx_word' id='word_1_303' title='bbox 118 1574 239 1611; x_wconf 84' lang='lat' dir='ltr'>summa</span> <span class='ocrx_word' id='word_1_304' title='bbox 253 1575 410 1619; x_wconf 78' lang='lat' dir='ltr'>consistit,</span> <span class='ocrx_word' id='word_1_305' title='bbox 434 1579 500 1611; x_wconf 86' lang='lat' dir='ltr'>vila</span> <span class='ocrx_word' id='word_1_306' title='bbox 514 1577 584 1612; x_wconf 88' lang='lat' dir='ltr'>sunt</span> <span class='ocrx_word' id='word_1_307' title='bbox 597 1577 816 1624; x_wconf 82' lang='lat' dir='ltr'>probabiliora</span> <span class='ocrx_word' id='word_1_308' title='bbox 828 1605 837 1620; x_wconf 89' lang='lat'><em>‚</em></span> <span class='ocrx_word' id='word_1_309' title='bbox 854 1589 889 1612; x_wconf 92' lang='lat' dir='ltr'>ut</span> <span class='ocrx_word' id='word_1_310' title='bbox 902 1578 931 1612; x_wconf 91' lang='lat' dir='ltr'>se</span> <span class='ocrx_word' id='word_1_311' title='bbox 941 1579 1032 1614; x_wconf 85' lang='lat' dir='ltr'>dedit</span> <span class='ocrx_word' id='word_1_312' title='bbox 1045 1578 1185 1623; x_wconf 78' lang='lat' dir='ltr'>occasio,</span> <span class='ocrx_word' id='word_1_313' title='bbox 1210 1579 1372 1615; x_wconf 85' lang='lat' dir='ltr'>attulimus</span> <span class='ocrx_word' id='word_1_314' title='bbox 1386 1598 1394 1625; x_wconf 82' lang='lat'>3</span> <span class='ocrx_word' id='word_1_315' title='bbox 1408 1594 1492 1616; x_wconf 86' lang='lat' dir='ltr'>non-</span> 
     </span>
     <span class='ocr_line' id='line_1_32' title="bbox 116 1623 892 1673; baseline 0.001 -14"><span class='ocrx_word' id='word_1_316' title='bbox 116 1623 206 1659; x_wconf 85' lang='lat' dir='ltr'>nulla</span> <span class='ocrx_word' id='word_1_317' title='bbox 222 1626 319 1659; x_wconf 77' lang='lat' dir='ltr'>etiam</span> <span class='ocrx_word' id='word_1_318' title='bbox 338 1627 371 1659; x_wconf 87' lang='lat' dir='ltr'>in</span> <span class='ocrx_word' id='word_1_319' title='bbox 385 1628 532 1673; x_wconf 85' lang='lat' dir='ltr'>proxima</span> <span class='ocrx_word' id='word_1_320' title='bbox 542 1624 753 1673; x_wconf 81' lang='lat' dir='ltr'>disputatione</span> <span class='ocrx_word' id='word_1_321' title='bbox 771 1627 892 1661; x_wconf 66' lang='lat' dir='ltr'>dieturi.</span> 
     </span>
    </p>

    <p class='ocr_par' dir='ltr' id='par_1_5' title="bbox 114 1673 1492 1964">
     <span class='ocr_line' id='line_1_33' title="bbox 155 1673 1492 1725; baseline 0.004 -19"><span class='ocrx_word' id='word_1_322' title='bbox 155 1673 440 1721; x_wconf 81' lang='lat' dir='ltr'>Huicpervulgato</span> <span class='ocrx_word' id='word_1_323' title='bbox 463 1686 652 1722; x_wconf 83' lang='lat' dir='ltr'>argumento</span> <span class='ocrx_word' id='word_1_324' title='bbox 665 1673 836 1723; x_wconf 88' lang='lat' dir='ltr'>respondet</span> <span class='ocrx_word' id='word_1_325' title='bbox 854 1676 903 1709; x_wconf 89' lang='lat' dir='ltr'>vir</span> <span class='ocrx_word' id='word_1_326' title='bbox 915 1674 1038 1710; x_wconf 67' lang='lat' dir='ltr'>dostiss.</span> <span class='ocrx_word' id='word_1_327' title='bbox 1062 1678 1094 1710; x_wconf 88' lang='lat' dir='ltr'>in</span> <span class='ocrx_word' id='word_1_328' title='bbox 1118 1675 1379 1725; x_wconf 80' lang='lat' dir='ltr'>Anthropologia</span> <span class='ocrx_word' id='word_1_329' title='bbox 1391 1689 1492 1724; x_wconf 87' lang='lat' dir='ltr'>nuper</span> 
     </span>
     <span class='ocr_line' id='line_1_34' title="bbox 117 1721 1489 1772; baseline 0.003 -16"><span class='ocrx_word' id='word_1_330' title='bbox 117 1722 202 1756; x_wconf 84' lang='lat' dir='ltr'>edita</span> <span class='ocrx_word' id='word_1_331' title='bbox 216 1750 225 1764; x_wconf 91' lang='lat'><strong>‚</strong></span> <span class='ocrx_word' id='word_1_332' title='bbox 251 1734 397 1756; x_wconf 86' lang='lat' dir='ltr'>mentem</span> <span class='ocrx_word' id='word_1_333' title='bbox 425 1724 579 1766; x_wconf 84' lang='lat' dir='ltr'>nostram,</span> <span class='ocrx_word' id='word_1_334' title='bbox 612 1736 679 1771; x_wconf 88' lang='lat' dir='ltr'>quae</span> <span class='ocrx_word' id='word_1_335' title='bbox 696 1737 761 1758; x_wconf 84' lang='lat' dir='ltr'>non</span> <span class='ocrx_word' id='word_1_336' title='bbox 780 1721 836 1757; x_wconf 86' lang='lat' dir='ltr'>nifi</span> <span class='ocrx_word' id='word_1_337' title='bbox 865 1722 906 1758; x_wconf 87' lang='lat' dir='ltr'>ab</span> <span class='ocrx_word' id='word_1_338' title='bbox 926 1724 991 1758; x_wconf 81' lang='lat' dir='ltr'>alio</span> <span class='ocrx_word' id='word_1_339' title='bbox 1016 1724 1185 1759; x_wconf 87' lang='lat' dir='ltr'>informari</span> <span class='ocrx_word' id='word_1_340' title='bbox 1206 1726 1311 1772; x_wconf 83' lang='lat' dir='ltr'>potest</span> <span class='ocrx_word' id='word_1_341' title='bbox 1331 1755 1340 1767; x_wconf 95' lang='lat'>,</span> <span class='ocrx_word' id='word_1_342' title='bbox 1363 1726 1489 1760; x_wconf 84' lang='lat' dir='ltr'>duobus</span> 
     </span>
     <span class='ocr_line' id='line_1_35' title="bbox 115 1770 1490 1821; baseline 0.003 -18"><span class='ocrx_word' id='word_1_343' title='bbox 115 1772 294 1817; x_wconf 80' lang='lat' dir='ltr'>generatim</span> <span class='ocrx_word' id='word_1_344' title='bbox 317 1771 421 1805; x_wconf 85' lang='lat' dir='ltr'>modis</span> <span class='ocrx_word' id='word_1_345' title='bbox 442 1771 649 1806; x_wconf 84' lang='lat' dir='ltr'>informatam</span> <span class='ocrx_word' id='word_1_346' title='bbox 673 1770 863 1819; x_wconf 76' lang='lat' dir='ltr'>cognoscere</span> <span class='ocrx_word' id='word_1_347' title='bbox 879 1801 888 1814; x_wconf 88' lang='lat'>‚</span> <span class='ocrx_word' id='word_1_348' title='bbox 920 1775 1072 1807; x_wconf 86' lang='lat' dir='ltr'>nimirum</span> <span class='ocrx_word' id='word_1_349' title='bbox 1094 1772 1114 1808; x_wconf 68' lang='lat' dir='ltr'>a</span> <span class='ocrx_word' id='word_1_350' title='bbox 1140 1776 1215 1808; x_wconf 85' lang='lat' dir='ltr'>Deo</span> <span class='ocrx_word' id='word_1_351' title='bbox 1232 1802 1241 1815; x_wconf 88' lang='lat'>‚</span> <span class='ocrx_word' id='word_1_352' title='bbox 1271 1778 1356 1821; x_wconf 83' lang='lat' dir='ltr'>cujus</span> <span class='ocrx_word' id='word_1_353' title='bbox 1377 1774 1420 1808; x_wconf 89' lang='lat' dir='ltr'>est</span> <span class='ocrx_word' id='word_1_354' title='bbox 1439 1775 1490 1809; x_wconf 86' lang='lat' dir='ltr'>ef..</span> 
     </span>
     <span class='ocr_line' id='line_1_36' title="bbox 116 1818 1488 1870; baseline 0.003 -17"><span class='ocrx_word' id='word_1_355' title='bbox 116 1819 222 1853; x_wconf 62' lang='lat' dir='ltr'>fectus</span> <span class='ocrx_word' id='word_1_356' title='bbox 242 1847 252 1861; x_wconf 89' lang='lat'>,</span> <span class='ocrx_word' id='word_1_357' title='bbox 286 1825 320 1855; x_wconf 90' lang='lat'>&amp;</span> <span class='ocrx_word' id='word_1_358' title='bbox 343 1818 363 1854; x_wconf 71' lang='lat' dir='ltr'>a.</span> <span class='ocrx_word' id='word_1_359' title='bbox 385 1831 542 1868; x_wconf 83' lang='lat' dir='ltr'>corpore,</span> <span class='ocrx_word' id='word_1_360' title='bbox 573 1825 659 1869; x_wconf 84' lang='lat' dir='ltr'>cujus</span> <span class='ocrx_word' id='word_1_361' title='bbox 693 1822 735 1854; x_wconf 86' lang='lat' dir='ltr'>est</span> <span class='ocrx_word' id='word_1_362' title='bbox 757 1820 863 1855; x_wconf 85' lang='lat' dir='ltr'>forma</span> <span class='ocrx_word' id='word_1_363' title='bbox 884 1834 892 1855; x_wconf 91' lang='lat'><strong>:</strong></span> <span class='ocrx_word' id='word_1_364' title='bbox 916 1823 1130 1869; x_wconf 84' lang='lat' dir='ltr'>cogitationes</span> <span class='ocrx_word' id='word_1_365' title='bbox 1158 1821 1338 1868; x_wconf 87' lang='lat' dir='ltr'>posterioris</span> <span class='ocrx_word' id='word_1_366' title='bbox 1362 1825 1488 1870; x_wconf 86' lang='lat' dir='ltr'>generis</span> 
     </span>
     <span class='ocr_line' id='line_1_37' title="bbox 114 1867 1487 1919; baseline 0.001 -18"><span class='ocrx_word' id='word_1_367' title='bbox 114 1868 261 1915; x_wconf 83' lang='lat' dir='ltr'>pendent</span> <span class='ocrx_word' id='word_1_368' title='bbox 289 1868 310 1903; x_wconf 76' lang='grc' dir='ltr'>ἐι</span> <span class='ocrx_word' id='word_1_369' title='bbox 347 1867 573 1915; x_wconf 86' lang='lat' dir='ltr'>phantasmatis</span> <span class='ocrx_word' id='word_1_370' title='bbox 597 1886 606 1912; x_wconf 81' lang='lat'><em>3</em></span> <span class='ocrx_word' id='word_1_371' title='bbox 632 1881 665 1904; x_wconf 90' lang='lat' dir='ltr'>at</span> <span class='ocrx_word' id='word_1_372' title='bbox 683 1871 898 1916; x_wconf 84' lang='lat' dir='ltr'>cogitationes</span> <span class='ocrx_word' id='word_1_373' title='bbox 923 1872 1180 1918; x_wconf 83' lang='lat' dir='ltr'>priorisgenetis</span> <span class='ocrx_word' id='word_1_374' title='bbox 1208 1882 1300 1905; x_wconf 81' lang='lat' dir='ltr'>tanto</span> <span class='ocrx_word' id='word_1_375' title='bbox 1322 1870 1392 1906; x_wconf 86' lang='lat' dir='ltr'>sunt</span> <span class='ocrx_word' id='word_1_376' title='bbox 1414 1882 1487 1919; x_wconf 89' lang='lat' dir='ltr'>per-</span> 
     </span>
     <span class='ocr_line' id='line_1_38' title="bbox 114 1915 1487 1964; baseline 0.003 -15"><span class='ocrx_word' id='word_1_377' title='bbox 114 1915 289 1960; x_wconf 65' lang='lat' dir='ltr'>fnffiores,</span> <span class='ocrx_word' id='word_1_378' title='bbox 318 1928 439 1962; x_wconf 87' lang='lat' dir='ltr'>quanto</span> <span class='ocrx_word' id='word_1_379' title='bbox 469 1917 622 1952; x_wconf 17' lang='lat' dir='ltr'>menswest</span> <span class='ocrx_word' id='word_1_380' title='bbox 643 1916 684 1951; x_wconf 90' lang='lat' dir='ltr'>ab</span> <span class='ocrx_word' id='word_1_381' title='bbox 702 1916 769 1964; x_wconf 87' lang='lat' dir='ltr'>ipso</span> <span class='ocrx_word' id='word_1_382' title='bbox 797 1919 939 1964; x_wconf 88' lang='lat' dir='ltr'>corporis</span> <span class='ocrx_word' id='word_1_383' title='bbox 964 1920 1161 1954; x_wconf 81' lang='lat' dir='ltr'>commercio</span> <span class='ocrx_word' id='word_1_384' title='bbox 1186 1918 1329 1953; x_wconf 86' lang='lat' dir='ltr'>liberior.</span> <span class='ocrx_word' id='word_1_385' title='bbox 1482 1935 1487 1937; x_wconf 94' lang='lat'>·</span> 
     </span>
    </p>

    <p class='ocr_par' dir='ltr' id='par_1_6' title="bbox 112 1963 1486 2112">
     <span class='ocr_line' id='line_1_39' title="bbox 161 1963 1486 2015; baseline 0.005 -18"><span class='ocrx_word' id='word_1_386' title='bbox 161 1963 406 2000; x_wconf 67' lang='lat' dir='ltr'>Sed-molestius</span> <span class='ocrx_word' id='word_1_387' title='bbox 421 1967 554 2012; x_wconf 84' lang='lat' dir='ltr'>inquirit</span> <span class='ocrx_word' id='word_1_388' title='bbox 565 1967 797 2015; x_wconf 84' lang='lat' dir='ltr'>Pomponatius</span> <span class='ocrx_word' id='word_1_389' title='bbox 811 1993 820 2007; x_wconf 94' lang='lat'>,</span> <span class='ocrx_word' id='word_1_390' title='bbox 845 1965 899 2013; x_wconf 76' lang='lat' dir='ltr'>qui</span> <span class='ocrx_word' id='word_1_391' title='bbox 922 1965 990 2000; x_wconf 87' lang='lat' dir='ltr'>fieri</span> <span class='ocrx_word' id='word_1_392' title='bbox 1006 1964 1105 2014; x_wconf 86' lang='lat' dir='ltr'>poffit</span> <span class='ocrx_word' id='word_1_393' title='bbox 1119 1978 1154 2001; x_wconf 89' lang='lat' dir='ltr'>ut</span> <span class='ocrx_word' id='word_1_394' title='bbox 1174 1969 1279 2002; x_wconf 84' lang='lat' dir='ltr'>anima</span> <span class='ocrx_word' id='word_1_395' title='bbox 1301 1968 1443 2015; x_wconf 88' lang='lat' dir='ltr'>separata</span> <span class='ocrx_word' id='word_1_396' title='bbox 1464 1967 1486 2004; x_wconf 73' lang='grc' dir='ltr'><strong>ὰ</strong></span> 
     </span>
     <span class='ocr_line' id='line_1_40' title="bbox 115 2013 1483 2064; baseline 0.007 -19"><span class='ocrx_word' id='word_1_397' title='bbox 115 2023 248 2058; x_wconf 87' lang='lat' dir='ltr'>corpore</span> <span class='ocrx_word' id='word_1_398' title='bbox 257 2013 418 2062; x_wconf 83' lang='lat' dir='ltr'>intelligat</span> <span class='ocrx_word' id='word_1_399' title='bbox 429 2042 439 2057; x_wconf 89' lang='lat'>‚</span> <span class='ocrx_word' id='word_1_400' title='bbox 456 2025 509 2048; x_wconf 89' lang='lat' dir='ltr'>aut</span> <span class='ocrx_word' id='word_1_401' title='bbox 525 2014 652 2049; x_wconf 88' lang='lat' dir='ltr'>alterius</span> <span class='ocrx_word' id='word_1_402' title='bbox 676 2015 888 2061; x_wconf 77' lang='lat' dir='ltr'>cogitationes</span> <span class='ocrx_word' id='word_1_403' title='bbox 914 2013 1250 2063; x_wconf 66' lang='lat' dir='ltr'>perspectashabeat:</span> <span class='ocrx_word' id='word_1_404' title='bbox 1266 2015 1384 2064; x_wconf 90' lang='lat' dir='ltr'>quibus</span> <span class='ocrx_word' id='word_1_405' title='bbox 1395 2029 1483 2054; x_wconf 84' lang='lat' dir='ltr'>enirn</span> 
     </span>
     <span class='ocr_line' id='line_1_41' title="bbox 112 2059 1068 2112; baseline 0.002 -17"><span class='ocrx_word' id='word_1_406' title='bbox 112 2059 204 2108; x_wconf 83' lang='lat' dir='ltr'>signis</span> <span class='ocrx_word' id='word_1_407' title='bbox 229 2061 278 2095; x_wconf 78' lang='lat' dir='ltr'>sti-1</span> <span class='ocrx_word' id='word_1_408' title='bbox 301 2061 358 2096; x_wconf 84' lang='lat' dir='ltr'>fibi</span> <span class='ocrx_word' id='word_1_409' title='bbox 377 2075 489 2096; x_wconf 86' lang='lat' dir='ltr'>mutuo</span> <span class='ocrx_word' id='word_1_410' title='bbox 504 2065 648 2111; x_wconf 82' lang='lat' dir='ltr'>cogitata</span> <span class='ocrx_word' id='word_1_411' title='bbox 668 2061 792 2112; x_wconf 75' lang='lat' dir='ltr'>polsunt</span> <span class='ocrx_word' id='word_1_412' title='bbox 805 2066 1068 2101; x_wconf 68' lang='lat' dir='ltr'>communicare?</span> 
     </span>
    </p>

    <p class='ocr_par' dir='ltr' id='par_1_7' title="bbox 112 2109 1483 2351">
     <span class='ocr_line' id='line_1_42' title="bbox 165 2109 1482 2163; baseline 0.008 -22"><span class='ocrx_word' id='word_1_413' title='bbox 165 2110 291 2156; x_wconf 57' lang='lat' dir='ltr'>RespAO</span> <span class='ocrx_word' id='word_1_414' title='bbox 304 2123 374 2144; x_wconf 79' lang='lat' dir='ltr'>earn</span> <span class='ocrx_word' id='word_1_415' title='bbox 388 2109 611 2145; x_wconf 82' lang='lat' dir='ltr'>difficultatem</span> <span class='ocrx_word' id='word_1_416' title='bbox 630 2114 662 2146; x_wconf 91' lang='lat' dir='ltr'>in</span> <span class='ocrx_word' id='word_1_417' title='bbox 682 2123 817 2159; x_wconf 86' lang='lat' dir='ltr'>utroque</span> <span class='ocrx_word' id='word_1_418' title='bbox 843 2112 923 2146; x_wconf 85' lang='lat' dir='ltr'>statu</span> <span class='ocrx_word' id='word_1_419' title='bbox 940 2114 1056 2148; x_wconf 78' lang='lat' dir='ltr'>animae</span> <span class='ocrx_word' id='word_1_420' title='bbox 1070 2141 1080 2156; x_wconf 83' lang='grc'>,</span> <span class='ocrx_word' id='word_1_421' title='bbox 1107 2111 1170 2147; x_wconf 86' lang='lat' dir='ltr'>five</span> <span class='ocrx_word' id='word_1_422' title='bbox 1187 2112 1223 2148; x_wconf 82' lang='lat' dir='ltr'>sit</span> <span class='ocrx_word' id='word_1_423' title='bbox 1242 2125 1315 2148; x_wconf 88' lang='lat' dir='ltr'>cum</span> <span class='ocrx_word' id='word_1_424' title='bbox 1345 2126 1482 2163; x_wconf 84' lang='lat' dir='ltr'>corpore</span> 
     </span>
     <span class='ocr_line' id='line_1_43' title="bbox 114 2157 1483 2207; baseline 0.007 -17"><span class='ocrx_word' id='word_1_425' title='bbox 114 2160 278 2204; x_wconf 63' lang='lat' dir='ltr'>conjundta</span> <span class='ocrx_word' id='word_1_426' title='bbox 293 2187 302 2201; x_wconf 96' lang='lat'>,</span> <span class='ocrx_word' id='word_1_427' title='bbox 324 2157 386 2193; x_wconf 84' lang='lat' dir='ltr'>five</span> <span class='ocrx_word' id='word_1_428' title='bbox 402 2158 438 2194; x_wconf 84' lang='lat' dir='ltr'>fit</span> <span class='ocrx_word' id='word_1_429' title='bbox 455 2159 496 2194; x_wconf 82' lang='lat' dir='ltr'>ab</span> <span class='ocrx_word' id='word_1_430' title='bbox 511 2172 551 2193; x_wconf 88' lang='lat' dir='ltr'>eo</span> <span class='ocrx_word' id='word_1_431' title='bbox 577 2158 718 2207; x_wconf 79' lang='lat' dir='ltr'>separata</span> <span class='ocrx_word' id='word_1_432' title='bbox 740 2189 750 2203; x_wconf 90' lang='lat'>,</span> <span class='ocrx_word' id='word_1_433' title='bbox 785 2158 845 2193; x_wconf 79' lang='lat' dir='ltr'>effe</span> <span class='ocrx_word' id='word_1_434' title='bbox 862 2172 1077 2196; x_wconf 83' lang='lat' dir='ltr'>communem.</span> <span class='ocrx_word' id='word_1_435' title='bbox 1107 2163 1194 2196; x_wconf 81' lang='lat' dir='ltr'>Nam</span> <span class='ocrx_word' id='word_1_436' title='bbox 1219 2161 1351 2197; x_wconf 74' lang='lat' dir='ltr'>vicissim</span> <span class='ocrx_word' id='word_1_437' title='bbox 1380 2164 1422 2197; x_wconf 89' lang='lat' dir='ltr'>ab</span> <span class='ocrx_word' id='word_1_438' title='bbox 1442 2177 1483 2199; x_wconf 89' lang='lat' dir='ltr'>eo</span> 
     </span>
     <span class='ocr_line' id='line_1_44' title="bbox 113 2204 1481 2260; baseline 0.007 -22"><span class='ocrx_word' id='word_1_439' title='bbox 113 2207 166 2252; x_wconf 88' lang='lat' dir='ltr'>qui</span> <span class='ocrx_word' id='word_1_440' title='bbox 188 2204 255 2239; x_wconf 74' lang='lat' dir='ltr'>haec</span> <span class='ocrx_word' id='word_1_441' title='bbox 267 2206 398 2254; x_wconf 77' lang='lat' dir='ltr'>objicit,</span> <span class='ocrx_word' id='word_1_442' title='bbox 420 2207 542 2256; x_wconf 73' lang='lat' dir='ltr'>polsum</span> <span class='ocrx_word' id='word_1_443' title='bbox 558 2209 718 2254; x_wconf 86' lang='lat' dir='ltr'>requirere</span> <span class='ocrx_word' id='word_1_444' title='bbox 730 2221 795 2254; x_wconf 89' lang='lat' dir='ltr'>quo</span> <span class='ocrx_word' id='word_1_445' title='bbox 806 2208 838 2240; x_wconf 82' lang='lat' dir='ltr'>id</span> <span class='ocrx_word' id='word_1_446' title='bbox 853 2209 952 2242; x_wconf 86' lang='lat' dir='ltr'>modo</span> <span class='ocrx_word' id='word_1_447' title='bbox 969 2207 1024 2243; x_wconf 86' lang='lat' dir='ltr'>fiat</span> <span class='ocrx_word' id='word_1_448' title='bbox 1037 2237 1047 2251; x_wconf 90' lang='lat'><strong>,</strong></span> <span class='ocrx_word' id='word_1_449' title='bbox 1061 2220 1096 2243; x_wconf 86' lang='lat' dir='ltr'>ut</span> <span class='ocrx_word' id='word_1_450' title='bbox 1112 2209 1299 2246; x_wconf 84' lang='lat' dir='ltr'>verberatus</span> <span class='ocrx_word' id='word_1_451' title='bbox 1315 2213 1365 2245; x_wconf 83' lang='lat' dir='ltr'>a’e&#39;r</span> <span class='ocrx_word' id='word_1_452' title='bbox 1380 2213 1396 2247; x_wconf 81' lang='grc' dir='ltr'>ὲ</span> <span class='ocrx_word' id='word_1_453' title='bbox 1412 2213 1481 2260; x_wconf 87' lang='lat' dir='ltr'>pul-</span> 
     </span>
     <span class='ocr_line' id='line_1_45' title="bbox 113 2253 1478 2304; baseline 0.007 -18"><span class='ocrx_word' id='word_1_454' title='bbox 113 2253 263 2289; x_wconf 77' lang='lat' dir='ltr'>monibus</span> <span class='ocrx_word' id='word_1_455' title='bbox 290 2267 363 2289; x_wconf 87' lang='lat' dir='ltr'>cutn</span> <span class='ocrx_word' id='word_1_456' title='bbox 382 2258 505 2301; x_wconf 84' lang='lat' dir='ltr'>impetn</span> <span class='ocrx_word' id='word_1_457' title='bbox 525 2255 684 2304; x_wconf 86' lang='lat' dir='ltr'>protrusus</span> <span class='ocrx_word' id='word_1_458' title='bbox 701 2286 710 2299; x_wconf 89' lang='lat'>‚</span> <span class='ocrx_word' id='word_1_459' title='bbox 738 2263 771 2293; x_wconf 90' lang='lat'><strong>&amp;</strong></span> <span class='ocrx_word' id='word_1_460' title='bbox 792 2266 878 2290; x_wconf 72' lang='lat' dir='ltr'>certa</span> <span class='ocrx_word' id='word_1_461' title='bbox 902 2258 1026 2291; x_wconf 70' lang='lat' dir='ltr'>ratione</span> <span class='ocrx_word' id='word_1_462' title='bbox 1049 2259 1081 2291; x_wconf 89' lang='lat' dir='ltr'>in</span> <span class='ocrx_word' id='word_1_463' title='bbox 1102 2260 1165 2291; x_wconf 89' lang='lat' dir='ltr'>oris</span> <span class='ocrx_word' id='word_1_464' title='bbox 1188 2261 1329 2293; x_wconf 83' lang='lat' dir='ltr'>cavitate</span> <span class='ocrx_word' id='word_1_465' title='bbox 1356 2260 1478 2295; x_wconf 85' lang='lat' dir='ltr'>forma-</span> 
     </span>
     <span class='ocr_line' id='line_1_46' title="bbox 112 2302 1479 2351; baseline 0.007 -16"><span class='ocrx_word' id='word_1_466' title='bbox 112 2312 161 2335; x_wconf 61' lang='lat' dir='ltr'>tus</span> <span class='ocrx_word' id='word_1_467' title='bbox 176 2330 185 2344; x_wconf 87' lang='lat'>‚</span> <span class='ocrx_word' id='word_1_468' title='bbox 212 2302 288 2337; x_wconf 88' lang='lat' dir='ltr'>dum</span> <span class='ocrx_word' id='word_1_469' title='bbox 306 2314 395 2336; x_wconf 84' lang='lat' dir='ltr'>aures</span> <span class='ocrx_word' id='word_1_470' title='bbox 423 2304 518 2347; x_wconf 90' lang='lat' dir='ltr'>ferit,</span> <span class='ocrx_word' id='word_1_471' title='bbox 542 2304 708 2340; x_wconf 81' lang='lat' dir='ltr'>cerebrum</span> <span class='ocrx_word' id='word_1_472' title='bbox 730 2317 785 2339; x_wconf 85' lang='lat' dir='ltr'>aut</span> <span class='ocrx_word' id='word_1_473' title='bbox 805 2304 930 2351; x_wconf 83' lang='lat' dir='ltr'>spiritus</span> <span class='ocrx_word' id='word_1_474' title='bbox 952 2303 1051 2340; x_wconf 77' lang='lat' dir='ltr'>afficit</span> <span class='ocrx_word' id='word_1_475' title='bbox 1066 2335 1075 2348; x_wconf 90' lang='lat'><em>‚</em></span> <span class='ocrx_word' id='word_1_476' title='bbox 1104 2307 1206 2341; x_wconf 82' lang='lat' dir='ltr'>statim</span> <span class='ocrx_word' id='word_1_477' title='bbox 1240 2306 1366 2342; x_wconf 84' lang='lat' dir='ltr'>alterius</span> <span class='ocrx_word' id='word_1_478' title='bbox 1387 2321 1479 2344; x_wconf 86' lang='lat' dir='ltr'>men-</span> 
     </span>
    </p>
   </div>
   <div class='ocr_carea' id='block_1_2' title="bbox 106 2348 1478 2454">
    <p class='ocr_par' dir='ltr' id='par_1_8' title="bbox 106 2348 1478 2454">
     <span class='ocr_line' id='line_1_47' title="bbox 106 2348 1478 2403; baseline 0.007 -19"><span class='ocrx_word' id='word_1_479' title='bbox 106 2359 174 2385; x_wconf 81' lang='lat' dir='ltr'>tem</span> <span class='ocrx_word' id='word_1_480' title='bbox 196 2348 234 2385; x_wconf 80' lang='lat' dir='ltr'>sic</span> <span class='ocrx_word' id='word_1_481' title='bbox 261 2353 400 2394; x_wconf 77' lang='lat' dir='ltr'>excitet,</span> <span class='ocrx_word' id='word_1_482' title='bbox 417 2363 452 2386; x_wconf 87' lang='lat' dir='ltr'>ut</span> <span class='ocrx_word' id='word_1_483' title='bbox 464 2355 580 2388; x_wconf 81' lang='lat' dir='ltr'>mentis</span> <span class='ocrx_word' id='word_1_484' title='bbox 602 2365 682 2388; x_wconf 72' lang='lat' dir='ltr'>meae</span> <span class='ocrx_word' id='word_1_485' title='bbox 702 2355 937 2403; x_wconf 75' lang='lat' dir='ltr'>cogitationem</span> <span class='ocrx_word' id='word_1_486' title='bbox 953 2353 1139 2402; x_wconf 77' lang='lat' dir='ltr'>affequatur-</span> <span class='ocrx_word' id='word_1_487' title='bbox 1165 2357 1212 2391; x_wconf 85' lang='lat' dir='ltr'>Ac</span> <span class='ocrx_word' id='word_1_488' title='bbox 1230 2354 1250 2389; x_wconf 85' lang='lat' dir='ltr'>fi</span> <span class='ocrx_word' id='word_1_489' title='bbox 1264 2356 1340 2402; x_wconf 85' lang='lat' dir='ltr'>quid</span> <span class='ocrx_word' id='word_1_490' title='bbox 1359 2358 1390 2391; x_wconf 68' lang='lat' dir='ltr'>ei</span> <span class='ocrx_word' id='word_1_491' title='bbox 1404 2371 1478 2392; x_wconf 85' lang='lat' dir='ltr'>mo-</span> 
     </span>
     <span class='ocr_line' id='line_1_48' title="bbox 1192 2403 1349 2454; baseline -0.006 -16"><span class='ocrx_word' id='word_1_492' title='bbox 1192 2403 1243 2438; x_wconf 80' lang='lat' dir='ltr'>Ff</span> <span class='ocrx_word' id='word_1_493' title='bbox 1250 2403 1293 2439; x_wconf 84' lang='lat' dir='ltr'>ff</span> <span class='ocrx_word' id='word_1_494' title='bbox 1317 2406 1349 2454; x_wconf 77' lang='lat' dir='ltr'>iij</span> 
     </span>
    </p>
   </div>
  </div>
 </body>
</html>
