1857 2745
532 117 891 155 TRACTATUS
945 119 1225 156 TERTIUS.
1542 124 1589 166 ⁶¹5

198 173 234 206 in
247 168 361 205 belluis
380 170 424 206 est
435 168 584 204 docilitas
599 169 747 216 quaedam
764 167 957 216 imperfecta
972 169 1053 203 citra
1069 169 1168 205 ullam
1182 170 1426 220 indagationem
1438 197 1450 212 ,
1463 180 1520 204 aut
1538 148 1590 205 [ἐ-

196 219 453 255 miniscentiam:
467 231 533 254 non
547 218 693 267 perfesta
706 246 716 260 ‚
739 229 812 264 quae
822 229 895 252 cum
906 218 1145 254 reminiscentia
1159 220 1335 267 conjunc‘ta
1355 221 1410 255 est.

231 268 421 313 Instant.1n
441 267 556 303 belluis
580 267 627 301 est
653 265 800 300 docilitas
823 267 1042 314 imperfecta:
1064 280 1143 316 ergo
1157 273 1191 305 δε
1210 268 1441 317 imperfectum
1452 272 1586 305 ratioci„

195 319 285 353 nium
307 331 316 352 ε
340 320 482 353 maxime
497 329 571 352 cum
583 315 729 350 docilitas
738 313 802 350 fine
817 318 977 350 memoria
991 315 1078 351 nulla
1090 317 1151 352 effe
1187 316 1277 361 offit,
1295 330 1354 353 nec
1368 322 1524 353 memoria
1539 322 1587 354 ei..

185 377 245 401 stra
253 365 395 414 aliquam
413 365 621 401 reflexionem
636 363 794 413 intelligi3
810 363 933 400 neceffe
948 366 992 401 est
1000 367 1087 401 enim
1097 377 1134 401 ut
1142 330 1312 414 objectum
1322 369 1398 404 ante
1415 370 1583 416 cognitum

195 416 313 451 iterum
334 417 535 463 percipiatur.

235 464 325 512 Resp.
343 477 412 513 neg.
428 466 508 511 confi
532 465 613 500 Non
636 464 723 497 enim
740 462 774 497 id
792 463 1000 497 concedimus
1012 492 1022 507 ,
1044 462 1245 500 docilitatem
1266 478 1401 500 omnem
1428 464 1489 499 else
1507 477 1579 501 cum

192 514 440 548 ratiocinatione
456 512 729 561 conjunstam3aut
741 511 944 547 docilitatem
957 510 1018 547 esse
1026 515 1161 547 rationis
1170 525 1395 563 argumentum
1409 512 1465 550 nili
1479 527 1582 562 quan-

192 562 236 596 do
250 563 294 597 est
310 575 384 597 cum
402 564 592 610 cognitione
605 561 745 604 reflexa,
763 573 820 596 aut
833 560 965 609 spiritali
987 574 1144 598 connexa.
1170 565 1223 597 Sic
1250 566 1407 599 m'emoria
1433 562 1581 599 reflexio-

191 622 269 645 nem
291 610 391 646 habet
411 610 468 645 sibi
489 612 670 660 adjunctam
684 639 694 653 ‚
711 608 766 644 sed
784 612 961 659 improprie
979 611 1100 646 dictam
1115 626 1122 647 :
1138 611 1185 646 est
1209 615 1296 648 enim
1320 614 1466 661 cognitio
1483 611 1579 661 obje-

193 661 236 695 ἂι
247 661 322 696 ante
335 662 459 709 cogniti
470 689 480 703 ‚
496 673 564 696 non
579 660 775 708 cognitionis
793 658 887 708 ipfius
903 661 1059 709 cognitio.
1084 661 1138 694 Sic
1153 661 1219 696 duo
1240 661 1390 709 quaedam
1402 661 1448 710 {in
1469 661 1579 709 aliquo

192 710 290 743 tertio
299 710 402 756 potest
413 708 521 744 bellua
531 714 727 757 conjungere
749 721 757 742 :
775 720 810 743 ut
819 721 895 743 cum
909 711 996 744 canis
1013 721 1052 744 ex
1066 710 1167 744 odore
1185 709 1305 758 leporis
1319 711 1457 759 vestigia
1469 713 1576 759 perci-

188 759 249 805 pit.
267 758 330 792 Se'd
346 757 402 793 illa
419 761 581 793 connexio
597 758 639 792 est
650 757 827 792 admodum
847 757 1043 807 imperfecta
1057 771 1065 792 t
1089 771 1195 806 neque
1212 762 1302 795 enim
1319 762 1465 809 cognitio
1484 760 1575 794 adest

189 806 372 841 universalis
387 835 397 849 ‚
415 819 520 854 neque
538 805 602 841 ulla
626 808 828 853 comparatio
852 806 1076 842 antecedentis
1099 820 1173 843 eum
1190 808 1410 858 consequente
1427 808 1574 853 5nullum

187 855 270 889 adeo
280 854 327 889 ibi
344 856 392 890 est
404 857 611 891 ratiocinium
634 857 762 903 proprie
784 855 916 893 dictum.

221 904 348 939 Contra
360 933 370 947 ‚
393 906 516 951 inquies
530 932 539 943 ,
562 906 707 953 cognitio
719 904 919 952 particularis
935 904 997 941 else
1017 907 1121 955 potest
1135 909 1213 941 citra
1236 906 1468 944 universalem:
1495 917 1573 957 ergo

180 952 268 988 >nihil
280 952 433 1001 prohibet
442 950 503 988 effe
515 955 547 988 in
560 952 675 988 belluis
689 955 971 992 ratiocinationem
984 960 1067 990 circa
1087 967 1135 991 res
1147 956 1353 1005 particulares
1371 972 1379 993 :
1400 956 1523 994 tametsi
1535 960 1573 992 iis

185 1001 264 1036 desit
278 1004 484 1038 ratiocinium
499 1005 584 1036 circa
594 1014 644 1037 res
661 1002 863 1037 universales.

225 1051 313 1098 Resp.
324 1051 393 1096 dist.
405 1062 505 1087 antec.
517 1051 681 1100 Cognosci
705 1051 808 1099 potest
835 1062 885 1086 res
899 1053 1099 1100 particularis
1109 1083 1118 1098 ‚
1145 1055 1223 1090 citra
1237 1058 1482 1103 perceptionem
1495 1059 1570 1091 uni-

185 1099 314 1134 versalis
329 1127 338 1142 ,
360 1112 417 1147 per
439 1098 616 1149 [implicem
638 1102 885 1148 perceptionem
900 1128 910 1144 ‚
931 1104 968 1138 C.
981 1114 1038 1150 per
1059 1105 1282 1152 cognitionem
1303 1116 1377 1139 cum
1398 1107 1568 1140 ratiocinio

173 1150 404 1198 conjunctam,
415 1150 466 1185 N.
478 1152 558 1185 Non
572 1148 695 1197 possum
705 1151 791 1184 enim
803 1148 996 1185 concludere
1012 1151 1073 1186 hoc
1090 1151 1213 1187 bonum
1228 1151 1289 1186 effe
1298 1154 1489 1196 amandum,
1513 1153 1570 1188 nisi

183 1197 313 1244 vihujus
327 1196 552 1246 propositionis
563 1227 573 1241 ,
589 1210 689 1232 omne
705 1196 831 1234 bonum
840 1198 888 1232 est
899 1200 1086 1236 amandum.
1111 1202 1221 1246 Qare
1241 1199 1345 1235 bestiae
1357 1201 1493 1237 fortassis
1516 1215 1571 1237 co-

181 1244 339 1294 gnoscunt
348 1245 411 1281 hoc
419 1245 543 1282 bonum
559 1245 620 1281 else
631 1247 805 1281 amandum
818 1275 827 1289 ,
847 1245 900 1280 sed
916 1249 1105 1294 cognitione
1117 1250 1260 1284 distincta
1277 1254 1311 1286 δε
1323 1249 1491 1285 universali
1500 1263 1567 1286 non

181 1292 378 1343 cognoscunt
390 1295 422 1329 id
431 1294 491 1330 esse
509 1296 691 1330 amandum.
702 1297 792 1330 Nam
806 1295 931 1328 bonum
946 1295 1120 1331 univerfim
1135 1297 1297 1345 sumptum
1311 1326 1321 1340 ,
1344 1297 1387 1332 ab
1405 1301 1496 1334 omni
1512 1311 1565 1334 ac-

178 1344 301 1378 cidenti
316 1342 452 1378 sensibili
464 1343 656 1378 abstractum
666 1356 733 1378 non
742 1343 846 1391 potest
853 1341 975 1379 sensum
983 1342 1110 1379 afficere
1119 1374 1129 1389 ‚
1156 1358 1228 1380 cum
1239 1358 1306 1380 non
1318 1344 1354 1381 fit
1363 1346 1564 1382 determina-

181 1402 261 1428 tum.
277 1390 337 1428 Etsi
351 1391 438 1426 forte
456 1390 581 1427 bonum
598 1390 710 1426 absens
721 1420 730 1435 ,
747 1403 801 1426 aut
813 1404 990 1440 congruum
1005 1395 1071 1429 vim
1093 1396 1351 1443 imaginatricem
1367 1396 1475 1444 potest
1491 1393 1564 1430 affi-

178 1452 271 1485 cere,
291 1453 365 1476 cum
374 1439 430 1480 sub
450 1452 586 1488 utraque
595 1443 720 1475 ratione
734 1439 770 1474 fit
780 1441 1040 1477 determinatum.
1067 1445 1147 1479 Non
1161 1442 1247 1491 quod
1259 1447 1438 1493 congruitas
1451 1444 1517 1493 ipsa
1530 1448 1564 1481 in

179 1489 337 1526 abstracto
347 1492 469 1538 percipi
483 1501 584 1538 queat
593 1488 635 1524 ab
652 1491 906 1538 1maginatione3
922 1490 973 1525 sed
991 1503 1040 1525 res
1053 1490 1193 1541 congrua
1205 1495 1240 1527 in
1251 1505 1405 1529 concreto
1417 1523 1427 1538 ‚
1440 1499 1474 1530 ὃς
1488 1507 1562 1530 cum

178 1537 235 1573 suo
245 1538 391 1588 subjecto
400 1537 522 1588 sumpta
537 1559 545 1582 ⁵
559 1551 626 1574 tum
641 1540 728 1574 enim
741 1539 784 1573 est
794 1537 946 1574 sensibilis
959 1553 1044 1583 ;non
1056 1542 1136 1576 item
1152 1540 1277 1577 bonum
1294 1541 1484 1586 universale,
1498 1542 1563 1579 sive

177 1589 211 1622 in
222 1600 396 1630 concreto,
419 1586 482 1622 sive
499 1589 535 1623 in
554 1587 717 1623 abstracto
730 1586 894 1636 usurpetur
910 1603 918 1624 :
942 1589 990 1624 est
1007 1591 1093 1625 enim
1108 1593 1245 1626 omnino
1262 1590 1562 1637 indeterminatum,

178 1636 313 1673 &nullo
330 1638 429 1672 modo
441 1636 592 1673 senfibile.
1114 1671 1125 1676 .,
1148 1673 1151 1675 .
1432 1674 1435 1677 .

212 1686 297 1735 Opp.
306 1701 335 1723 2..
347 1685 512 1735 vulgatum
523 1685 600 1720 illud
614 1686 654 1720 de
667 1686 815 1733 cane,qui
833 1685 979 1735 leporem
996 1683 1182 1735 insequitur,
1195 1689 1453 1737 experimentum
1468 1701 1562 1725 :cum

177 1737 264 1770 enim
274 1737 505 1784 ,inquiunt‚ad
515 1737 645 1771 trivium
681 1737 828 1779 ervenit,
843 1747 880 1770 ac
897 1737 1036 1785 primam
1046 1742 1079 1775 δι
1091 1735 1262 1782 secundam
1274 1739 1361 1774 viam
1381 1750 1448 1774 non
1471 1739 1562 1782 iniit,

176 1784 270 1819 restat
283 1788 378 1820 tertia
390 1797 488 1832 quam
501 1785 604 1820 statim
617 1786 649 1819 in
663 1785 731 1819 istit.
961 1818 963 1822 ,
1103 1818 1106 1820 ,
1517 1823 1519 1825 ,

212 1834 369 1879 Responfio
381 1833 484 1868 facilis
495 1835 542 1868 est
551 1863 560 1877 ,
579 1832 704 1869 olfactu
718 1847 786 1870 non
800 1836 972 1869 ratiocinio
985 1837 1112 1870 tertiam
1125 1833 1275 1871 semitam
1286 1834 1307 1871 ὲ
1317 1847 1395 1870 cane
1410 1834 1561 1884 explora.-

173 1884 212 1918 ri.
231 1882 337 1929 Qod'
354 1882 375 1917 si
395 1885 484 1917 enim
495 1883 587 1918 nullo
597 1881 726 1918 affletur
746 1882 865 1931 leporis
885 1882 1006 1926 odore,
1020 1886 1054 1920 in
1068 1882 1121 1919 sua
1137 1884 1244 1928 statim
1261 1886 1394 1920 recurrit
1416 1885 1559 1934 vestigia.

175 1931 238 1965 Ista
249 1930 330 1967 vero
349 1937 383 1969 δε
398 1930 460 1967 alia
476 1931 583 1968 bestiae
598 1934 679 1967 citra
690 1934 855 1968 rationem
875 1943 932 1968 aut
942 1931 1106 1970 confilium
1119 1961 1131 1977 ‚
1154 1928 1279 1984 impetu
1301 1932 1373 1969 solo
1392 1945 1489 1982 agere
1508 1936 1560 1970 vi-

176 1979 301 2015 dentur.
946 2016 949 2020 ,
1004 2014 1008 2016 .
1097 2010 1102 2019 ι
1430 2021 1436 2025 ,

214 2028 296 2063 Illud
316 2041 450 2079 quoque
476 2031 657 2067 identidem
681 2039 853 2080 opponunt
865 2060 876 2075 ,
895 2028 979 2066 nihil
998 2029 1058 2066 effe
1071 2030 1169 2066 causae
1185 2043 1241 2066 cur
1256 2030 1364 2066 bestiis
1378 2030 1534 2079 judicium
1545 2058 1557 2075 ‚

174 2080 334 2113 rationem
345 2108 355 2123 ,
376 2080 541 2116 consilium
552 2109 562 2123 ,
581 2080 780 2115 electionem
792 2109 802 2123 ‚
829 2082 900 2116 imo
912 2079 1142 2118 &libertatem
1157 2093 1224 2116 non
1243 2080 1419 2116 tribuamus
1431 2109 1441 2123 ,
1464 2079 1485 2114 fi
1498 2093 1556 2114 co-

171 2129 412 2176 gnitionemiis-
425 2129 608 2178 largiamur.
635 2130 738 2176 Qod
759 2131 869 2176 utique
885 2128 1028 2178 probant
1052 2128 1227 2165 bestiarum
1246 2130 1371 2164 astutiae.
1400 2128 1490 2164 Hinc
1507 2129 1558 2163 vii·

174 2175 368 2212 dostiffimus
381 2178 403 2214 l.
415 2188 442 2214 10
454 2178 720 2227 Anthropologiae
734 2207 744 2222 ,
768 2179 935 2227 postquam
945 2178 1052 2213 attulit
1070 2190 1107 2212 ea
1121 2186 1189 2225 quae
1200 2174 1220 2211 l'.
1234 2186 1270 2222 30
1279 2178 1319 2212 de
1333 2189 1469 2225 corpore
1486 2179 1556 2212 ani.

174 2235 266 2259 mato
276 2224 390 2272 scripta·
402 2222 473 2264 sunt:
482 2230 523 2263 de
536 2224 715 2263 belluarum
731 2228 842 2262 astutia
851 2256 861 2271 ‚
883 2227 915 2261 id
926 2225 1046 2262 merito
1057 2226 1108 2262 vid
1114 2237 1182 2261 e-tur
1194 2225 1349 2274 objicere,
1359 2225 1476 2260 bestias
1484 2237 1555 2273 pet-

171 2275 302 2322 cipere,
320 2275 462 2319 judicate
479 2306 490 2321 ‚
509 2279 692 2312 ratiocinari
706 2277 746 2311 de
762 2274 1005 2311 universalibus.
1022 2278 1105 2312 Non
1120 2277 1205 2310 enim
1222 2277 1371 2310 venatica
1394 2276 1556 2323 cognitio·

174 2335 218 2357 ne
228 2331 374 2370 quae'runt
388 2324 470 2359 hanc
479 2327 616 2371 praedam
629 2354 639 2369 ‚
666 2324 717 2360 sed
732 2327 934 2372 generatim3
953 2326 1024 2359 ovis
1045 2324 1157 2374 lupum
1173 2325 1354 2373 generatim
1369 2322 1425 2358 fibi
1447 2322 1554 2358 infen-

172 2371 237 2406 ssim
244 2372 387 2421 judicat;
405 2385 465 2409 nec
481 2373 581 2410 homo
593 2374 659 2423 ipse
670 2375 792 2426 ‚eadem
806 2375 951 2423 praest‘are
963 2374 1086 2423 potest,
1110 2386 1181 2422 qua:
1193 2372 1300 2457 b1e<stiae
1321 2384 1410 2432 tanta
1426 2371 1553 2408 solertia

1266 2433 1338 2457 xxx
1350 2435 1394 2470 in,
