1857 2745
548 123 589 158 M
611 123 646 159 O
667 122 700 157 R
718 123 748 157 A
774 121 802 158 L
825 122 840 157 1
860 122 892 158 S.
1362 129 1416 163 28³1

33 175 218 212 dimanant:
236 185 304 208 non
315 173 401 208 enim
418 170 502 207 aliud
521 172 725 208 voluntatem
745 172 785 207 ad
802 183 907 207 certos
916 181 1023 207 motus
1032 171 1190 216 inflefflt,
1205 173 1261 208 nisi
1277 172 1347 210 finis
1357 176 1418 210 ali-

31 228 114 272 cujus
127 251 137 266 ,
153 221 297 258 autboni
311 234 376 271 quo
393 220 456 256 frui
466 221 555 266 vult,
569 234 661 257 amor
671 250 681 265 ,
696 223 878 269 quicunque
888 219 925 256 fit
935 220 989 256 ille
1004 220 1085 257 finis.
1100 224 1173 276 Jam
1184 222 1262 259 vero
1279 225 1422 272 quaedam

25 271 100 309 -fiint
115 274 149 307 in
162 284 235 320 quae
246 271 396 308 voluntas
409 270 582 306 necessario
596 300 605 315 ,
627 285 695 307 non
704 270 806 306 libere
825 270 948 314 fertur,
965 283 1102 319 quaeque
1118 283 1239 306 naturae
1256 273 1422 318 instintim,

24 333 96 359 2n0n
112 320 274 357 electione
296 320 499 371 prosequitur
513 335 522 357 ε
535 332 571 356 ut
583 333 675 356 amor
687 322 760 356 vitae
782 350 792 365 ‚
807 322 944 370 propriae
964 322 1158 368 integritatis
1172 349 1181 363 ,
1207 321 1422 370 tranquillita-

30 372 69 406 tis
79 398 90 414 ,
105 383 196 406 amor
212 371 352 419 denique
371 369 520 419 suiipsius
534 399 544 414 ,
563 384 631 406 non
648 381 805 418 quatenus
820 369 954 407 alibero
969 367 1103 405 arbitrio
1116 369 1326 418 proficiscitur
1339 399 1351 415 ,
1368 370 1422 409 sed

24 431 66 455 ut
89 420 136 454 est
157 419 310 455 naturalis
338 419 487 467 quaedam
509 418 693 469 propensio.

57 469 121 503 Sed
130 469 287 516 quidquid
300 480 388 504 amat
401 468 552 505 voluntas
570 470 590 505 a
604 469 634 504 se
648 468 829 513 diversum,
849 468 883 503 id
898 479 1008 503 amore
1019 468 1226 516 contingenti
1240 471 1274 504 δε
1289 467 1396 504 libero
1411 499 1421 513 ‚

27 529 96 554 non
112 516 284 552 neceffario
302 523 335 556 ὃς
348 518 484 553 naturali
499 517 711 568 prosequitur.
743 520 796 554 Sic
820 517 922 553 libere
935 520 1045 553 Deum
1057 528 1093 552 ut
1117 516 1276 551 summum
1298 517 1420 554 bonum

26 566 176 615 eligimus
193 566 411 616 &diligimu5.
436 570 482 603 Ex
503 567 716 603 inclinatione
729 567 861 616 quidem
881 565 1044 611 naturali,
1065 577 1126 613 qua
1150 565 1276 614 expleri
1293 570 1422 615 appeti-

29 626 99 650 tum
116 614 206 650 suum
225 619 348 651 animus
358 615 533 661 desiderat,
558 616 599 652 eo
616 616 717 652 fertur
729 628 765 652 ut
779 615 860 652 alibi
883 615 984 664 quarn
1002 617 1037 650 in
1052 612 1153 663 seipso
1173 614 1331 650 summum
1360 615 1420 652 bo-

27 677 106 700 num
131 676 275 712 quaetat,
295 668 371 713 quia
383 664 483 714 seipso
504 665 607 701 satiari
627 679 693 702 non
709 666 813 714 potest
830 680 839 702 ε
860 664 913 700 sed
934 677 972 700 ea
987 662 1157 713 propensio
1174 676 1229 699 aut
1255 676 1348 700 amor
1366 679 1422 700 na·

25 712 134 748 turalis
144 713 183 747 ad
194 713 309 749 nullius
327 716 373 749 rei
383 726 471 750 extra
485 728 544 750 nos
558 714 667 763 pofitae
680 727 827 750 amorem
839 727 898 751 nos
912 714 1110 750 determinat
1126 730 1135 757 3
1148 712 1256 748 nullus
1266 714 1309 748 est
1320 726 1419 760 quem

25 761 168 797 formare
187 775 255 798 non
270 761 385 811 possit,
401 763 624 800 &formatum
641 776 709 798 non
730 764 898 800 destruere.
922 764 1036 810 Qare
1050 775 1142 797 amor
1156 761 1309 809 cujusque
1326 762 1397 798 finis
1411 794 1420 808 ‚

25 822 126 858 quem
140 809 197 845 fibi
213 813 366 860 proponit
374 813 496 847 animus
508 841 518 856 ,
535 813 577 848 est
588 812 732 861 idipsum
744 813 834 860 quod
848 815 988 861 primum
1006 811 1108 861 eligit,
1126 812 1216 859 quod
1229 814 1350 847 caeteris
1361 825 1421 848 an-

27 861 157 907 teponit
172 888 183 904 ,
203 865 237 897 δε
248 861 288 895 ad
302 862 392 908 quod
408 860 438 896 se
457 860 560 897 libere
575 862 785 898 determinat.
811 864 886 898 Nec
899 864 1072 909 quicquam
1090 860 1182 895 estin
1199 863 1310 896 animo
1323 860 1364 896 ab
1379 874 1420 896 eo

25 909 208 944 distinctum
222 937 233 952 ,
253 920 307 943 aut
317 910 538 958 independens
553 939 562 954 ,
591 911 679 957 quod
697 921 773 945 eum
788 912 927 946 omnino
944 910 1154 946 determinet.
1169 911 1199 942 1s
1218 911 1329 957 utique
1346 909 1419 945 finis

25 956 123 992 nobis
146 956 299 1005 propositi
314 970 404 993 amor
419 957 622 993 voluntatem
640 958 858 1002 determinat,
885 969 954 993 tum
970 969 1006 993 ut
1033 971 1070 993 ea
1091 958 1206 1007 diligat
1218 987 1229 1001 ,
1254 960 1288 993 in
1303 958 1420 1006 quibus

26 1003 151 1041 bonum
159 1005 238 1041 illud
253 1017 397 1042 amatum
408 1009 585 1054 reperitur;
602 1018 670 1041 tum
683 1018 719 1041 ut
731 1006 868 1055 refugiat
882 1012 916 1044 &
928 1007 1089 1042 aversetur
1099 1020 1172 1054 quae
1184 1009 1213 1040 ei
1234 1006 1305 1042 sunt
1318 1021 1422 1055 oppo-

25 1051 82 1088 fita
109 1070 118 1097 ς
142 1065 211 1089 tum
229 1065 263 1089 ut
280 1056 390 1090 media
401 1054 514 1104 seligat
527 1054 600 1090 finis
617 1053 836 1089 consecutioni
855 1055 949 1090 utilia
966 1083 975 1097 ‚
994 1067 1048 1090 aut
1069 1054 1259 1098 necessaria,
1280 1068 1421 1103 quaeque

25 1101 82 1151 ipsi
94 1103 244 1138 videntur
258 1103 388 1138 utiliora
401 1132 411 1148 ,
434 1103 564 1151 reliquis
578 1114 766 1151 anteponat.
776 1104 894 1137 Manet
907 1102 988 1138 vero
1003 1102 1059 1137 ille
1072 1114 1164 1137 amor
1179 1102 1251 1137 finis
1263 1106 1295 1137 in
1304 1104 1423 1139 volun..

23 1162 93 1188 tate
103 1181 113 1196 ,
132 1151 237 1187 donec
246 1151 288 1187 ab
301 1152 367 1187 alio
378 1152 533 1189 validiore
543 1158 576 1190 &
588 1150 736 1201 opposito
746 1150 939 1200 expellatur.
953 1151 1016 1186 Sed
1030 1153 1238 1199 quantumvis
1253 1150 1289 1186 sit
1303 1164 1421 1201 potens

24 1200 82 1236 ille
97 1211 151 1235 aut
165 1200 235 1236 finis
247 1230 256 1245 ,
271 1213 324 1237 aut
333 1202 518 1238 mediorum
534 1200 650 1250 quibus
669 1201 752 1236 hunc
765 1199 865 1236 finem
886 1200 1114 1248 consequimur
1129 1230 1139 1245 ,
1162 1212 1272 1244 amor,
1294 1214 1362 1237 non
1376 1204 1422 1237 ita

23 1248 231 1285 voluntatem
242 1249 342 1286 afficit
358 1262 414 1286 aut
424 1251 637 1294 determinat,
650 1262 687 1285 ut
701 1252 897 1286 contrarium
913 1250 1056 1285 formare
1072 1263 1140 1285 non
1159 1249 1253 1298 possit
1268 1264 1275 1286 :
1299 1250 1421 1299 alioqui

26 1297 84 1334 ubi
105 1298 203 1334 semel
221 1301 253 1336 in
273 1299 443 1336 voluntate
458 1303 575 1349 primas
600 1311 748 1343 teneret,
772 1311 938 1348 nunquam
954 1301 980 1333 is
1002 1298 1102 1334 deleri
1119 1297 1230 1348 posset.
1253 1300 1420 1346 Qamvis

27 1346 128 1397 longo
141 1347 258 1385 habitu
284 1349 493 1386 confirmatus
517 1351 571 1386 vix
589 1348 693 1384 deleri
714 1359 815 1397 queat
832 1377 842 1393 ,
881 1360 990 1384 tamen
1008 1348 1133 1385 nullam
1149 1350 1174 1382 is
1195 1348 1420 1385 necestitatem

27 1400 179 1445 imponit.

62 1448 109 1481 Ex
123 1445 239 1492 quibus
254 1445 333 1480 illud
345 1446 482 1482 efficitur
494 1475 502 1489 ‚
522 1446 561 1481 fic
575 1446 761 1482 libertatem
778 1444 840 1480 esse
855 1445 1014 1480 voluntati
1034 1443 1235 1481 intrinsecam
1248 1473 1259 1486 ‚
1287 1456 1322 1481 ut
1338 1445 1421 1481 nihil

26 1505 141 1528 eorum
157 1506 226 1540 quae
241 1493 444 1529 voluntatem
460 1523 470 1537 ,
491 1507 532 1528 eo
554 1507 619 1541 quo
638 1496 775 1528 diximus
795 1494 895 1527 modo
912 1522 922 1535 ,
943 1494 983 1526 ad
997 1494 1157 1541 agendum
1180 1494 1421 1537 determinant,

28 1541 114 1577 illius
135 1541 321 1577 libertatem
345 1542 555 1577 labefaetent.
585 1541 685 1591 Qod
703 1544 792 1576 enim
816 1541 858 1574 ad
875 1540 942 1576 suos
958 1552 1066 1577 motus
1089 1540 1142 1576 vel
1158 1541 1198 1575 ad
1213 1542 1356 1576 actiones
1378 1554 1418 1577 ex

29 1593 126 1625 certis
149 1590 321 1626 affectibus
344 1591 380 1626 sit
401 1592 614 1626 determinata
637 1608 646 1635 3
667 1589 755 1638 quod
773 1588 908 1624 affeetus
927 1589 974 1624 illi
990 1589 1118 1625 aliunde
1137 1591 1212 1624 oriri
1232 1602 1419 1637 nequeant,

29 1639 130 1687 quam
146 1652 184 1675 ex
198 1638 269 1675 finis
283 1639 416 1689 alicujus
431 1639 607 1675 dilectione
625 1655 634 1683 3
656 1638 744 1687 quod
758 1650 797 1674 ex
810 1638 929 1672 eodem
947 1651 1058 1673 amore
1075 1650 1175 1674 unum
1184 1639 1327 1674 medium
1336 1639 1418 1675 alte-

30 1690 58 1723 ri
72 1701 236 1738 praeponat
248 1718 257 1732 ‚
279 1687 354 1723 curn
366 1688 489 1727 dssecto
507 1688 564 1725 fini
577 1691 679 1734 magis
692 1688 846 1723 idoneum
866 1688 1022 1735 judicatur
1033 1716 1043 1730 ‚
1063 1686 1119 1723 nisi
1134 1687 1263 1722 alterius
1276 1686 1347 1723 finis
1359 1690 1419 1725 im-

29 1737 187 1787 pressione
204 1737 269 1772 alio
285 1737 466 1774 inflectatur
483 1755 493 1782 ·‚
518 1736 607 1786 quod
624 1736 686 1773 fine
700 1737 810 1785 aliquo
826 1738 872 1770 rei
890 1748 1032 1772 externae
1041 1749 1151 1771 amore
1161 1734 1220 1771 effe
1234 1750 1300 1772 non
1310 1737 1419 1786 poffit3

29 1799 90 1822 nec
112 1787 207 1823 facile
227 1799 265 1822 ex
276 1800 340 1821 uno
354 1789 390 1823 in
407 1787 587 1836 oppositum
601 1798 765 1822 commeer
780 1803 790 1830 3
804 1797 865 1820 nec
879 1784 957 1820 ferri
969 1785 1063 1834 poslit
1075 1787 1109 1821 in
1128 1784 1314 1832 objecturn,
1331 1787 1421 1833 quod

30 1835 173 1870 amabile
192 1849 258 1871 non
280 1837 399 1882 judicat
418 1853 427 1880 3
460 1835 549 1884 quod
567 1838 603 1871 iis
622 1838 761 1871 maxime
779 1832 955 1878 afficiatur,
988 1848 1061 1882 quae
1077 1833 1254 1869 naturalem
1273 1846 1419 1869 amorem

30 1884 159 1932 explere
171 1887 313 1920 maxime
322 1883 466 1933 polsunr:
486 1886 549 1920 haec
561 1915 570 1929 ,
590 1898 663 1920 cum
675 1887 709 1919 in
726 1885 816 1920 omni
835 1882 1010 1920 voluntatis
1033 1885 1107 1919 aaa
1129 1894 1319 1928 occurrant,
1335 1882 1417 1919 illius

30 1931 214 1970 libertatern
231 1947 299 1971 non
314 1936 533 1979 imminuunt,
551 1934 669 1970 nedum
688 1946 760 1969 eam
781 1931 908 1982 poll'unt
920 1933 1087 1968 destruere.

480 2035 568 2081 QU
591 2036 630 2068 ΑΞ
653 2033 674 2067 S
703 2032 734 2066 T
763 2032 777 2066 1
801 2033 836 2068 O
894 2033 962 2069 lv.

417 2133 471 2166 De
482 2131 623 2177 fiibjeffo
644 2130 682 2166 (ῥ’
711 2129 818 2166 radice
844 2128 1015 2166 libertatis.

35 2228 160 2313 His
172 2230 336 2279 explicatis
352 2244 419 2268 non
432 2234 492 2267 erit
507 2228 640 2264 difficile
653 2227 744 2277 ipsius
755 2227 914 2263 libertatis
932 2227 1043 2262 sedem
1061 2230 1095 2262 &
1113 2224 1240 2260 fontem
1261 2224 1418 2261 invenire.

136 2279 195 2312 Sed
206 2291 254 2314 res
268 2280 332 2327 ipsa
365 2280 439 2316 aulo
453 2281 494 2316 ab
513 2281 620 2315 altiori
635 2280 796 2326 principio
817 2278 861 2311 est
871 2275 1058 2325 repetenda.

71 2329 149 2362 Duo
162 2324 230 2361 sunt
242 2356 247 2367 ‚
261 2341 296 2363 ur
307 2294 438 2377 pulichre
449 2342 570 2379 magno
581 2331 627 2363 vir
640 2329 771 2376 ingenio
782 2324 981 2374 prosequitur
993 2353 1004 2367 ,
1021 2335 1093 2370 quae
1105 2320 1166 2357 affe
1172 2323 1293 2357 <itiones
1304 2321 1418 2358 volun-

34 2376 108 2410 tatis
118 2374 230 2411 nostrae
248 2380 386 2414 maxime
398 2379 617 2415 determinant
636 2406 646 2422 ,
669 2377 800 2412 rationis
816 2373 936 2418 lumen,
955 2378 988 2411 &
1004 2370 1330 2456 quidani-vfflsuptatis
1347 2371 1419 2406 sen-

181 2424 271 2460 Tom.
285 2426 314 2460 l.
1233 2433 1256 2457 n
