<?xml version="1.0" encoding="UTF-8"?>
<!DOCTYPE html PUBLIC "-//W3C//DTD XHTML 1.0 Transitional//EN"
    "http://www.w3.org/TR/xhtml1/DTD/xhtml1-transitional.dtd">
<html xmlns="http://www.w3.org/1999/xhtml" xml:lang="en" lang="en">
 <head>
  <title>
</title>
<meta http-equiv="Content-Type" content="text/html;charset=utf-8" />
  <meta name='ocr-system' content='tesseract 3.04.00' />
  <meta name='ocr-capabilities' content='ocr_page ocr_carea ocr_par ocr_line ocrx_word'/>
</head>
<body>
  <div class='ocr_page' id='page_1' title='image "./philosophiavetus01duhauoft_0512.png"; bbox 0 0 1857 2745; ppageno 0'>
   <div class='ocr_carea' id='block_1_1' title="bbox 385 146 1774 1118">
    <p class='ocr_par' dir='ltr' id='par_1_1' title="bbox 385 146 1322 197">
     <span class='ocr_line' id='line_1_1' title="bbox 385 146 1322 197; baseline -0.001 -14"><span class='ocrx_word' id='word_1_1' title='bbox 385 163 466 197; x_wconf 69' lang='lat'>,494</span> <span class='ocrx_word' id='word_1_2' title='bbox 806 146 1322 182; x_wconf 81' lang='lat' dir='ltr'>METAPHYSICAE</span> 
     </span>
    </p>

    <p class='ocr_par' dir='ltr' id='par_1_2' title="bbox 387 193 1774 1070">
     <span class='ocr_line' id='line_1_2' title="bbox 390 193 1772 247; baseline 0.002 -18"><span class='ocrx_word' id='word_1_3' title='bbox 390 198 487 232; x_wconf 74' lang='lat' dir='ltr'>vlocus</span> <span class='ocrx_word' id='word_1_4' title='bbox 500 223 508 234; x_wconf 92' lang='lat'>,</span> <span class='ocrx_word' id='word_1_5' title='bbox 523 194 574 230; x_wconf 86' lang='lat' dir='ltr'>sed</span> <span class='ocrx_word' id='word_1_6' title='bbox 588 194 663 230; x_wconf 81' lang='lat' dir='ltr'>fixas</span> <span class='ocrx_word' id='word_1_7' title='bbox 676 198 710 231; x_wconf 86' lang='lat'>&amp;</span> <span class='ocrx_word' id='word_1_8' title='bbox 722 205 949 243; x_wconf 74' lang='lat' dir='ltr'>permanentes</span> <span class='ocrx_word' id='word_1_9' title='bbox 961 207 969 229; x_wconf 78' lang='lat' dir='ltr'><strong><em>z</em></strong></span> <span class='ocrx_word' id='word_1_10' title='bbox 980 193 1045 229; x_wconf 87' lang='lat' dir='ltr'>suas</span> <span class='ocrx_word' id='word_1_11' title='bbox 1056 195 1169 230; x_wconf 87' lang='lat' dir='ltr'>itidem</span> <span class='ocrx_word' id='word_1_12' title='bbox 1183 194 1284 231; x_wconf 81' lang='lat' dir='ltr'>habet</span> <span class='ocrx_word' id='word_1_13' title='bbox 1299 195 1513 231; x_wconf 74' lang='lat' dir='ltr'>dimensiones</span> <span class='ocrx_word' id='word_1_14' title='bbox 1534 205 1659 245; x_wconf 82' lang='lat' dir='ltr'>tempus</span> <span class='ocrx_word' id='word_1_15' title='bbox 1668 225 1679 242; x_wconf 89' lang='lat'><strong>,</strong></span> <span class='ocrx_word' id='word_1_16' title='bbox 1693 211 1772 247; x_wconf 71' lang='lat' dir='ltr'>quas</span> 
     </span>
     <span class='ocr_line' id='line_1_3' title="bbox 398 242 1770 292; baseline 0.004 -13"><span class='ocrx_word' id='word_1_17' title='bbox 398 258 467 280; x_wconf 87' lang='lat' dir='ltr'>non</span> <span class='ocrx_word' id='word_1_18' title='bbox 489 244 563 278; x_wconf 87' lang='lat' dir='ltr'>ulna</span> <span class='ocrx_word' id='word_1_19' title='bbox 587 255 643 278; x_wconf 91' lang='lat' dir='ltr'>aut</span> <span class='ocrx_word' id='word_1_20' title='bbox 657 244 759 292; x_wconf 84' lang='lat' dir='ltr'>pede,</span> <span class='ocrx_word' id='word_1_21' title='bbox 778 242 832 278; x_wconf 90' lang='lat' dir='ltr'>sed</span> <span class='ocrx_word' id='word_1_22' title='bbox 851 242 1013 292; x_wconf 82' lang='lat' dir='ltr'>horologii</span> <span class='ocrx_word' id='word_1_23' title='bbox 1044 243 1131 278; x_wconf 84' lang='lat' dir='ltr'>fluxu</span> <span class='ocrx_word' id='word_1_24' title='bbox 1144 272 1154 288; x_wconf 93' lang='lat'>‚</span> <span class='ocrx_word' id='word_1_25' title='bbox 1179 255 1236 279; x_wconf 88' lang='lat' dir='ltr'>aut</span> <span class='ocrx_word' id='word_1_26' title='bbox 1266 256 1356 279; x_wconf 85' lang='lat' dir='ltr'>certo</span> <span class='ocrx_word' id='word_1_27' title='bbox 1377 243 1447 279; x_wconf 89' lang='lat' dir='ltr'>solis</span> <span class='ocrx_word' id='word_1_28' title='bbox 1468 255 1561 280; x_wconf 89' lang='lat' dir='ltr'>motu</span> <span class='ocrx_word' id='word_1_29' title='bbox 1573 245 1770 285; x_wconf 79' lang='lat' dir='ltr'><strong>dimetimur.</strong></span> 
     </span>
     <span class='ocr_line' id='line_1_4' title="bbox 398 290 1772 340; baseline 0.004 -13"><span class='ocrx_word' id='word_1_30' title='bbox 398 294 562 340; x_wconf 82' lang='lat' dir='ltr'>Qamvis</span> <span class='ocrx_word' id='word_1_31' title='bbox 573 293 660 327; x_wconf 89' lang='lat' dir='ltr'>idem</span> <span class='ocrx_word' id='word_1_32' title='bbox 670 291 746 328; x_wconf 80' lang='lat' dir='ltr'>effer</span> <span class='ocrx_word' id='word_1_33' title='bbox 760 304 887 340; x_wconf 84' lang='lat' dir='ltr'>tempus</span> <span class='ocrx_word' id='word_1_34' title='bbox 901 320 910 336; x_wconf 87' lang='lat'><strong>,</strong></span> <span class='ocrx_word' id='word_1_35' title='bbox 922 290 1043 327; x_wconf 79' lang='lat' dir='ltr'>etiamsi</span> <span class='ocrx_word' id='word_1_36' title='bbox 1060 291 1105 326; x_wconf 90' lang='lat' dir='ltr'>sol</span> <span class='ocrx_word' id='word_1_37' title='bbox 1119 294 1237 328; x_wconf 86' lang='lat' dir='ltr'>tardius</span> <span class='ocrx_word' id='word_1_38' title='bbox 1247 305 1301 328; x_wconf 89' lang='lat' dir='ltr'>aut</span> <span class='ocrx_word' id='word_1_39' title='bbox 1314 293 1448 328; x_wconf 87' lang='lat' dir='ltr'>celerius</span> <span class='ocrx_word' id='word_1_40' title='bbox 1464 305 1662 330; x_wconf 87' lang='lat' dir='ltr'>moveretur.</span> <span class='ocrx_word' id='word_1_41' title='bbox 1681 296 1772 332; x_wconf 82' lang='lat' dir='ltr'>Idem</span> 
     </span>
     <span class='ocr_line' id='line_1_5' title="bbox 399 340 1773 390; baseline 0 -14"><span class='ocrx_word' id='word_1_42' title='bbox 399 343 444 377; x_wconf 90' lang='lat' dir='ltr'>est</span> <span class='ocrx_word' id='word_1_43' title='bbox 459 341 567 385; x_wconf 68' lang='lat' dir='ltr'>leem,</span> <span class='ocrx_word' id='word_1_44' title='bbox 584 340 637 378; x_wconf 87' lang='lat' dir='ltr'>seu</span> <span class='ocrx_word' id='word_1_45' title='bbox 653 353 768 377; x_wconf 84' lang='lat' dir='ltr'>vacuus</span> <span class='ocrx_word' id='word_1_46' title='bbox 786 341 840 385; x_wconf 83' lang='lat' dir='ltr'>sit,</span> <span class='ocrx_word' id='word_1_47' title='bbox 859 341 911 376; x_wconf 88' lang='lat' dir='ltr'>seu</span> <span class='ocrx_word' id='word_1_48' title='bbox 920 341 1079 390; x_wconf 76' lang='lat' dir='ltr'>repleatur</span> <span class='ocrx_word' id='word_1_49' title='bbox 1095 353 1230 390; x_wconf 85' lang='lat' dir='ltr'>corpore</span> <span class='ocrx_word' id='word_1_50' title='bbox 1245 358 1254 385; x_wconf 89' lang='lat'>;</span> <span class='ocrx_word' id='word_1_51' title='bbox 1279 342 1368 378; x_wconf 89' lang='lat' dir='ltr'>idem</span> <span class='ocrx_word' id='word_1_52' title='bbox 1379 354 1509 390; x_wconf 89' lang='lat' dir='ltr'>quoque</span> <span class='ocrx_word' id='word_1_53' title='bbox 1524 353 1652 390; x_wconf 82' lang='lat' dir='ltr'>tempus</span> <span class='ocrx_word' id='word_1_54' title='bbox 1669 343 1690 379; x_wconf 73' lang='lat' dir='ltr'>a</span> <span class='ocrx_word' id='word_1_55' title='bbox 1709 356 1773 380; x_wconf 88' lang='lat' dir='ltr'>no-</span> 
     </span>
     <span class='ocr_line' id='line_1_6' title="bbox 397 388 1774 439; baseline 0.002 -14"><span class='ocrx_word' id='word_1_56' title='bbox 397 389 448 426; x_wconf 92' lang='lat' dir='ltr'>bis</span> <span class='ocrx_word' id='word_1_57' title='bbox 464 392 644 438; x_wconf 84' lang='lat' dir='ltr'>concipitur</span> <span class='ocrx_word' id='word_1_58' title='bbox 655 388 740 434; x_wconf 81' lang='lat' dir='ltr'>,five</span> <span class='ocrx_word' id='word_1_59' title='bbox 752 402 801 425; x_wconf 91' lang='lat' dir='ltr'>res</span> <span class='ocrx_word' id='word_1_60' title='bbox 812 401 980 425; x_wconf 83' lang='lat' dir='ltr'>moveatur</span> <span class='ocrx_word' id='word_1_61' title='bbox 991 388 1074 433; x_wconf 80' lang='lat' dir='ltr'>,sive</span> <span class='ocrx_word' id='word_1_62' title='bbox 1088 390 1251 437; x_wconf 77' lang='lat' dir='ltr'>quiescat3</span> <span class='ocrx_word' id='word_1_63' title='bbox 1268 389 1332 426; x_wconf 85' lang='lat' dir='ltr'>five</span> <span class='ocrx_word' id='word_1_64' title='bbox 1360 403 1409 426; x_wconf 85' lang='lat' dir='ltr'>res</span> <span class='ocrx_word' id='word_1_65' title='bbox 1431 391 1539 439; x_wconf 85' lang='lat' dir='ltr'>aliqua</span> <span class='ocrx_word' id='word_1_66' title='bbox 1559 392 1670 426; x_wconf 85' lang='lat' dir='ltr'>existat</span> <span class='ocrx_word' id='word_1_67' title='bbox 1683 411 1693 436; x_wconf 90' lang='lat'>‚·</span> <span class='ocrx_word' id='word_1_68' title='bbox 1708 391 1774 428; x_wconf 81' lang='lat' dir='ltr'>sive</span> 
     </span>
     <span class='ocr_line' id='line_1_7' title="bbox 397 437 1772 488; baseline 0.001 -13"><span class='ocrx_word' id='word_1_69' title='bbox 397 438 478 475; x_wconf 85' lang='lat' dir='ltr'>nihil</span> <span class='ocrx_word' id='word_1_70' title='bbox 492 441 629 474; x_wconf 89' lang='lat' dir='ltr'>omnino</span> <span class='ocrx_word' id='word_1_71' title='bbox 642 437 889 488; x_wconf 80' lang='lat' dir='ltr'>else-fingamus.</span> <span class='ocrx_word' id='word_1_72' title='bbox 908 441 958 476; x_wconf 86' lang='lat' dir='ltr'>Ut</span> <span class='ocrx_word' id='word_1_73' title='bbox 968 438 1031 473; x_wconf 87' lang='lat' dir='ltr'>loci</span> <span class='ocrx_word' id='word_1_74' title='bbox 1044 440 1297 475; x_wconf 77' lang='lat' dir='ltr'>continuitatem</span> <span class='ocrx_word' id='word_1_75' title='bbox 1312 468 1322 484; x_wconf 89' lang='lat'><em>,</em></span> <span class='ocrx_word' id='word_1_76' title='bbox 1339 451 1392 475; x_wconf 88' lang='lat' dir='ltr'>aut</span> <span class='ocrx_word' id='word_1_77' title='bbox 1406 438 1674 475; x_wconf 80' lang='lat' dir='ltr'>immobilitatem</span> <span class='ocrx_word' id='word_1_78' title='bbox 1683 440 1772 476; x_wconf 80' lang='lat' dir='ltr'>nulla</span> 
     </span>
     <span class='ocr_line' id='line_1_8' title="bbox 395 487 1774 538; baseline 0.001 -15"><span class='ocrx_word' id='word_1_79' title='bbox 395 490 444 523; x_wconf 84' lang='lat' dir='ltr'>vis</span> <span class='ocrx_word' id='word_1_80' title='bbox 456 488 559 536; x_wconf 87' lang='lat' dir='ltr'>potest</span> <span class='ocrx_word' id='word_1_81' title='bbox 570 500 791 537; x_wconf 77' lang='lat' dir='ltr'>perrumpere3</span> <span class='ocrx_word' id='word_1_82' title='bbox 808 487 923 535; x_wconf 58' lang='lat' dir='ltr'>ficjnec</span> <span class='ocrx_word' id='word_1_83' title='bbox 935 490 1019 538; x_wconf 72' lang='lat' dir='ltr'>Jugis</span> <span class='ocrx_word' id='word_1_84' title='bbox 1037 490 1192 536; x_wconf 82' lang='lat' dir='ltr'>temporis</span> <span class='ocrx_word' id='word_1_85' title='bbox 1204 487 1303 524; x_wconf 84' lang='lat' dir='ltr'>fluxus</span> <span class='ocrx_word' id='word_1_86' title='bbox 1312 488 1381 525; x_wconf 83' lang='lat' dir='ltr'>›ulla</span> <span class='ocrx_word' id='word_1_87' title='bbox 1394 490 1426 522; x_wconf 89' lang='lat' dir='ltr'>vi</span> <span class='ocrx_word' id='word_1_88' title='bbox 1438 487 1498 523; x_wconf 82' lang='lat' dir='ltr'>[isti</span> <span class='ocrx_word' id='word_1_89' title='bbox 1514 488 1627 537; x_wconf 87' lang='lat' dir='ltr'>potest.</span> <span class='ocrx_word' id='word_1_90' title='bbox 1648 489 1699 524; x_wconf 82' lang='lat' dir='ltr'>Est</span> <span class='ocrx_word' id='word_1_91' title='bbox 1713 491 1774 537; x_wconf 79' lang='lat' dir='ltr'>igi.</span> 
     </span>
     <span class='ocr_line' id='line_1_9' title="bbox 396 535 1774 585; baseline -0.001 -13"><span class='ocrx_word' id='word_1_92' title='bbox 396 548 447 572; x_wconf 86' lang='lat' dir='ltr'>tur</span> <span class='ocrx_word' id='word_1_93' title='bbox 456 548 584 585; x_wconf 86' lang='lat' dir='ltr'>tempus</span> <span class='ocrx_word' id='word_1_94' title='bbox 594 548 648 572; x_wconf 71' lang='lat' dir='ltr'>aut</span> <span class='ocrx_word' id='word_1_95' title='bbox 665 537 773 581; x_wconf 81' lang='lat' dir='ltr'>locus,</span> <span class='ocrx_word' id='word_1_96' title='bbox 790 549 992 573; x_wconf 26' lang='lat' dir='ltr'>&gt;uti-numerus</span> <span class='ocrx_word' id='word_1_97' title='bbox 1006 565 1017 580; x_wconf 89' lang='lat'>,</span> <span class='ocrx_word' id='word_1_98' title='bbox 1033 549 1099 571; x_wconf 90' lang='lat' dir='ltr'>non</span> <span class='ocrx_word' id='word_1_99' title='bbox 1114 535 1284 585; x_wconf 73' lang='lat' dir='ltr'>positivum</span> <span class='ocrx_word' id='word_1_100' title='bbox 1298 538 1451 584; x_wconf 82' lang='lat' dir='ltr'>quiddam</span> <span class='ocrx_word' id='word_1_101' title='bbox 1468 537 1488 573; x_wconf 75' lang='lat' dir='ltr'>a</span> <span class='ocrx_word' id='word_1_102' title='bbox 1507 536 1600 572; x_wconf 87' lang='lat' dir='ltr'>rebus</span> <span class='ocrx_word' id='word_1_103' title='bbox 1613 539 1625 571; x_wconf 87' lang='lat' dir='ltr'>-i</span> <span class='ocrx_word' id='word_1_104' title='bbox 1651 536 1687 572; x_wconf 86' lang='lat' dir='ltr'>sis</span> <span class='ocrx_word' id='word_1_105' title='bbox 1709 537 1774 573; x_wconf 89' lang='lat' dir='ltr'>dis..</span> 
     </span>
     <span class='ocr_line' id='line_1_10' title="bbox 394 550 1774 635; baseline 0.002 -15"><span class='ocrx_word' id='word_1_106' title='bbox 394 597 526 622; x_wconf 81' lang='lat' dir='ltr'>cretum.</span> <span class='ocrx_word' id='word_1_107' title='bbox 549 587 639 622; x_wconf 85' lang='lat' dir='ltr'>Nam</span> <span class='ocrx_word' id='word_1_108' title='bbox 648 585 820 622; x_wconf 80' lang='lat' dir='ltr'>fluxusille</span> <span class='ocrx_word' id='word_1_109' title='bbox 834 588 991 634; x_wconf 83' lang='lat' dir='ltr'>temporis</span> <span class='ocrx_word' id='word_1_110' title='bbox 1010 586 1243 634; x_wconf 84' lang='lat' dir='ltr'>imaginatione</span> <span class='ocrx_word' id='word_1_111' title='bbox 1254 586 1386 633; x_wconf 87' lang='lat' dir='ltr'>quidem</span> <span class='ocrx_word' id='word_1_112' title='bbox 1406 587 1606 635; x_wconf 79' lang='lat' dir='ltr'>concipitur,</span> <span class='ocrx_word' id='word_1_113' title='bbox 1627 550 1680 621; x_wconf 60' lang='lat' dir='ltr'>sed</span> <span class='ocrx_word' id='word_1_114' title='bbox 1704 586 1774 623; x_wconf 81' lang='lat' dir='ltr'>nus-</span> 
     </span>
     <span class='ocr_line' id='line_1_11' title="bbox 388 634 1772 683; baseline 0.001 -16"><span class='ocrx_word' id='word_1_115' title='bbox 388 646 492 681; x_wconf 65' lang='lat' dir='ltr'>,quarn</span> <span class='ocrx_word' id='word_1_116' title='bbox 507 634 598 670; x_wconf 88' lang='lat' dir='ltr'>estin</span> <span class='ocrx_word' id='word_1_117' title='bbox 617 647 723 670; x_wconf 88' lang='lat' dir='ltr'>rerum</span> <span class='ocrx_word' id='word_1_118' title='bbox 734 646 859 672; x_wconf 86' lang='lat' dir='ltr'>natura.</span> <span class='ocrx_word' id='word_1_119' title='bbox 873 637 926 670; x_wconf 88' lang='lat' dir='ltr'>Sic</span> <span class='ocrx_word' id='word_1_120' title='bbox 947 634 1083 683; x_wconf 84' lang='lat' dir='ltr'>spatium</span> <span class='ocrx_word' id='word_1_121' title='bbox 1097 634 1177 669; x_wconf 90' lang='lat' dir='ltr'>illud</span> <span class='ocrx_word' id='word_1_122' title='bbox 1194 637 1290 670; x_wconf 86' lang='lat' dir='ltr'>inane</span> <span class='ocrx_word' id='word_1_123' title='bbox 1308 648 1375 671; x_wconf 83' lang='lat' dir='ltr'>non</span> <span class='ocrx_word' id='word_1_124' title='bbox 1389 634 1559 670; x_wconf 88' lang='lat' dir='ltr'>substantia</span> <span class='ocrx_word' id='word_1_125' title='bbox 1572 635 1635 678; x_wconf 55' lang='lat' dir='ltr'>est„</span> <span class='ocrx_word' id='word_1_126' title='bbox 1649 645 1705 669; x_wconf 82' lang='lat' dir='ltr'>aut</span> <span class='ocrx_word' id='word_1_127' title='bbox 1716 647 1772 672; x_wconf 85' lang='lat' dir='ltr'>ac.</span> 
     </span>
     <span class='ocr_line' id='line_1_12' title="bbox 387 681 1772 733; baseline 0.004 -19"><span class='ocrx_word' id='word_1_128' title='bbox 387 683 505 718; x_wconf 21' lang='lat' dir='ltr'>*cidens</span> <span class='ocrx_word' id='word_1_129' title='bbox 518 711 528 726; x_wconf 92' lang='lat'>,</span> <span class='ocrx_word' id='word_1_130' title='bbox 541 682 593 717; x_wconf 91' lang='lat' dir='ltr'>sed</span> <span class='ocrx_word' id='word_1_131' title='bbox 606 681 739 732; x_wconf 80' lang='lat' dir='ltr'>spatium</span> <span class='ocrx_word' id='word_1_132' title='bbox 754 713 764 729; x_wconf 90' lang='lat'>‚</span> <span class='ocrx_word' id='word_1_133' title='bbox 774 684 826 720; x_wconf 89' lang='lat' dir='ltr'>seu</span> <span class='ocrx_word' id='word_1_134' title='bbox 844 686 1005 732; x_wconf 80' lang='lat' dir='ltr'>capacitas</span> <span class='ocrx_word' id='word_1_135' title='bbox 1018 713 1027 727; x_wconf 90' lang='lat'>,</span> <span class='ocrx_word' id='word_1_136' title='bbox 1039 694 1098 718; x_wconf 86' lang='lat' dir='ltr'>aut</span> <span class='ocrx_word' id='word_1_137' title='bbox 1113 682 1302 732; x_wconf 81' lang='lat' dir='ltr'>possibilitas</span> <span class='ocrx_word' id='word_1_138' title='bbox 1319 686 1462 733; x_wconf 82' lang='lat' dir='ltr'>corporis</span> <span class='ocrx_word' id='word_1_139' title='bbox 1483 683 1663 731; x_wconf 82' lang='lat' dir='ltr'>recipiendi</span> <span class='ocrx_word' id='word_1_140' title='bbox 1675 711 1686 726; x_wconf 89' lang='lat'>‚</span> <span class='ocrx_word' id='word_1_141' title='bbox 1700 682 1772 720; x_wconf 85' lang='lat' dir='ltr'>fere</span> 
     </span>
     <span class='ocr_line' id='line_1_13' title="bbox 393 731 1772 781; baseline -0.001 -15"><span class='ocrx_word' id='word_1_142' title='bbox 393 742 428 766; x_wconf 88' lang='lat' dir='ltr'>ut</span> <span class='ocrx_word' id='word_1_143' title='bbox 446 732 583 766; x_wconf 84' lang='lat' dir='ltr'>diximus</span> <span class='ocrx_word' id='word_1_144' title='bbox 601 732 758 769; x_wconf 80' lang='lat' dir='ltr'>demodis</span> <span class='ocrx_word' id='word_1_145' title='bbox 769 735 854 781; x_wconf 92' lang='lat' dir='ltr'>,.-qui</span> <span class='ocrx_word' id='word_1_146' title='bbox 871 746 938 768; x_wconf 86' lang='lat' dir='ltr'>nou</span> <span class='ocrx_word' id='word_1_147' title='bbox 954 732 1024 768; x_wconf 88' lang='lat' dir='ltr'>sunt</span> <span class='ocrx_word' id='word_1_148' title='bbox 1041 734 1192 771; x_wconf 83' lang='lat' dir='ltr'>entitates</span> <span class='ocrx_word' id='word_1_149' title='bbox 1207 733 1353 779; x_wconf 68' lang='lat' dir='ltr'>quaedam</span> <span class='ocrx_word' id='word_1_150' title='bbox 1365 761 1375 776; x_wconf 90' lang='lat'>‚</span> <span class='ocrx_word' id='word_1_151' title='bbox 1397 732 1449 767; x_wconf 90' lang='lat' dir='ltr'>sed</span> <span class='ocrx_word' id='word_1_152' title='bbox 1470 734 1553 772; x_wconf 83' lang='lat' dir='ltr'>entis</span> <span class='ocrx_word' id='word_1_153' title='bbox 1574 731 1772 772; x_wconf 80' lang='lat' dir='ltr'>determina-</span> 
     </span>
     <span class='ocr_line' id='line_1_14' title="bbox 394 779 1772 825; baseline 0.004 -12"><span class='ocrx_word' id='word_1_154' title='bbox 394 781 509 817; x_wconf 81' lang='lat' dir='ltr'>tiones,</span> <span class='ocrx_word' id='word_1_155' title='bbox 536 782 575 816; x_wconf 86' lang='lat' dir='ltr'>Et</span> <span class='ocrx_word' id='word_1_156' title='bbox 584 779 656 815; x_wconf 86' lang='lat' dir='ltr'>sane</span> <span class='ocrx_word' id='word_1_157' title='bbox 666 794 737 817; x_wconf 89' lang='lat' dir='ltr'>cum</span> <span class='ocrx_word' id='word_1_158' title='bbox 752 794 821 817; x_wconf 91' lang='lat' dir='ltr'>rem</span> <span class='ocrx_word' id='word_1_159' title='bbox 836 793 926 816; x_wconf 80' lang='lat' dir='ltr'>certo</span> <span class='ocrx_word' id='word_1_160' title='bbox 938 783 972 817; x_wconf 87' lang='lat' dir='ltr'>in</span> <span class='ocrx_word' id='word_1_161' title='bbox 985 781 1058 817; x_wconf 88' lang='lat' dir='ltr'>loco</span> <span class='ocrx_word' id='word_1_162' title='bbox 1070 779 1131 816; x_wconf 79' lang='lat' dir='ltr'>effe</span> <span class='ocrx_word' id='word_1_163' title='bbox 1150 781 1360 817; x_wconf 71' lang='lat' dir='ltr'>constitutam</span> <span class='ocrx_word' id='word_1_164' title='bbox 1377 810 1386 825; x_wconf 92' lang='lat'>‚</span> <span class='ocrx_word' id='word_1_165' title='bbox 1396 791 1450 816; x_wconf 87' lang='lat' dir='ltr'>aut</span> <span class='ocrx_word' id='word_1_166' title='bbox 1464 780 1538 816; x_wconf 85' lang='lat' dir='ltr'>loco</span> <span class='ocrx_word' id='word_1_167' title='bbox 1551 791 1681 816; x_wconf 62' lang='lat' dir='ltr'>motat-n&gt;</span> <span class='ocrx_word' id='word_1_168' title='bbox 1693 792 1772 818; x_wconf 89' lang='lat' dir='ltr'>con-</span> 
     </span>
     <span class='ocr_line' id='line_1_15' title="bbox 393 827 1769 879; baseline 0.002 -17"><span class='ocrx_word' id='word_1_169' title='bbox 393 831 527 876; x_wconf 88' lang='lat' dir='ltr'>cipimus</span> <span class='ocrx_word' id='word_1_170' title='bbox 540 858 550 873; x_wconf 90' lang='lat'><strong><em>,</em></strong></span> <span class='ocrx_word' id='word_1_171' title='bbox 566 830 718 876; x_wconf 85' lang='lat' dir='ltr'>quiddam</span> <span class='ocrx_word' id='word_1_172' title='bbox 731 830 772 865; x_wconf 83' lang='lat' dir='ltr'>ab</span> <span class='ocrx_word' id='word_1_173' title='bbox 784 833 855 865; x_wconf 82' lang='lat' dir='ltr'>a&#39;c&#39;re</span> <span class='ocrx_word' id='word_1_174' title='bbox 864 843 920 866; x_wconf 90' lang='lat' dir='ltr'>aut</span> <span class='ocrx_word' id='word_1_175' title='bbox 934 843 1016 878; x_wconf 83' lang='lat' dir='ltr'>aqua</span> <span class='ocrx_word' id='word_1_176' title='bbox 1032 829 1191 864; x_wconf 84' lang='lat' dir='ltr'>diversum</span> <span class='ocrx_word' id='word_1_177' title='bbox 1209 829 1416 879; x_wconf 81' lang='lat' dir='ltr'>intelligimus</span> <span class='ocrx_word' id='word_1_178' title='bbox 1431 845 1440 872; x_wconf 91' lang='lat'>;</span> <span class='ocrx_word' id='word_1_179' title='bbox 1465 842 1502 864; x_wconf 84' lang='lat' dir='ltr'>ac</span> <span class='ocrx_word' id='word_1_180' title='bbox 1526 842 1567 864; x_wconf 90' lang='lat' dir='ltr'>ne</span> <span class='ocrx_word' id='word_1_181' title='bbox 1591 827 1769 876; x_wconf 84' lang='lat' dir='ltr'>super-ficies</span> 
     </span>
     <span class='ocr_line' id='line_1_16' title="bbox 391 877 1769 926; baseline 0.002 -15"><span class='ocrx_word' id='word_1_182' title='bbox 391 878 524 924; x_wconf 88' lang='lat' dir='ltr'>quidem</span> <span class='ocrx_word' id='word_1_183' title='bbox 542 881 686 926; x_wconf 88' lang='lat' dir='ltr'>corporis</span> <span class='ocrx_word' id='word_1_184' title='bbox 704 879 875 915; x_wconf 85' lang='lat' dir='ltr'>ambientis</span> <span class='ocrx_word' id='word_1_185' title='bbox 901 881 1065 915; x_wconf 88' lang='lat' dir='ltr'>communi</span> <span class='ocrx_word' id='word_1_186' title='bbox 1085 877 1148 913; x_wconf 92' lang='lat' dir='ltr'>loci</span> <span class='ocrx_word' id='word_1_187' title='bbox 1170 880 1305 914; x_wconf 89' lang='lat' dir='ltr'>notione</span> <span class='ocrx_word' id='word_1_188' title='bbox 1324 881 1503 926; x_wconf 88' lang='lat' dir='ltr'>concipitur</span> <span class='ocrx_word' id='word_1_189' title='bbox 1520 892 1528 913; x_wconf 93' lang='lat'><strong>:</strong></span> <span class='ocrx_word' id='word_1_190' title='bbox 1554 877 1606 912; x_wconf 91' lang='lat' dir='ltr'>sed</span> <span class='ocrx_word' id='word_1_191' title='bbox 1630 890 1769 914; x_wconf 81' lang='lat' dir='ltr'>vacuum</span> 
     </span>
     <span class='ocr_line' id='line_1_17' title="bbox 392 924 1770 976; baseline 0.001 -17"><span class='ocrx_word' id='word_1_192' title='bbox 392 925 469 960; x_wconf 92' lang='lat' dir='ltr'>illud</span> <span class='ocrx_word' id='word_1_193' title='bbox 482 925 618 975; x_wconf 87' lang='lat' dir='ltr'>spatium</span> <span class='ocrx_word' id='word_1_194' title='bbox 634 954 645 970; x_wconf 89' lang='lat'>‚</span> <span class='ocrx_word' id='word_1_195' title='bbox 656 929 746 975; x_wconf 89' lang='lat' dir='ltr'>quod</span> <span class='ocrx_word' id='word_1_196' title='bbox 767 940 840 962; x_wconf 88' lang='lat' dir='ltr'>cum</span> <span class='ocrx_word' id='word_1_197' title='bbox 858 927 893 962; x_wconf 84' lang='lat' dir='ltr'>fit</span> <span class='ocrx_word' id='word_1_198' title='bbox 909 927 1100 969; x_wconf 90' lang='lat' dir='ltr'>immobile,</span> <span class='ocrx_word' id='word_1_199' title='bbox 1117 925 1240 960; x_wconf 77' lang='lat' dir='ltr'>diversa</span> <span class='ocrx_word' id='word_1_200' title='bbox 1264 939 1399 976; x_wconf 79' lang='lat' dir='ltr'>corpora</span> <span class='ocrx_word' id='word_1_201' title='bbox 1416 940 1482 962; x_wconf 86' lang='lat' dir='ltr'>non</span> <span class='ocrx_word' id='word_1_202' title='bbox 1500 924 1586 961; x_wconf 79' lang='lat' dir='ltr'>simul</span> <span class='ocrx_word' id='word_1_203' title='bbox 1601 953 1610 968; x_wconf 87' lang='lat'>‚</span> <span class='ocrx_word' id='word_1_204' title='bbox 1634 924 1687 960; x_wconf 90' lang='lat' dir='ltr'>sed</span> <span class='ocrx_word' id='word_1_205' title='bbox 1704 926 1770 961; x_wconf 75' lang='lat' dir='ltr'>alia</span> 
     </span>
     <span class='ocr_line' id='line_1_18' title="bbox 390 973 1769 1026; baseline -0.001 -18"><span class='ocrx_word' id='word_1_206' title='bbox 390 973 458 1008; x_wconf 85' lang='lat' dir='ltr'>aliis</span> <span class='ocrx_word' id='word_1_207' title='bbox 473 973 821 1026; x_wconf 73' lang='lat' dir='ltr'>fiiccedentiaexcipit:</span> <span class='ocrx_word' id='word_1_208' title='bbox 839 980 916 1012; x_wconf 91' lang='lat' dir='ltr'>utin</span> <span class='ocrx_word' id='word_1_209' title='bbox 933 988 1081 1025; x_wconf 82' lang='lat' dir='ltr'>tempore</span> <span class='ocrx_word' id='word_1_210' title='bbox 1096 986 1273 1023; x_wconf 79' lang='lat' dir='ltr'>perennem</span> <span class='ocrx_word' id='word_1_211' title='bbox 1289 976 1411 1012; x_wconf 79' lang='lat' dir='ltr'>fluxum</span> <span class='ocrx_word' id='word_1_212' title='bbox 1430 977 1630 1024; x_wconf 82' lang='lat' dir='ltr'>cogitatione</span> <span class='ocrx_word' id='word_1_213' title='bbox 1648 974 1769 1023; x_wconf 73' lang='lat' dir='ltr'>depin-</span> 
     </span>
     <span class='ocr_line' id='line_1_19' title="bbox 391 1036 509 1070; baseline 0.008 -14"><span class='ocrx_word' id='word_1_214' title='bbox 391 1036 509 1070; x_wconf 80' lang='lat' dir='ltr'>gimus.</span> 
     </span>
    </p>

    <p class='ocr_par' dir='ltr' id='par_1_3' title="bbox 881 1073 1227 1118">
     <span class='ocr_line' id='line_1_20' title="bbox 881 1073 1227 1118; baseline 0.009 -12"><span class='ocrx_word' id='word_1_215' title='bbox 881 1073 1039 1108; x_wconf 74' lang='lat' dir='ltr'>xSecuna&#39;a</span> <span class='ocrx_word' id='word_1_216' title='bbox 1050 1073 1227 1118; x_wconf 74' lang='lat' dir='ltr'>Concluſso.</span> 
     </span>
    </p>
   </div>
   <div class='ocr_carea' id='block_1_2' title="bbox 379 1168 1765 2094">
    <p class='ocr_par' dir='ltr' id='par_1_4' title="bbox 388 1168 1765 1265">
     <span class='ocr_line' id='line_1_21' title="bbox 424 1168 1765 1222; baseline 0.003 -16"><span class='ocrx_word' id='word_1_217' title='bbox 424 1168 517 1213; x_wconf 87' lang='lat' dir='ltr'>Ubi,</span> <span class='ocrx_word' id='word_1_218' title='bbox 536 1169 586 1206; x_wconf 85' lang='lat' dir='ltr'>seu</span> <span class='ocrx_word' id='word_1_219' title='bbox 598 1170 659 1205; x_wconf 88' lang='lat' dir='ltr'>esse</span> <span class='ocrx_word' id='word_1_220' title='bbox 679 1172 714 1206; x_wconf 86' lang='lat' dir='ltr'>in</span> <span class='ocrx_word' id='word_1_221' title='bbox 728 1169 801 1206; x_wconf 92' lang='lat' dir='ltr'>loco</span> <span class='ocrx_word' id='word_1_222' title='bbox 815 1199 823 1210; x_wconf 91' lang='lat'><em>‚</em></span> <span class='ocrx_word' id='word_1_223' title='bbox 837 1184 902 1206; x_wconf 91' lang='lat' dir='ltr'>non</span> <span class='ocrx_word' id='word_1_224' title='bbox 918 1170 1008 1205; x_wconf 81' lang='lat' dir='ltr'>addit</span> <span class='ocrx_word' id='word_1_225' title='bbox 1023 1172 1070 1204; x_wconf 85' lang='lat' dir='ltr'>rei</span> <span class='ocrx_word' id='word_1_226' title='bbox 1086 1169 1141 1217; x_wconf 77' lang='lat' dir='ltr'>ipsi</span> <span class='ocrx_word' id='word_1_227' title='bbox 1154 1181 1225 1218; x_wconf 84' lang='lat' dir='ltr'>quae</span> <span class='ocrx_word' id='word_1_228' title='bbox 1242 1170 1288 1204; x_wconf 86' lang='lat' dir='ltr'>est</span> <span class='ocrx_word' id='word_1_229' title='bbox 1302 1172 1342 1206; x_wconf 62' lang='lat' dir='ltr'>in*</span> <span class='ocrx_word' id='word_1_230' title='bbox 1356 1171 1428 1208; x_wconf 89' lang='lat' dir='ltr'>loco</span> <span class='ocrx_word' id='word_1_231' title='bbox 1439 1199 1449 1215; x_wconf 93' lang='lat'><em>,</em></span> <span class='ocrx_word' id='word_1_232' title='bbox 1472 1171 1606 1207; x_wconf 86' lang='lat' dir='ltr'>modum</span> <span class='ocrx_word' id='word_1_233' title='bbox 1623 1171 1765 1222; x_wconf 77' lang='lat' dir='ltr'>aliquem</span> 
     </span>
     <span class='ocr_line' id='line_1_22' title="bbox 388 1217 1330 1265; baseline 0.002 -12"><span class='ocrx_word' id='word_1_234' title='bbox 388 1217 569 1265; x_wconf 84' lang='lat' dir='ltr'>positivum,</span> <span class='ocrx_word' id='word_1_235' title='bbox 583 1219 637 1254; x_wconf 87' lang='lat' dir='ltr'>sed</span> <span class='ocrx_word' id='word_1_236' title='bbox 661 1220 962 1255; x_wconf 84' lang='lat' dir='ltr'>denominationem</span> <span class='ocrx_word' id='word_1_237' title='bbox 978 1230 1102 1253; x_wconf 85' lang='lat' dir='ltr'>tantuin</span> <span class='ocrx_word' id='word_1_238' title='bbox 1113 1217 1330 1255; x_wconf 79' lang='lat' dir='ltr'>extrinsecam.</span> 
     </span>
    </p>

    <p class='ocr_par' dir='ltr' id='par_1_5' title="bbox 384 1265 1763 1597">
     <span class='ocr_line' id='line_1_23' title="bbox 426 1265 1762 1317; baseline 0.001 -17"><span class='ocrx_word' id='word_1_239' title='bbox 426 1266 555 1303; x_wconf 79' lang='lat' dir='ltr'>Probat.</span> <span class='ocrx_word' id='word_1_240' title='bbox 576 1279 651 1317; x_wconf 79' lang='lat' dir='ltr'>pars</span> <span class='ocrx_word' id='word_1_241' title='bbox 665 1270 755 1316; x_wconf 78' lang='lat' dir='ltr'>prior</span> <span class='ocrx_word' id='word_1_242' title='bbox 775 1269 869 1304; x_wconf 86' lang='lat' dir='ltr'>concl.</span> <span class='ocrx_word' id='word_1_243' title='bbox 890 1270 965 1302; x_wconf 87' lang='lat' dir='ltr'>Hoc</span> <span class='ocrx_word' id='word_1_244' title='bbox 979 1267 1047 1315; x_wconf 87' lang='lat' dir='ltr'>ipso</span> <span class='ocrx_word' id='word_1_245' title='bbox 1058 1267 1146 1315; x_wconf 91' lang='lat' dir='ltr'>quod</span> <span class='ocrx_word' id='word_1_246' title='bbox 1161 1279 1210 1301; x_wconf 89' lang='lat' dir='ltr'>res</span> <span class='ocrx_word' id='word_1_247' title='bbox 1223 1269 1259 1302; x_wconf 90' lang='lat' dir='ltr'>in</span> <span class='ocrx_word' id='word_1_248' title='bbox 1272 1266 1373 1316; x_wconf 87' lang='lat' dir='ltr'>spatio</span> <span class='ocrx_word' id='word_1_249' title='bbox 1385 1265 1440 1301; x_wconf 83' lang='lat' dir='ltr'>fibi</span> <span class='ocrx_word' id='word_1_250' title='bbox 1458 1268 1572 1315; x_wconf 83' lang='lat' dir='ltr'>aequali</span> <span class='ocrx_word' id='word_1_251' title='bbox 1590 1275 1624 1306; x_wconf 70' lang='grc' dir='ltr'>ὅ(</span> <span class='ocrx_word' id='word_1_252' title='bbox 1642 1273 1762 1307; x_wconf 79' lang='lat' dir='ltr'>immo..</span> 
     </span>
     <span class='ocr_line' id='line_1_24' title="bbox 388 1314 1762 1365; baseline 0.003 -17"><span class='ocrx_word' id='word_1_253' title='bbox 388 1314 447 1349; x_wconf 89' lang='lat' dir='ltr'>bili</span> <span class='ocrx_word' id='word_1_254' title='bbox 469 1318 640 1351; x_wconf 80' lang='lat' dir='ltr'>constituta</span> <span class='ocrx_word' id='word_1_255' title='bbox 661 1319 858 1365; x_wconf 76' lang='lat' dir='ltr'>concipitur,</span> <span class='ocrx_word' id='word_1_256' title='bbox 876 1319 907 1352; x_wconf 91' lang='lat' dir='ltr'>in</span> <span class='ocrx_word' id='word_1_257' title='bbox 920 1316 998 1350; x_wconf 72' lang='lat' dir='ltr'>loco</span> <span class='ocrx_word' id='word_1_258' title='bbox 1017 1314 1077 1350; x_wconf 76' lang='lat' dir='ltr'>effe</span> <span class='ocrx_word' id='word_1_259' title='bbox 1092 1317 1171 1351; x_wconf 82' lang='lat' dir='ltr'>citra</span> <span class='ocrx_word' id='word_1_260' title='bbox 1189 1315 1286 1350; x_wconf 87' lang='lat' dir='ltr'>ullam</span> <span class='ocrx_word' id='word_1_261' title='bbox 1302 1316 1440 1351; x_wconf 71' lang='lat' dir='ltr'>sormam</span> <span class='ocrx_word' id='word_1_262' title='bbox 1455 1344 1464 1358; x_wconf 91' lang='lat'>‚</span> <span class='ocrx_word' id='word_1_263' title='bbox 1493 1328 1546 1350; x_wconf 89' lang='lat' dir='ltr'>aut</span> <span class='ocrx_word' id='word_1_264' title='bbox 1566 1319 1697 1355; x_wconf 86' lang='lat' dir='ltr'>modum</span> <span class='ocrx_word' id='word_1_265' title='bbox 1713 1321 1762 1355; x_wconf 88' lang='lat' dir='ltr'>su-</span> 
     </span>
     <span class='ocr_line' id='line_1_25' title="bbox 386 1363 1763 1413; baseline 0.004 -17"><span class='ocrx_word' id='word_1_266' title='bbox 386 1364 587 1411; x_wconf 78' lang='lat' dir='ltr'>peradditum</span> <span class='ocrx_word' id='word_1_267' title='bbox 607 1365 797 1413; x_wconf 66' lang='lat' dir='ltr'>intelligitur</span> <span class='ocrx_word' id='word_1_268' title='bbox 812 1366 1018 1408; x_wconf 69' lang='lat' dir='ltr'>;&amp;detm6ta</span> <span class='ocrx_word' id='word_1_269' title='bbox 1031 1363 1086 1398; x_wconf 84' lang='lat' dir='ltr'>illa</span> <span class='ocrx_word' id='word_1_270' title='bbox 1104 1363 1209 1398; x_wconf 87' lang='lat' dir='ltr'>forma</span> <span class='ocrx_word' id='word_1_271' title='bbox 1222 1391 1233 1406; x_wconf 86' lang='lat'>,</span> <span class='ocrx_word' id='word_1_272' title='bbox 1248 1363 1421 1412; x_wconf 77' lang='lat' dir='ltr'>semperest</span> <span class='ocrx_word' id='word_1_273' title='bbox 1442 1363 1580 1409; x_wconf 81' lang='lat' dir='ltr'>alicubi,</span> <span class='ocrx_word' id='word_1_274' title='bbox 1598 1379 1671 1403; x_wconf 86' lang='lat' dir='ltr'>cum</span> <span class='ocrx_word' id='word_1_275' title='bbox 1690 1369 1763 1403; x_wconf 61' lang='lat' dir='ltr'>nul„</span> 
     </span>
     <span class='ocr_line' id='line_1_26' title="bbox 385 1409 1761 1462; baseline 0.004 -16"><span class='ocrx_word' id='word_1_276' title='bbox 385 1410 445 1446; x_wconf 93' lang='lat' dir='ltr'>libi</span> <span class='ocrx_word' id='word_1_277' title='bbox 467 1411 526 1447; x_wconf 79' lang='lat' dir='ltr'>effe</span> <span class='ocrx_word' id='word_1_278' title='bbox 549 1427 615 1447; x_wconf 93' lang='lat' dir='ltr'>non</span> <span class='ocrx_word' id='word_1_279' title='bbox 634 1413 738 1461; x_wconf 79' lang='lat' dir='ltr'>poffit.</span> <span class='ocrx_word' id='word_1_280' title='bbox 766 1417 848 1462; x_wconf 80' lang='lat' dir='ltr'>Ergo</span> <span class='ocrx_word' id='word_1_281' title='bbox 872 1413 952 1448; x_wconf 80' lang='lat' dir='ltr'>nihil</span> <span class='ocrx_word' id='word_1_282' title='bbox 972 1409 1093 1447; x_wconf 79' lang='lat' dir='ltr'>necelse</span> <span class='ocrx_word' id='word_1_283' title='bbox 1121 1412 1164 1446; x_wconf 85' lang='lat' dir='ltr'>est</span> <span class='ocrx_word' id='word_1_284' title='bbox 1187 1411 1369 1458; x_wconf 75' lang='lat' dir='ltr'>hujusmodi</span> <span class='ocrx_word' id='word_1_285' title='bbox 1396 1412 1535 1447; x_wconf 79' lang='lat' dir='ltr'>formam</span> <span class='ocrx_word' id='word_1_286' title='bbox 1561 1415 1761 1453; x_wconf 83' lang='lat' dir='ltr'>intrinsecam</span> 
     </span>
     <span class='ocr_line' id='line_1_27' title="bbox 384 1460 1760 1512; baseline 0.002 -18"><span class='ocrx_word' id='word_1_287' title='bbox 384 1461 602 1504; x_wconf 83' lang='lat' dir='ltr'>comminisci,</span> <span class='ocrx_word' id='word_1_288' title='bbox 619 1474 692 1496; x_wconf 88' lang='lat' dir='ltr'>cum</span> <span class='ocrx_word' id='word_1_289' title='bbox 703 1474 740 1495; x_wconf 79' lang='lat' dir='ltr'>ea</span> <span class='ocrx_word' id='word_1_290' title='bbox 756 1463 896 1498; x_wconf 62' lang='lat' dir='ltr'>detracta</span> <span class='ocrx_word' id='word_1_291' title='bbox 911 1474 958 1496; x_wconf 86' lang='lat' dir='ltr'>tes</span> <span class='ocrx_word' id='word_1_292' title='bbox 974 1460 1182 1501; x_wconf 74' lang='lat' dir='ltr'>nihilominus</span> <span class='ocrx_word' id='word_1_293' title='bbox 1196 1461 1231 1495; x_wconf 83' lang='lat' dir='ltr'>stt</span> <span class='ocrx_word' id='word_1_294' title='bbox 1250 1463 1282 1495; x_wconf 90' lang='lat' dir='ltr'>in</span> <span class='ocrx_word' id='word_1_295' title='bbox 1296 1461 1368 1496; x_wconf 86' lang='lat' dir='ltr'>loco</span> <span class='ocrx_word' id='word_1_296' title='bbox 1380 1489 1390 1504; x_wconf 88' lang='lat'>,</span> <span class='ocrx_word' id='word_1_297' title='bbox 1402 1473 1540 1507; x_wconf 86' lang='lat' dir='ltr'>cumque</span> <span class='ocrx_word' id='word_1_298' title='bbox 1562 1475 1597 1497; x_wconf 83' lang='lat' dir='ltr'>ut</span> <span class='ocrx_word' id='word_1_299' title='bbox 1614 1462 1760 1512; x_wconf 77' lang='lat' dir='ltr'>fiiperva-</span> 
     </span>
     <span class='ocr_line' id='line_1_28' title="bbox 384 1507 1760 1560; baseline 0.001 -17"><span class='ocrx_word' id='word_1_300' title='bbox 384 1522 479 1544; x_wconf 73' lang='lat' dir='ltr'>cauea</span> <span class='ocrx_word' id='word_1_301' title='bbox 490 1539 500 1552; x_wconf 88' lang='lat'>‚</span> <span class='ocrx_word' id='word_1_302' title='bbox 511 1512 554 1544; x_wconf 88' lang='lat' dir='ltr'>ita</span> <span class='ocrx_word' id='word_1_303' title='bbox 568 1512 703 1545; x_wconf 89' lang='lat' dir='ltr'>omnino</span> <span class='ocrx_word' id='word_1_304' title='bbox 719 1509 981 1560; x_wconf 78' lang='lat' dir='ltr'>litimpoffibilis:</span> <span class='ocrx_word' id='word_1_305' title='bbox 996 1522 1071 1545; x_wconf 84' lang='lat' dir='ltr'>nam</span> <span class='ocrx_word' id='word_1_306' title='bbox 1088 1507 1166 1544; x_wconf 73' lang='lat' dir='ltr'>alibi</span> <span class='ocrx_word' id='word_1_307' title='bbox 1178 1509 1334 1546; x_wconf 82' lang='lat' dir='ltr'>ostensum</span> <span class='ocrx_word' id='word_1_308' title='bbox 1345 1509 1517 1545; x_wconf 81' lang='lat' dir='ltr'>estmodos</span> <span class='ocrx_word' id='word_1_309' title='bbox 1537 1524 1605 1546; x_wconf 90' lang='lat' dir='ltr'>non</span> <span class='ocrx_word' id='word_1_310' title='bbox 1622 1512 1683 1548; x_wconf 86' lang='lat' dir='ltr'>esse</span> <span class='ocrx_word' id='word_1_311' title='bbox 1702 1526 1760 1550; x_wconf 88' lang='lat' dir='ltr'>en.</span> 
     </span>
     <span class='ocr_line' id='line_1_29' title="bbox 385 1557 823 1597; baseline 0.014 -6"><span class='ocrx_word' id='word_1_312' title='bbox 385 1560 491 1594; x_wconf 81' lang='lat' dir='ltr'>titates</span> <span class='ocrx_word' id='word_1_313' title='bbox 504 1559 524 1593; x_wconf 67' lang='lat' dir='ltr'>a</span> <span class='ocrx_word' id='word_1_314' title='bbox 540 1557 635 1594; x_wconf 89' lang='lat' dir='ltr'>rebus</span> <span class='ocrx_word' id='word_1_315' title='bbox 652 1559 823 1597; x_wconf 67' lang='lat' dir='ltr'>distinctas.</span> 
     </span>
    </p>

    <p class='ocr_par' dir='ltr' id='par_1_6' title="bbox 384 1600 1760 1751">
     <span class='ocr_line' id='line_1_30' title="bbox 420 1600 1760 1656; baseline 0.004 -16"><span class='ocrx_word' id='word_1_316' title='bbox 420 1607 509 1641; x_wconf 86' lang='lat' dir='ltr'>Hinc</span> <span class='ocrx_word' id='word_1_317' title='bbox 525 1600 595 1655; x_wconf 73' lang='lat' dir='ltr'>pars</span> <span class='ocrx_word' id='word_1_318' title='bbox 604 1608 703 1642; x_wconf 79' lang='lat' dir='ltr'>altera</span> <span class='ocrx_word' id='word_1_319' title='bbox 713 1608 924 1656; x_wconf 60' lang='lat' dir='ltr'>conclusionis</span> <span class='ocrx_word' id='word_1_320' title='bbox 943 1607 1124 1656; x_wconf 81' lang='lat' dir='ltr'>colligitur:</span> <span class='ocrx_word' id='word_1_321' title='bbox 1150 1606 1258 1642; x_wconf 61' lang='lat' dir='ltr'>namsi</span> <span class='ocrx_word' id='word_1_322' title='bbox 1270 1606 1360 1642; x_wconf 85' lang='lat' dir='ltr'>nulla</span> <span class='ocrx_word' id='word_1_323' title='bbox 1377 1605 1411 1642; x_wconf 86' lang='lat' dir='ltr'>fit</span> <span class='ocrx_word' id='word_1_324' title='bbox 1437 1607 1541 1643; x_wconf 85' lang='lat' dir='ltr'>forma</span> <span class='ocrx_word' id='word_1_325' title='bbox 1564 1609 1760 1654; x_wconf 68' lang='lat' dir='ltr'>intrinseca,&#39;</span> 
     </span>
     <span class='ocr_line' id='line_1_31' title="bbox 384 1654 1756 1705; baseline 0.004 -16"><span class='ocrx_word' id='word_1_326' title='bbox 384 1668 455 1701; x_wconf 65' lang='lat' dir='ltr'>qux</span> <span class='ocrx_word' id='word_1_327' title='bbox 473 1668 539 1690; x_wconf 89' lang='lat' dir='ltr'>rem</span> <span class='ocrx_word' id='word_1_328' title='bbox 557 1657 590 1691; x_wconf 87' lang='lat' dir='ltr'>in</span> <span class='ocrx_word' id='word_1_329' title='bbox 601 1655 674 1691; x_wconf 90' lang='lat' dir='ltr'>loco</span> <span class='ocrx_word' id='word_1_330' title='bbox 687 1658 872 1701; x_wconf 82' lang='lat' dir='ltr'>constituat;</span> <span class='ocrx_word' id='word_1_331' title='bbox 888 1657 948 1693; x_wconf 79' lang='lat' dir='ltr'>effe</span> <span class='ocrx_word' id='word_1_332' title='bbox 966 1659 1000 1692; x_wconf 89' lang='lat' dir='ltr'>in</span> <span class='ocrx_word' id='word_1_333' title='bbox 1015 1657 1088 1692; x_wconf 88' lang='lat' dir='ltr'>loco</span> <span class='ocrx_word' id='word_1_334' title='bbox 1100 1686 1109 1700; x_wconf 92' lang='lat'>‚</span> <span class='ocrx_word' id='word_1_335' title='bbox 1119 1668 1229 1705; x_wconf 81' lang='lat' dir='ltr'>praeter</span> <span class='ocrx_word' id='word_1_336' title='bbox 1241 1654 1330 1704; x_wconf 87' lang='lat' dir='ltr'>ipsius</span> <span class='ocrx_word' id='word_1_337' title='bbox 1346 1659 1392 1691; x_wconf 90' lang='lat' dir='ltr'>rei</span> <span class='ocrx_word' id='word_1_338' title='bbox 1405 1658 1575 1694; x_wconf 76' lang='lat' dir='ltr'>entitatem</span> <span class='ocrx_word' id='word_1_339' title='bbox 1586 1672 1653 1694; x_wconf 90' lang='lat' dir='ltr'>non</span> <span class='ocrx_word' id='word_1_340' title='bbox 1668 1659 1756 1695; x_wconf 82' lang='lat' dir='ltr'>aliud</span> 
     </span>
     <span class='ocr_line' id='line_1_32' title="bbox 384 1704 978 1751; baseline 0.008 -14"><span class='ocrx_word' id='word_1_341' title='bbox 384 1704 426 1737; x_wconf 83' lang='lat' dir='ltr'>est</span> <span class='ocrx_word' id='word_1_342' title='bbox 441 1717 537 1751; x_wconf 79' lang='lat' dir='ltr'>quam</span> <span class='ocrx_word' id='word_1_343' title='bbox 553 1705 777 1742; x_wconf 79' lang='lat' dir='ltr'>denominatio</span> <span class='ocrx_word' id='word_1_344' title='bbox 795 1707 978 1743; x_wconf 85' lang='lat' dir='ltr'>extrinseca.</span> 
     </span>
    </p>

    <p class='ocr_par' dir='ltr' id='par_1_7' title="bbox 379 1752 1757 2094">
     <span class='ocr_line' id='line_1_33' title="bbox 416 1752 1757 1803; baseline 0.003 -18"><span class='ocrx_word' id='word_1_345' title='bbox 416 1752 566 1797; x_wconf 76' lang='lat' dir='ltr'>Confirm.</span> <span class='ocrx_word' id='word_1_346' title='bbox 582 1756 709 1789; x_wconf 85' lang='lat' dir='ltr'>Omnes</span> <span class='ocrx_word' id='word_1_347' title='bbox 728 1755 856 1803; x_wconf 82' lang='lat' dir='ltr'>species,</span> <span class='ocrx_word' id='word_1_348' title='bbox 880 1767 934 1790; x_wconf 83' lang='lat' dir='ltr'>aur</span> <span class='ocrx_word' id='word_1_349' title='bbox 945 1754 1131 1790; x_wconf 79' lang='lat' dir='ltr'>differentiae</span> <span class='ocrx_word' id='word_1_350' title='bbox 1141 1753 1203 1788; x_wconf 90' lang='lat' dir='ltr'>loci</span> <span class='ocrx_word' id='word_1_351' title='bbox 1214 1753 1290 1790; x_wconf 86' lang='lat' dir='ltr'>nihii</span> <span class='ocrx_word' id='word_1_352' title='bbox 1311 1753 1379 1789; x_wconf 89' lang='lat' dir='ltr'>sunt</span> <span class='ocrx_word' id='word_1_353' title='bbox 1390 1765 1504 1800; x_wconf 81' lang='lat' dir='ltr'>ptaeter</span> <span class='ocrx_word' id='word_1_354' title='bbox 1516 1755 1757 1793; x_wconf 84' lang='lat' dir='ltr'>denominatio-</span> 
     </span>
     <span class='ocr_line' id='line_1_34' title="bbox 381 1801 1756 1847; baseline 0.005 -13"><span class='ocrx_word' id='word_1_355' title='bbox 381 1813 435 1835; x_wconf 77' lang='lat' dir='ltr'>nes</span> <span class='ocrx_word' id='word_1_356' title='bbox 452 1802 637 1837; x_wconf 84' lang='lat' dir='ltr'>extrinsecas</span> <span class='ocrx_word' id='word_1_357' title='bbox 650 1816 657 1837; x_wconf 91' lang='lat'>:</span> <span class='ocrx_word' id='word_1_358' title='bbox 670 1815 705 1838; x_wconf 89' lang='lat' dir='ltr'>ut</span> <span class='ocrx_word' id='word_1_359' title='bbox 721 1803 838 1839; x_wconf 83' lang='lat' dir='ltr'>sursum</span> <span class='ocrx_word' id='word_1_360' title='bbox 854 1833 863 1847; x_wconf 94' lang='lat'>,</span> <span class='ocrx_word' id='word_1_361' title='bbox 881 1802 1029 1838; x_wconf 87' lang='lat' dir='ltr'>deorsum</span> <span class='ocrx_word' id='word_1_362' title='bbox 1040 1833 1049 1846; x_wconf 91' lang='lat'>,</span> <span class='ocrx_word' id='word_1_363' title='bbox 1066 1801 1264 1837; x_wconf 85' lang='lat' dir='ltr'>dextrorsum</span> <span class='ocrx_word' id='word_1_364' title='bbox 1277 1833 1285 1846; x_wconf 82' lang='lat'>‚</span> <span class='ocrx_word' id='word_1_365' title='bbox 1296 1801 1495 1837; x_wconf 82' lang='lat' dir='ltr'>sinistrorsum</span> <span class='ocrx_word' id='word_1_366' title='bbox 1513 1817 1521 1838; x_wconf 89' lang='lat'>:</span> <span class='ocrx_word' id='word_1_367' title='bbox 1535 1809 1567 1840; x_wconf 89' lang='lat'>&amp;</span> <span class='ocrx_word' id='word_1_368' title='bbox 1581 1817 1627 1839; x_wconf 82' lang='lat' dir='ltr'>res</span> <span class='ocrx_word' id='word_1_369' title='bbox 1642 1807 1756 1841; x_wconf 68' lang='lat' dir='ltr'>eadem</span> 
     </span>
     <span class='ocr_line' id='line_1_35' title="bbox 380 1850 1754 1899; baseline 0.001 -16"><span class='ocrx_word' id='word_1_370' title='bbox 380 1862 447 1895; x_wconf 72' lang='lat' dir='ltr'>quae</span> <span class='ocrx_word' id='word_1_371' title='bbox 461 1862 530 1885; x_wconf 74' lang='lat' dir='ltr'>erat</span> <span class='ocrx_word' id='word_1_372' title='bbox 539 1851 648 1886; x_wconf 79' lang='lat' dir='ltr'>dextra</span> <span class='ocrx_word' id='word_1_373' title='bbox 660 1881 671 1896; x_wconf 90' lang='lat'><em>,</em></span> <span class='ocrx_word' id='word_1_374' title='bbox 693 1855 771 1887; x_wconf 82' lang='lat' dir='ltr'>citra</span> <span class='ocrx_word' id='word_1_375' title='bbox 786 1852 829 1888; x_wconf 90' lang='lat' dir='ltr'>sui</span> <span class='ocrx_word' id='word_1_376' title='bbox 844 1854 1060 1889; x_wconf 86' lang='lat' dir='ltr'>mutationem</span> <span class='ocrx_word' id='word_1_377' title='bbox 1077 1851 1111 1886; x_wconf 84' lang='lat' dir='ltr'>fit</span> <span class='ocrx_word' id='word_1_378' title='bbox 1127 1850 1238 1886; x_wconf 79' lang='lat' dir='ltr'>sinistra</span> <span class='ocrx_word' id='word_1_379' title='bbox 1252 1880 1260 1893; x_wconf 89' lang='lat'>‚</span> <span class='ocrx_word' id='word_1_380' title='bbox 1279 1865 1352 1886; x_wconf 83' lang='lat' dir='ltr'>cum</span> <span class='ocrx_word' id='word_1_381' title='bbox 1367 1850 1402 1885; x_wconf 84' lang='lat' dir='ltr'>fit</span> <span class='ocrx_word' id='word_1_382' title='bbox 1417 1853 1553 1886; x_wconf 64' lang='lat' dir='ltr'>mut-itio</span> <span class='ocrx_word' id='word_1_383' title='bbox 1571 1853 1678 1899; x_wconf 77' lang='lat' dir='ltr'>aliqua</span> <span class='ocrx_word' id='word_1_384' title='bbox 1697 1866 1754 1888; x_wconf 80' lang='lat' dir='ltr'>ex-</span> 
     </span>
     <span class='ocr_line' id='line_1_36' title="bbox 380 1898 1754 1951; baseline 0.003 -20"><span class='ocrx_word' id='word_1_385' title='bbox 380 1898 531 1934; x_wconf 80' lang='lat' dir='ltr'>trinseca:</span> <span class='ocrx_word' id='word_1_386' title='bbox 557 1912 633 1947; x_wconf 75' lang='lat' dir='ltr'>ergo</span> <span class='ocrx_word' id='word_1_387' title='bbox 646 1899 708 1935; x_wconf 78' lang='lat' dir='ltr'>esse</span> <span class='ocrx_word' id='word_1_388' title='bbox 730 1901 870 1937; x_wconf 86' lang='lat' dir='ltr'>locatum</span> <span class='ocrx_word' id='word_1_389' title='bbox 887 1903 920 1937; x_wconf 90' lang='lat' dir='ltr'>in</span> <span class='ocrx_word' id='word_1_390' title='bbox 935 1913 1052 1951; x_wconf 85' lang='lat' dir='ltr'>genere</span> <span class='ocrx_word' id='word_1_391' title='bbox 1075 1914 1139 1936; x_wconf 90' lang='lat' dir='ltr'>non</span> <span class='ocrx_word' id='word_1_392' title='bbox 1152 1900 1235 1934; x_wconf 76' lang='lat' dir='ltr'>aliud</span> <span class='ocrx_word' id='word_1_393' title='bbox 1248 1900 1293 1933; x_wconf 87' lang='lat' dir='ltr'>est</span> <span class='ocrx_word' id='word_1_394' title='bbox 1304 1913 1401 1946; x_wconf 72' lang='lat' dir='ltr'>quam</span> <span class='ocrx_word' id='word_1_395' title='bbox 1416 1911 1464 1932; x_wconf 79' lang='lat' dir='ltr'>res</span> <span class='ocrx_word' id='word_1_396' title='bbox 1477 1898 1539 1947; x_wconf 87' lang='lat' dir='ltr'>ipsa</span> <span class='ocrx_word' id='word_1_397' title='bbox 1551 1929 1558 1943; x_wconf 85' lang='lat'>‚</span> <span class='ocrx_word' id='word_1_398' title='bbox 1572 1903 1621 1934; x_wconf 89' lang='lat' dir='ltr'>cui</span> <span class='ocrx_word' id='word_1_399' title='bbox 1633 1903 1754 1936; x_wconf 85' lang='lat' dir='ltr'>extrin-</span> 
     </span>
     <span class='ocr_line' id='line_1_37' title="bbox 379 1945 1751 1996; baseline 0.003 -16"><span class='ocrx_word' id='word_1_400' title='bbox 379 1945 447 1980; x_wconf 83' lang='lat' dir='ltr'>seca</span> <span class='ocrx_word' id='word_1_401' title='bbox 463 1948 686 1984; x_wconf 82' lang='lat' dir='ltr'>denominatio</span> <span class='ocrx_word' id='word_1_402' title='bbox 695 1950 827 1986; x_wconf 86' lang='lat' dir='ltr'>accedit.</span> <span class='ocrx_word' id='word_1_403' title='bbox 846 1953 935 1986; x_wconf 88' lang='lat' dir='ltr'>Hinc</span> <span class='ocrx_word' id='word_1_404' title='bbox 946 1963 994 1985; x_wconf 90' lang='lat' dir='ltr'>res</span> <span class='ocrx_word' id='word_1_405' title='bbox 1007 1962 1077 1996; x_wconf 72' lang='lat' dir='ltr'>quae</span> <span class='ocrx_word' id='word_1_406' title='bbox 1099 1961 1192 1983; x_wconf 79' lang='lat' dir='ltr'>antea</span> <span class='ocrx_word' id='word_1_407' title='bbox 1202 1960 1269 1982; x_wconf 90' lang='lat' dir='ltr'>erat</span> <span class='ocrx_word' id='word_1_408' title='bbox 1280 1952 1311 1982; x_wconf 90' lang='lat' dir='ltr'>in</span> <span class='ocrx_word' id='word_1_409' title='bbox 1327 1949 1472 1996; x_wconf 84' lang='lat' dir='ltr'>potentia</span> <span class='ocrx_word' id='word_1_410' title='bbox 1486 1959 1520 1981; x_wconf 85' lang='lat' dir='ltr'>ut</span> <span class='ocrx_word' id='word_1_411' title='bbox 1540 1947 1615 1983; x_wconf 77' lang='lat' dir='ltr'>effet</span> <span class='ocrx_word' id='word_1_412' title='bbox 1638 1951 1669 1984; x_wconf 89' lang='lat' dir='ltr'>in</span> <span class='ocrx_word' id='word_1_413' title='bbox 1695 1951 1751 1984; x_wconf 81' lang='lat' dir='ltr'>tali</span> 
     </span>
     <span class='ocr_line' id='line_1_38' title="bbox 380 1995 1750 2044; baseline 0.004 -15"><span class='ocrx_word' id='word_1_414' title='bbox 380 1995 463 2035; x_wconf 87' lang='lat' dir='ltr'>loco,</span> <span class='ocrx_word' id='word_1_415' title='bbox 477 1999 555 2031; x_wconf 82' lang='lat' dir='ltr'>citra</span> <span class='ocrx_word' id='word_1_416' title='bbox 568 1997 608 2032; x_wconf 87' lang='lat' dir='ltr'>sui</span> <span class='ocrx_word' id='word_1_417' title='bbox 619 2001 834 2035; x_wconf 82' lang='lat' dir='ltr'>mutationem</span> <span class='ocrx_word' id='word_1_418' title='bbox 849 1998 1071 2040; x_wconf 82' lang='lat' dir='ltr'>intrinsecam,</span> <span class='ocrx_word' id='word_1_419' title='bbox 1088 1997 1149 2032; x_wconf 92' lang='lat' dir='ltr'>hoc</span> <span class='ocrx_word' id='word_1_420' title='bbox 1161 2025 1172 2040; x_wconf 91' lang='lat'><strong>,</strong></span> <span class='ocrx_word' id='word_1_421' title='bbox 1184 1996 1239 2031; x_wconf 92' lang='lat' dir='ltr'>vel</span> <span class='ocrx_word' id='word_1_422' title='bbox 1258 1997 1334 2032; x_wconf 89' lang='lat' dir='ltr'>illud</span> <span class='ocrx_word' id='word_1_423' title='bbox 1352 2007 1464 2043; x_wconf 88' lang='lat' dir='ltr'>corpus</span> <span class='ocrx_word' id='word_1_424' title='bbox 1483 1998 1601 2044; x_wconf 82' lang='lat' dir='ltr'>excipit</span> <span class='ocrx_word' id='word_1_425' title='bbox 1615 2011 1622 2033; x_wconf 78' lang='grc' dir='ltr'>ε</span> <span class='ocrx_word' id='word_1_426' title='bbox 1638 2009 1673 2032; x_wconf 89' lang='lat' dir='ltr'>ut</span> <span class='ocrx_word' id='word_1_427' title='bbox 1695 2010 1750 2034; x_wconf 80' lang='lat' dir='ltr'>vas</span> 
     </span>
     <span class='ocr_line' id='line_1_39' title="bbox 379 2045 1090 2094; baseline 0.004 -16"><span class='ocrx_word' id='word_1_428' title='bbox 379 2045 478 2079; x_wconf 89' lang='lat' dir='ltr'>modo</span> <span class='ocrx_word' id='word_1_429' title='bbox 491 2045 625 2093; x_wconf 86' lang='lat' dir='ltr'>plenum</span> <span class='ocrx_word' id='word_1_430' title='bbox 641 2047 687 2081; x_wconf 80' lang='lat' dir='ltr'>est</span> <span class='ocrx_word' id='word_1_431' title='bbox 704 2059 788 2094; x_wconf 84' lang='lat' dir='ltr'>aqua</span> <span class='ocrx_word' id='word_1_432' title='bbox 802 2076 814 2092; x_wconf 85' lang='lat'><strong><em>,</em></strong></span> <span class='ocrx_word' id='word_1_433' title='bbox 831 2048 930 2083; x_wconf 87' lang='lat' dir='ltr'>modo</span> <span class='ocrx_word' id='word_1_434' title='bbox 944 2058 1090 2082; x_wconf 81' lang='lat' dir='ltr'>vacuum.</span> 
     </span>
    </p>
   </div>
   <div class='ocr_carea' id='block_1_3' title="bbox 860 2143 1259 2187">
    <p class='ocr_par' dir='ltr' id='par_1_8' title="bbox 860 2143 1259 2187">
     <span class='ocr_line' id='line_1_40' title="bbox 860 2143 1259 2187; baseline 0.005 -9"><span class='ocrx_word' id='word_1_435' title='bbox 860 2145 1043 2179; x_wconf 67' lang='lat' dir='ltr'>:Solvuntur</span> <span class='ocrx_word' id='word_1_436' title='bbox 1066 2143 1175 2187; x_wconf 68' lang='lat' dir='ltr'>obsecSli</span> <span class='ocrx_word' id='word_1_437' title='bbox 1179 2156 1259 2180; x_wconf 86' lang='lat' dir='ltr'>ones.</span> 
     </span>
    </p>
   </div>
   <div class='ocr_carea' id='block_1_4' title="bbox 362 2239 1745 2435">
    <p class='ocr_par' dir='ltr' id='par_1_9' title="bbox 376 2239 1745 2388">
     <span class='ocr_line' id='line_1_41' title="bbox 403 2239 1745 2291; baseline 0.001 -15"><span class='ocrx_word' id='word_1_438' title='bbox 403 2240 492 2284; x_wconf 44' lang='lat' dir='ltr'>“Qo</span> <span class='ocrx_word' id='word_1_439' title='bbox 507 2239 614 2277; x_wconf 86' lang='lat' dir='ltr'>inultis</span> <span class='ocrx_word' id='word_1_440' title='bbox 632 2255 704 2291; x_wconf 80' lang='lat' dir='ltr'>quae</span> <span class='ocrx_word' id='word_1_441' title='bbox 720 2242 788 2278; x_wconf 83' lang='lat' dir='ltr'>fieri</span> <span class='ocrx_word' id='word_1_442' title='bbox 801 2242 903 2279; x_wconf 79' lang='lat' dir='ltr'>solent</span> <span class='ocrx_word' id='word_1_443' title='bbox 918 2241 1162 2290; x_wconf 77' lang='lat' dir='ltr'>objectionibus</span> <span class='ocrx_word' id='word_1_444' title='bbox 1177 2241 1231 2277; x_wconf 69' lang='lat' dir='ltr'>fiat</span> <span class='ocrx_word' id='word_1_445' title='bbox 1245 2240 1315 2275; x_wconf 84' lang='lat' dir='ltr'>satis</span> <span class='ocrx_word' id='word_1_446' title='bbox 1327 2271 1335 2285; x_wconf 91' lang='lat'>,</span> <span class='ocrx_word' id='word_1_447' title='bbox 1352 2241 1429 2276; x_wconf 88' lang='lat' dir='ltr'>illud</span> <span class='ocrx_word' id='word_1_448' title='bbox 1440 2243 1484 2276; x_wconf 87' lang='lat' dir='ltr'>est</span> <span class='ocrx_word' id='word_1_449' title='bbox 1500 2241 1745 2287; x_wconf 81' lang='lat' dir='ltr'>observandum,</span> 
     </span>
     <span class='ocr_line' id='line_1_42' title="bbox 377 2287 1744 2341; baseline 0.006 -21"><span class='ocrx_word' id='word_1_450' title='bbox 377 2287 482 2324; x_wconf 68' lang='lat' dir='ltr'>locum</span> <span class='ocrx_word' id='word_1_451' title='bbox 501 2288 520 2323; x_wconf 69' lang='grc' dir='ltr'>ἐι</span> <span class='ocrx_word' id='word_1_452' title='bbox 532 2290 626 2325; x_wconf 91' lang='lat' dir='ltr'>nobis</span> <span class='ocrx_word' id='word_1_453' title='bbox 637 2295 765 2341; x_wconf 85' lang='lat' dir='ltr'>concipi</span> <span class='ocrx_word' id='word_1_454' title='bbox 783 2303 933 2340; x_wconf 79' lang='lat' dir='ltr'>oportere</span> <span class='ocrx_word' id='word_1_455' title='bbox 948 2293 1076 2340; x_wconf 84' lang='lat' dir='ltr'>penitus</span> <span class='ocrx_word' id='word_1_456' title='bbox 1094 2289 1296 2325; x_wconf 82' lang='lat' dir='ltr'>immobilem</span> <span class='ocrx_word' id='word_1_457' title='bbox 1312 2318 1321 2332; x_wconf 95' lang='lat'>,</span> <span class='ocrx_word' id='word_1_458' title='bbox 1333 2303 1366 2325; x_wconf 91' lang='lat' dir='ltr'>ut</span> <span class='ocrx_word' id='word_1_459' title='bbox 1387 2303 1492 2324; x_wconf 87' lang='lat' dir='ltr'>rerum</span> <span class='ocrx_word' id='word_1_460' title='bbox 1507 2291 1669 2326; x_wconf 69' lang='lat' dir='ltr'>distantias</span> <span class='ocrx_word' id='word_1_461' title='bbox 1681 2320 1691 2334; x_wconf 92' lang='lat'>‚</span> <span class='ocrx_word' id='word_1_462' title='bbox 1710 2297 1744 2328; x_wconf 76' lang='grc' dir='ltr'>δε</span> 
     </span>
     <span class='ocr_line' id='line_1_43' title="bbox 376 2338 1744 2388; baseline 0.006 -22"><span class='ocrx_word' id='word_1_463' title='bbox 376 2348 482 2370; x_wconf 82' lang='lat' dir='ltr'>motus</span> <span class='ocrx_word' id='word_1_464' title='bbox 494 2338 584 2386; x_wconf 75' lang='lat' dir='ltr'>ipsius</span> <span class='ocrx_word' id='word_1_465' title='bbox 603 2339 713 2374; x_wconf 88' lang='lat' dir='ltr'>localis</span> <span class='ocrx_word' id='word_1_466' title='bbox 723 2344 940 2388; x_wconf 76' lang='lat' dir='ltr'>quantitatem</span> <span class='ocrx_word' id='word_1_467' title='bbox 951 2341 1215 2375; x_wconf 69' lang='lat' dir='ltr'>aCkumetiamur.</span> <span class='ocrx_word' id='word_1_468' title='bbox 1235 2340 1322 2373; x_wconf 78' lang='lat' dir='ltr'>Nam</span> <span class='ocrx_word' id='word_1_469' title='bbox 1342 2339 1464 2374; x_wconf 85' lang='lat' dir='ltr'>necesse</span> <span class='ocrx_word' id='word_1_470' title='bbox 1482 2339 1524 2373; x_wconf 86' lang='lat' dir='ltr'>est</span> <span class='ocrx_word' id='word_1_471' title='bbox 1543 2351 1577 2373; x_wconf 86' lang='lat' dir='ltr'>ut</span> <span class='ocrx_word' id='word_1_472' title='bbox 1593 2340 1744 2386; x_wconf 86' lang='lat' dir='ltr'>quosdam</span> 
     </span>
    </p>

    <p class='ocr_par' dir='ltr' id='par_1_10' title="bbox 362 2386 1745 2435">
     <span class='ocr_line' id='line_1_44' title="bbox 362 2386 1745 2435; baseline -0.001 -11"><span class='ocrx_word' id='word_1_473' title='bbox 362 2388 530 2424; x_wconf 58' lang='lat' dir='ltr'>terminos</span> <span class='ocrx_word' id='word_1_474' title='bbox 548 2401 636 2424; x_wconf 88' lang='lat' dir='ltr'>mens</span> <span class='ocrx_word' id='word_1_475' title='bbox 651 2388 708 2424; x_wconf 83' lang='lat' dir='ltr'>fibi</span> <span class='ocrx_word' id='word_1_476' title='bbox 732 2389 884 2425; x_wconf 81' lang='lat' dir='ltr'>exhibeat</span> <span class='ocrx_word' id='word_1_477' title='bbox 898 2418 908 2432; x_wconf 89' lang='lat'>‚</span> <span class='ocrx_word' id='word_1_478' title='bbox 922 2401 989 2424; x_wconf 91' lang='lat' dir='ltr'>non</span> <span class='ocrx_word' id='word_1_479' title='bbox 1004 2388 1138 2435; x_wconf 86' lang='lat' dir='ltr'>quidem</span> <span class='ocrx_word' id='word_1_480' title='bbox 1152 2386 1309 2430; x_wconf 79' lang='lat' dir='ltr'>mobiles,</span> <span class='ocrx_word' id='word_1_481' title='bbox 1330 2387 1449 2435; x_wconf 78' lang='lat' dir='ltr'>alioqui</span> <span class='ocrx_word' id='word_1_482' title='bbox 1471 2387 1551 2423; x_wconf 85' lang='lat' dir='ltr'>nihil</span> <span class='ocrx_word' id='word_1_483' title='bbox 1574 2391 1652 2423; x_wconf 84' lang='lat' dir='ltr'>certi</span> <span class='ocrx_word' id='word_1_484' title='bbox 1669 2401 1745 2427; x_wconf 77' lang='lat' dir='ltr'>con-</span> 
     </span>
    </p>
   </div>
   <div class='ocr_carea' id='block_1_5' title="bbox 1848 0 1857 18">
    <p class='ocr_par' dir='ltr' id='par_1_11' title="bbox 1848 0 1857 18">
     <span class='ocr_line' id='line_1_45' title="bbox 1848 0 1857 18; baseline -0.111 0"><span class='ocrx_word' id='word_1_485' title='bbox 1848 0 1857 18; x_wconf 79' lang='lat' dir='ltr'>ll</span> 
     </span>
    </p>
   </div>
  </div>
 </body>
</html>
