1857 2745
624 111 949 149 MORALIS.
1442 127 1495 158 317

517 194 953 233 DISPUTATIO
1000 197 1071 233 IV.

489 275 544 310 De
555 275 732 312 virtutibus
743 277 781 313 ὦ*
789 280 883 313 vitiis
891 280 1079 328 generatim.

96 356 218 442 DE
234 355 404 393 virtutibus
419 361 453 394 ὃ(
465 357 553 392 vitiis
566 370 638 394 cum
649 356 819 394 univerfim
832 369 903 393 tum
918 358 1076 407 sigillatim
1091 358 1274 395 dicendum.
1297 359 1345 394 Ac
1357 357 1398 391 de
1418 358 1485 390 vir-

99 425 105 430 *
196 417 262 442 tute
272 406 404 454 quidem
416 405 556 455 primum
573 408 653 454 quid
666 420 703 443 ea
714 406 749 442 sit
765 418 852 451 3turn
864 420 934 455 quae
944 408 1025 443 illius
1037 408 1132 444 causae
1150 426 1159 453 3
1178 408 1295 443 deinde
1312 418 1381 454 quae
1400 404 1484 438 illius

104 458 317 513 proprietates
333 472 342 500 3
358 456 518 504 postremo
529 468 601 504 quae
616 456 697 492 illius
716 455 774 493 fint
791 468 896 505 partes
909 487 920 503 ‚
942 468 999 493 aut
1018 457 1139 506 species
1153 487 1163 502 ‚
1188 457 1285 506 paulo
1299 452 1484 516 diligentijis

103 517 312 554 inquiremus.

499 555 845 603 QUAEsrio
889 555 1122 593 PRIMA.

505 631 546 663 In
564 642 625 677 quo
640 630 742 679 posita
752 629 800 676 fit
813 632 950 667 virtutis
967 642 1097 667 natura.

105 706 271 790 PLures
289 704 551 740 circumferuntur
564 703 655 750 hujus
669 707 757 739 vocis
775 708 999 754 acceptiones,
1022 716 1101 752 quas
1119 701 1259 738 libenter
1280 703 1458 736 omittimus
1476 728 1485 741 ,

104 763 113 778 ³
173 751 261 801 quod
272 754 313 788 ad
321 753 467 788 nostrum
481 766 547 789 non
559 754 742 800 pertineant
754 755 947 791 institutum.
967 757 1045 789 Hoc
1065 754 1153 788 enim
1170 751 1243 787 loco
1264 763 1323 787 nec
1337 753 1406 787 vim
1425 761 1483 784 na-

92 802 240 838 'turalem
251 831 261 847 ,
272 815 328 838 aut
337 801 528 838 facultatem
542 803 762 849 congenitam,
782 816 842 840 nec
860 803 1012 839 bellicam
1025 802 1249 838 fortitudinem
1260 829 1271 844 ,
1292 812 1352 836 nec
1368 811 1484 847 quam·

104 851 187 887 libet
207 852 444 899 perfectionem
456 879 467 894 ,
484 852 537 887 sed
548 863 620 886 eam
631 863 699 897 quae
709 851 812 887 studio
824 858 858 890 &
868 854 1098 889 exercitatione
1111 861 1324 898 comparatur,
1336 858 1482 897 quaeque‚

105 912 142 935 ut
160 900 345 936 Aristoteles
356 899 470 936 definit
482 930 493 946 ,
509 899 621 935 bonum
623 899 709 945 facit
722 899 889 937 habentem
898 929 909 942 ,
930 901 969 938 &⁶
987 912 1062 951 opus
1075 904 1140 943 esus
1155 897 1268 934 bonum
1280 898 1405 936 reddit,
1420 896 1484 929 hoc

105 950 239 984 nomine
258 949 480 998 intelligimur.

159 1010 172 1032 1
182 999 276 1033 ‚Tria
287 997 398 1033 suntin
409 1001 520 1034 animo
530 1025 539 1040 ‚
551 1008 586 1032 ut
597 1000 722 1046 optime
731 999 819 1034 idem
831 997 1016 1033 Aristoteles
1031 997 1180 1033 observat
1192 1025 1202 1039 ,
1226 994 1414 1038 facultates,
1428 993 1486 1028 ha-

104 1044 203 1089 birm,
215 1045 457 1083 &affectiones
475 1045 616 1080 facultas
631 1048 675 1081 est
692 1047 713 1082 ἐι
730 1048 840 1082 natura
859 1046 949 1082 insita
960 1075 970 1089 ‚
989 1058 1026 1081 ut
1037 1050 1085 1082 vis
1100 1045 1250 1080 irascendi
1269 1061 1278 1087 3
1298 1043 1486 1079 affeffiones

105 1093 176 1128 sunt
191 1096 335 1129 actiones
347 1094 417 1142 ipsae
430 1124 441 1140 ,
457 1092 650 1130 utirascendi
661 1123 670 1137 ,
690 1107 746 1130 aut
756 1096 883 1130 amandi
898 1109 906 1130 :
920 1093 1048 1129 habitus
1059 1093 1137 1128 ver¹o
1149 1095 1172 1126 ii
1184 1094 1353 1135 dicuntur,
1368 1090 1487 1138 quibus

105 1144 187 1177 circa
201 1142 389 1179 affectiones
399 1141 486 1180 bene
501 1153 557 1177 aut
571 1141 655 1177 male
671 1142 776 1178 sumus
794 1145 983 1192 comparati.
1007 1145 1061 1177 Sic
1084 1141 1185 1177 invidi
1204 1145 1238 1178 ὅ(
1259 1139 1435 1182 malevoli,
1454 1143 1488 1175 δε

97 1191 212 1226 :timidi
225 1192 372 1228 dicuntur
384 1220 393 1235 ,
408 1195 463 1240 qui
473 1191 631 1240 proclives
644 1191 714 1227 sunt
730 1193 770 1227 ad
785 1205 837 1227 eas
852 1190 1137 1240 perturbationes:
1158 1202 1224 1225 non
1237 1191 1310 1237 quia
1322 1187 1488 1236 semperin

106 1251 159 1274 eas
176 1239 340 1285 feruntur,
357 1241 410 1276 sed
422 1243 499 1289 quia
519 1239 610 1288 saepe.
627 1240 683 1275 llla
696 1241 940 1290 igitur'facilitas
957 1240 997 1275 ad
1010 1239 1134 1276 bonum
1145 1269 1155 1284 ,
1173 1250 1230 1274 aut
1242 1236 1428 1287 proclivitas
1447 1236 1488 1270 ad

105 1288 226 1325 malum
246 1319 256 1332 ‚
270 1289 291 1324 fi
302 1289 399 1327 usu&
410 1291 642 1326 exercitatione
658 1289 694 1324 fit
709 1289 858 1337 acquifita
869 1319 879 1334 ,
895 1292 997 1325 virtus
1015 1291 1132 1325 dicitur
1144 1318 1154 1332 ,
1179 1299 1236 1322 aut
1252 1285 1415 1322 vitiofitas.

141 1339 228 1374 Hinc
241 1339 338 1375 virtus
352 1339 422 1374 satis
433 1351 510 1387 apte
522 1338 541 1373 a
553 1340 604 1374 M.
619 1339 732 1374 Tullio
745 1338 930 1375 describitur
941 1368 951 1383 ‚
969 1337 1088 1385 affifflo
1105 1339 1205 1372 animi
1224 1334 1362 1380 constans
1375 1347 1488 1369 conve-

106 1387 266 1433 niensque,
278 1387 457 1423 laudabiles
468 1386 599 1431 efficiens
609 1399 656 1420 eos
669 1393 701 1422 in
713 1386 828 1434 quibus
839 1388 888 1432 est.
910 1390 964 1423 Ex
982 1389 1105 1421 vlrtute
1122 1388 1205 1423 enim
1218 1413 1226 1423 ,
1249 1385 1354 1431 inquit
1366 1411 1375 1425 ‚
1390 1383 1488 1431 profi-

106 1435 400 1480 cxfiunturfhonestae
420 1435 603 1469 voluntates
621 1461 631 1476 ,
638 1436 814 1479 sententiae,
827 1437 959 1471 ammes
972 1463 981 1474 ‚
997 1436 1152 1482 omnisque
1169 1433 1250 1468 νεὲἶα
1263 1434 1343 1466 ratio
1356 1447 1365 1464 .·
1385 1444 1488 1479 quan-

106 1494 203 1528 qnam
225 1484 290 1530 ipsa
308 1485 412 1517 virtus
427 1481 601 1525 brevissime
621 1483 706 1517 νεὲῖα
729 1485 809 1516 ratio
830 1484 895 1517 dici
908 1482 1023 1530 potest.

143 1545 168 1566 2.
185 1533 229 1566 Ex
238 1533 277 1564 iis
292 1531 395 1578 liquet
404 1542 458 1565 aut
473 1533 627 1565 virtutem
640 1531 952 1578 omnemprudentifi
962 1531 1120 1564 contineri
1133 1555 1144 1571 ,
1159 1539 1198 1563 ut
1210 1527 1312 1563 visum
1323 1529 1366 1563 est
1375 1530 1490 1563 Socra-

107 1580 151 1622 ti,
169 1590 225 1614 aut
239 1591 326 1614 certe
342 1592 414 1615 cum
428 1580 594 1627 prudentia
604 1577 664 1612 effe
674 1580 878 1626 conjunctam
889 1607 898 1621 ‚
911 1590 948 1613 ut
962 1577 1146 1612 Aristoteles
1156 1575 1221 1625 ipse
1230 1575 1378 1614 declarat.
1387 1580 1488 1612 Tam-

106 1627 162 1662 etfi
180 1630 267 1664 enim
289 1629 458 1676 prudentia
475 1639 558 1662 inter
577 1630 711 1662 virtutes
729 1626 964 1663 intelleetuales
980 1655 989 1669 ‚
1019 1638 1089 1673 quae
1104 1625 1221 1659 scilicet
1238 1627 1395 1661 rationem
1414 1638 1489 1673 per-

107 1674 266 1720 ficiunt,'&
274 1678 314 1711 ad
328 1688 443 1712 verum
454 1675 607 1725 speciant,
622 1687 811 1710 numeratur
825 1689 833 1710 ε
850 1688 886 1710 ea
897 1687 1007 1710 tamen
1017 1673 1055 1708 fic
1069 1674 1109 1708 ad
1124 1676 1258 1708 virtutes
1271 1674 1407 1709 morales
1420 1687 1490 1723 per-

108 1728 210 1769 tinet,
233 1739 303 1773 quae
313 1725 427 1760 scilicet
453 1727 634 1774 appetitum
647 1723 815 1769 perficiunt
827 1753 836 1767 ‚
853 1726 932 1761 &in
944 1723 1069 1758 bonum
1087 1723 1220 1757 tendunt
1231 1750 1242 1764 ,
1274 1734 1310 1756 ut
1321 1723 1489 1771 prudentia

106 1774 264 1809 destitutae
277 1777 415 1810 virtutes
428 1775 492 1808 dici
506 1772 708 1820 nonpoffint.
721 1774 818 1809 Unde
829 1771 1071 1808 virtus-moralis
1081 1769 1122 1805 ab
1138 1770 1310 1806 Aristotele
1323 1770 1489 1814 definitur,

108 1820 235 1856 habitus
246 1824 393 1857 eleflivus
408 1827 438 1857 in
453 1836 493 1856 ea
512 1822 745 1859 mediocritate,
770 1834 833 1869 quae
846 1821 886 1866 est
905 1822 950 1856 ad
965 1834 1018 1855 nos
1032 1848 1038 1859 ,
1064 1819 1222 1864 confislens
1236 1846 1244 1857 ‚
1259 1817 1279 1851 ὰ
1300 1822 1421 1853 ratione
1434 1820 1488 1854 de-

99 1869 198 1914 finita
209 1898 216 1908 ,
229 1882 322 1920 pron!
337 1873 391 1904 vir
399 1873 539 1920 prudens
557 1869 720 1916 definierit.

143 1920 272 1954 Dicitur
282 1919 410 1954 habitus
422 1949 431 1963 ,
447 1918 532 1968 quod
542 1917 582 1954 sit‘
590 1918 738 1955 constans
749 1948 758 1962 ,
770 1924 803 1955 ἃ(
814 1916 899 1970 bene
913 1918 1042 1967 agendo
1052 1914 1278 1951 confirmetur:
1296 1927 1371 1951 narn
1381 1918 1437 1964 qui
1448 1929 1491 1953 ex

104 1967 226 2002 virtute
236 1979 254 2001 a
277 1970 302 2002 it
317 1997 327 2012 ‚
346 1981 413 2004 non
426 1980 548 2004 temere
560 1997 570 2013 ,
589 1979 657 2003 non
674 1967 841 2003 desultorie
853 1996 862 2010 ‚
874 1979 950 2002 cnon
967 1965 1112 2001 simulate
1121 1994 1131 2008 ‚
1143 1976 1210 2000 non
1221 1963 1290 1998 casu
1300 1969 1333 2000 &
1342 1962 1490 2001 fortuito:

106 2014 160 2049 sed
170 1982 301 2051 confiiio
314 2017 539 2053 &constanter
552 2045 561 2059 ,
584 2022 618 2053 ὃς
633 2015 745 2066 sponte
765 2018 840 2065 agit.
865 2012 916 2050 Est
935 2017 1035 2050 etiam
1051 2014 1177 2049 habitus
1195 2011 1371 2048 declivus:
1390 2025 1490 2061 atque

107 2064 143 2100 in
152 2064 214 2099 hoc
231 2064 272 2099 ab
290 2067 327 2099 iis
346 2068 402 2113 qui
418 2064 649 2101 intellectuales
670 2067 838 2107 dicuntur,
856 2069 890 2101 δὲ
901 2063 943 2099 ab
960 2063 1026 2098 aliis
1040 2090 1050 2105 ,
1062 2062 1083 2097 si
1096 2065 1151 2110 qui
1163 2061 1221 2096 sint
1232 2090 1242 2104 ,
1269 2063 1367 2096 virtus
1383 2074 1492 2097 mora-

107 2111 146 2146 lis
159 2111 355 2162 sejungitur-t
376 2116 416 2149 ad
439 2127 510 2149 eam
533 2114 778 2162 enirn¹spe6tat,
794 2125 830 2147 ut
845 2112 1048 2155 voluntarie,
1079 2110 1180 2146 libere
1193 2139 1203 2154 ‚
1226 2115 1260 2146 &
1275 2122 1313 2144 ex
1330 2110 1492 2146 electione

110 2172 288 2207 operemur.
306 2164 407 2210 Qod
417 2163 504 2197 addit
517 2163 557 2197 de
572 2164 797 2197 mediocritate
815 2161 922 2208 quoad
934 2174 992 2197 nos
1005 2190 1015 2204 ‚
1038 2172 1175 2207 quaeque
1192 2160 1211 2195 :¹1
1225 2159 1393 2206 prudentia
1411 2158 1493 2194 defi-

112 2211 194 2242 nitur
209 2239 218 2252 ,
239 2211 320 2245 infra
338 2210 434 2246 fufius
452 2211 677 2259 explicabitur.
695 2212 830 2245 Interim
841 2210 1053 2245 admonemus
1064 2208 1184 2256 duplex
1198 2210 1228 2242 in
1244 2209 1378 2242 materia
1391 2210 1493 2243 virtu-

115 2257 140 2289 ti
155 2255 444 2304 subjecta‘medium
458 2260 500 2295 ab
519 2261 636 2295 eodem
648 2258 844 2305 Philosopho
863 2257 1006 2305 affignari
1027 2271 1035 2292 :
1054 2269 1154 2291 unum
1171 2258 1239 2299 rei,
1261 2256 1349 2302 quod
1372 2255 1414 2290 ab
1436 2268 1492 2290 ex-

115 2306 223 2338 tremis
231 2308 390 2353 aequaliter
399 2310 494 2343 distat
503 2339 511 2351 ,
530 2309 628 2355 idque
641 2319 736 2342 vocat
747 2306 996 2342 Arithmeticum
1009 2324 1018 2348 3
1040 2315 1076 2339 ut
1091 2306 1335 2339 Geometricum
1346 2303 1423 2339 illud
1435 2305 1493 2347 est,

116 2353 201 2402 quod
211 2353 230 2389 ἐι
241 2357 361 2391 ratione
379 2357 587 2404 praescribitur
607 2372 614 2394 :
638 2369 755 2405 nempe
764 2368 830 2404 quo
842 2366 991 2403 tempore
1001 2383 1010 2399 ‚
1028 2358 1061 2390 &
1072 2352 1185 2400 quibus
1199 2355 1232 2390 in
1243 2351 1337 2388 rebus
1350 2364 1496 2399 oportet;

1268 2403 1299 2436 R
1314 2413 1329 2435 r
1350 2403 1382 2448 iij
