1857 2745
339 151 391 193 326
800 136 1289 175 PHILOSOPH‘IA'

335 195 505 231 audaciam
523 205 560 227 ac
582 191 828 232 temeritatem,
853 186 1184 224 atitaliumaffe&u1n
1196 188 1296 224 animi
1311 187 1368 234 qui
1386 183 1486 235 longe
1508 184 1617 221 aberit
1636 183 1766 221 ὲὲοῐῐί-

339 244 451 280 tudine
477 257 484 278 :
512 254 591 291 ergo
618 238 702 276 nihil
725 237 848 275 neceffe
877 238 923 274 est
939 250 979 274 ut,
997 238 1114 287 justitia
1145 236 1190 273 sit
1207 236 1332 286 semper
1356 248 1428 271 cum
1459 234 1654 271 fortitudine
1681 247 1767 271 con--

343 293 462 342 junClm-
1258 337 1261 339 ‚
1821 314 1823 323 i

381 341 420 376 R,
436 338 477 373 N
481 348 527 386 eg.
538 338 618 385 confi
639 340 709 387 Qi
722 341 811 373 enirn
825 350 863 373 ex
883 340 1190 381 temeritate,aut·ex
1207 334 1273 370 alio
1288 334 1407 371 affectu
1423 333 1443 370 ὲ
1459 336 1583 383 justitiae
1603 332 1771 384 praescrip-.
1822 333 1830 367 ἶ·
1856 353 1857 357 =

343 402 379 425 to
391 402 459 425 non
471 387 594 423 recedit
614 417 624 431 ‚
648 391 672 423 is
694 401 763 424 non
778 388 962 422 constanter
973 416 982 431 ‚
1010 398 1046 422 ut
1058 386 1215 435 perfeetae
1231 387 1360 420 virtutis
1372 388 1455 420 ratio
1468 384 1606 434 postulat
1618 414 1626 428 ‚
1646 390 1678 421 ὅ(
1690 397 1767 433 pru-
1819 400 1823 408 v

347 440 468 473 denter
489 466 499 480 ‚
530 442 564 473 δε
579 438 748 472 moderate
769 439 846 486 agit.
870 439 978 484 Atque
1002 436 1118 471 eadem
1141 437 1305 470 temeritas
1326 463 1336 478 ,
1359 447 1414 469 aut
1433 435 1498 470 alia
1518 436 1618 469 animi
1642 445 1763 482 pertun
1795 439 1799 442 ·
1822 431 1823 434 ’

349 488 451 523 batio
465 487 626 523 interdum
638 484 764 521 efficiet
777 516 785 530 ‚
803 498 838 521 ut
853 487 1005 532 justitiam
1023 485 1122 534 ipsam
1148 483 1286 520 deserat.

388 538 472 585 Opp.
485 550 508 581 3.
521 538 664 571 Virtutes
679 536 746 571 sunt
759 534 881 570 interse
901 536 1082 571 distinetae:
1109 547 1187 583 ergo
1201 546 1262 568 una
1281 532 1388 581 potest
1408 532 1472 568 fine
1496 531 1598 568 altera
1620 532 1780 569 consiste-.-

350 598 385 622 re
401 615 410 630 ,
427 587 475 620 eti
487 599 529 620 rm
546 588 578 621 in
591 586 851 634 stutuperfeetoz
879 598 956 621 nam
975 597 1046 634 quae
1059 587 1142 620 inter
1164 583 1194 619 se
1208 583 1440 630 distinguuntur
1454 611 1464 626 ‚
1481 580 1609 630 potsunt
1627 582 1648 618 ἒι
1664 582 1694 618 se
1715 583 1774 618 in·
1792 594 1793 597 ’

353 638 462 673 vicem
484 634 634 682 separari.
1606 639 1607 646 ¹

391 685 480 730 Resp.
507 685 594 732 Neg-
622 685 737 730 confiq.
762 686 859 720 Nam·
876 686 910 720 in
931 684 1104 732 prudentia
1118 712 1127 726 ,
1151 683 1205 717 seu
1231 683 1267 716 in
1286 681 1374 715 reeta
1393 682 1520 716 ratione
1539 683 1678 717 omnino
1695 680 1781 716 sunt:

353 737 426 782 conj
435 734 541 768 unctae
561 747 568 769 :
589 733 666 768 licet
697 746 794 781 penes
813 736 982 769 materiam
1003 735 1038 767 iis
1063 732 1243 782 subjeetam
1254 730 1484 779 distinguantur
1507 745 1515 766 ε
1539 729 1590 765 sed
1610 731 1688 767 hinc
1701 742 1782 766 nons

354 782 503 830 sequ-itur
514 781 677 831 separatas
691 781 777 832 polse
791 782 950 827 existere,
966 796 1039 819 cum
1056 782 1077 817 ἐι
1092 782 1123 817 se
1142 784 1285 817 invicem
1300 779 1470 827 pendeant
1482 808 1491 823 ‚
1515 779 1628 816 saltam
1646 783 1679 816 in
1688 780 1770 815 statu

359 832 524 881 perfeeto.

395 881 528 926 Instant.
542 883 614 928 Qi
629 895 728 919 unam
752 886 876 920 amittit
896 884 1050 918 virtutem
1067 910 1076 925 ,
1097 894 1164 916 non
1189 878 1346 916 continuo
1368 890 1493 913 caeteras
1517 880 1642 915 amittit
1663 891 1671 913 ε
1691 889 1786 926 ergon

359 943 426 967 non
456 930 527 965 sunt
555 935 640 966 inter
663 932 693 966 se
723 936 917 982 conjuiielzae.
1824 964 1825 970 ,

395 980 488 1029 Resp.
507 982 589 1016 Non
602 984 712 1016 amitti
733 986 872 1017 virtutes
900 980 1007 1028 quoad
1030 978 1164 1013 habitusv
1175 977 1398 1014 famulantes:
1419 977 1469 1014 sed
1490 975 1615 1012 sublata
1624 989 1687 1012 una
1704 978 1806 1019 vir-2

363 1039 434 1063 tute
446 1058 456 1072 ,
474 1031 529 1063 vix
550 1031 734 1078 prudentiae
751 1031 840 1065 locus
853 1029 1045 1077 relinquitur
1060 1056 1069 1070 ,
1092 1029 1124 1062 in
1142 1038 1207 1073 qua
1218 1039 1375 1076 tanquam
1394 1031 1428 1063 in
1442 1027 1549 1061 radice
1563 1025 1692 1061 habitus
1703 1027 1777 1061 vir..

364 1089 473 1112 tutum
503 1080 662 1126 principes
683 1085 929 1129 conjunguntur.
972 1076 1127 1123 Respond
1139 1104 1140 1107 ,
1151 1087 1185 1108 re
1210 1078 1308 1110 ctiam
1326 1076 1484 1124 possumus
1512 1103 1521 1118 ‚
1555 1073 1679 1110 sublata
1709 1087 1785 1110 unas

365 1127 488 1161 virtute
515 1127 653 1173 reliquas
680 1141 747 1163 non
775 1119 846 1162 tolli
869 1127 979 1175 quoad
1002 1126 1175 1160 entitatem
1189 1151 1200 1166 ‚
1225 1123 1280 1158 sed
1307 1123 1469 1172 quantum
1490 1125 1529 1158 ad
1556 1124 1786 1173 perfetstionis-
1825 1166 1827 1178 Q

367 1176 494 1211 statum.
1826 1213 1827 1219 ἵ

406 1224 470 1257 Sed
485 1253 493 1266 ‚
513 1226 659 1271 inquies,
682 1227 716 1260 in
734 1224 897 1261 nonnullis
922 1224 1074 1272 quaedam
1092 1226 1227 1259 virtutes
1248 1221 1413 1258 excellunt
1442 1222 1511 1257 aliis
1526 1222 1689 1258 destitutae
1710 1233 1787 1270 3ut:
1826 1232 1827 1263 ξ

368 1274 402 1307 in
417 1272 603 1309 Alexandro
617 1277 744 1323 Magno
774 1275 933 1309 fortitudo
957 1273 1020 1309 fine
1045 1275 1261 1322 temperantia
1281 1289 1290 1316 5
1313 1274 1348 1307 in
1367 1271 1436 1306 aliis
1452 1283 1566 1307 contra
1583 1283 1771 1322 temperan-

372 1333 418 1356 tia
432 1325 524 1371 viget
535 1335 609 1358 cum
620 1337 740 1372 magna
758 1324 937 1358 timiditate
959 1325 1130 1373 conjunehi
1148 1337 1156 1358 ε
1176 1334 1253 1371 ergo
1272 1323 1429 1356 virtutum
1449 1334 1516 1356 non
1536 1322 1580 1355 est
1589 1333 1680 1357 tanta
1693 1335 1774 1359 con..

373 1374 493 1415 nexio,
513 1375 592 1419 quin
609 1386 672 1408 una
693 1371 757 1408 fine
770 1373 872 1408 altera
882 1374 983 1408 etiam
1002 1375 1035 1408 in
1058 1374 1141 1407 statu
1162 1371 1310 1420 perfeeto
1327 1369 1505 1419 ess'e‘poffita

409 1422 499 1468 Refit.
512 1423 610 1456 Actus
628 1422 831 1457 fortitudinis
844 1422 996 1458 heroicos
1015 1420 1077 1457 else
1090 1419 1176 1470 poffe
1191 1423 1270 1455 citra
1282 1422 1532 1468 temperantiam
1544 1449 1553 1463 ,
1565 1419 1616 1454 sed
1627 1431 1695 1456 turn
1706 1422 1775 1456 for·-

374 1471 482 1505 titudo
493 1483 562 1505 non
575 1472 620 1505 est
630 1471 777 1520 perfecta
790 1501 800 1515 ‚
816 1477 849 1509 &
862 1471 998 1515 stabilis,
1013 1469 1069 1506 nisi
1082 1469 1284 1505 difficultates
1295 1481 1409 1504 omnes
1420 1497 1430 1512 ‚
1447 1481 1515 1504 non
1527 1481 1571 1503 eae
1586 1469 1690 1505 modo
1701 1483 1779 1518 quae.
1828 1469 1829 1476 ¹

374 1531 413 1553 ex
440 1521 570 1567 propria
597 1520 747 1568 cujusque
759 1523 887 1556 virtutis
898 1522 1053 1564 materia,
1080 1519 1133 1554 sed
1146 1522 1246 1553 etiarn
1257 1531 1326 1566 quae
1338 1530 1377 1552 ex
1395 1518 1500 1553 aliena
1519 1521 1665 1555 oriuntur
1677 1548 1688 1563 ‚
1702 1522 1775 1556 vin-

380 1571 410 1602 ci
422 1567 550 1615 possint.
561 1570 662 1604 Unde
676 1570 842 1618 postquam
860 1570 1046 1606 Alexander
1061 1567 1287 1616 voluptatibus
1309 1566 1340 1602 se
1356 1568 1465 1610 dedit,
1478 1567 1705 1604 fortitudinem
1714 1583 1776 1618 po-

377 1617 532 1664 pulariter
552 1617 710 1666 sumptam
724 1633 790 1655 non
813 1619 935 1662 amifit,
953 1618 1007 1654 sed
1023 1621 1123 1665 virtus
1141 1617 1287 1666 perfecta
1311 1615 1372 1651 effe
1387 1616 1478 1652 desiit
1491 1646 1500 1660 ‚
1534 1630 1672 1665 eamque
1689 1617 1780 1654 mul·

378 1677 446 1700 tum
457 1667 591 1714 infregit
609 1670 873 1718 intemperantia.
893 1670 1006 1717 Qare
1026 1671 1059 1703 in
1072 1667 1264 1702 Alexandro
1286 1679 1353 1701 non
1372 1666 1432 1702 fuit
1445 1667 1578 1702 heroica
1593 1666 1776 1717 fortitudo,

376 1714 432 1750 nifi
451 1715 506 1750 sub
523 1716 634 1764 aliquo
643 1717 785 1767 respectu
802 1748 812 1762 ,
835 1732 902 1756 non
913 1718 1097 1767 [impliciter
1111 1722 1145 1754 δι
1155 1714 1301 1751 absolute
1312 1715 1483 1763 perfecta„

411 1767 568 1812 Sequitur*
579 1770 741 1817 praecipua
758 1770 886 1803 virtutis
908 1771 1107 1818 proprietaS,
1135 1764 1224 1813 quod
1243 1767 1395 1800 nimirum
1424 1768 1456 1802 in
1483 1766 1594 1801 medio
1617 1766 1654 1802 fit
1674 1765 1789 1816 posita

378 1817 464 1849 inter
479 1826 622 1850 extrema
642 1818 733 1855 vitia.
753 1819 920 1864 Qiaeritur
935 1820 1048 1865 itaque
1060 1829 1102 1852 an
1114 1815 1194 1850 illud
1210 1817 1301 1850 omni
1315 1816 1428 1850 virtuti
1445 1818 1638 1860 conveniat,
1660 1827 1697 1851 ut
1707 1829 1775 1852 me·-

379 1864 582 1900 diocritatem
594 1865 683 1901 illam
695 1895 705 1908 ,
729 1880 800 1915 quae
813 1870 945 1903 rationis
955 1868 1073 1902 dicitur
1083 1895 1092 1909 ,
1108 1865 1148 1900 fic
1162 1866 1320 1914 attingat,
1332 1876 1369 1898 ut
1383 1867 1416 1901 in
1429 1877 1466 1899 ea
1483 1877 1543 1899 nec
1556 1863 1690 1899 defectu
1701 1877 1779 1914 pem

380 1924 449 1955 cet,
464 1926 522 1949 nec
534 1915 668 1952 excelsu.
688 1917 775 1952 Cum
790 1930 899 1953 autern
913 1917 1030 1965 duplex
1048 1914 1086 1951 sit
1099 1915 1262 1955 medium,
1282 1925 1379 1946 unum
1395 1915 1522 1947 ratione
1543 1912 1632 1947 actus
1645 1914 1776 1949 medio.

381 1964 439 1996 cris
457 1991 466 2005 ‚
484 1963 622 2000 alterum
635 1968 763 2002 ratione
778 1966 868 2017 ipsius
888 1966 1020 2003 habitus
1031 1966 1159 2000 virtutis
1171 1990 1181 2005 ,
1206 1973 1278 2008 quae
1296 1962 1380 1996 inter
1397 1963 1478 1998 vitia
1494 1959 1641 2011 opposita
1662 1964 1785 2001 medio·

382 2010 604 2050 lococonfistit
618 2044 628 2058 ,
646 2016 686 2050 de
701 2028 840 2066 utroque
850 2015 1114 2053 controvertitur.
1143 2013 1193 2047 Sit
1206 2012 1318 2058 itaque

882 2113 1030 2148 Secunda
1042 2112 1214 2159 Conclufio.

426 2213 539 2248 Virtus
552 2213 659 2246 omnis
674 2211 719 2246 est
734 2213 766 2247 in
777 2210 888 2247 medio
900 2210 1000 2260 pofita
1012 2213 1140 2248 ratione
1160 2210 1273 2255 acti⁴153
1298 2223 1334 2246 ac
1350 2209 1370 2246 si
1382 2209 1533 2258 justitiam
1550 2209 1655 2246 stricte
1665 2210 1774 2260 stimp..·

387 2270 455 2295 tam
466 2263 630 2310 exceperis
646 2290 657 2305 ‚
675 2261 805 2308 reliquae
819 2263 954 2296 virtutes
978 2260 1047 2297 sunt
1063 2264 1096 2297 in
1113 2261 1221 2297 medio
1241 2261 1415 2297 constitutae
1433 2259 1614 2295 formaliter
1630 2274 1638 2298 :
1665 2271 1781 2298 utrum·

388 2319 499 2344 autem
515 2308 636 2359 justitia
649 2313 752 2359 excipi
763 2310 884 2346 debeat
896 2340 905 2355 ,
925 2312 965 2345 de
981 2314 1114 2347 nomine
1127 2311 1256 2347 videtur
1279 2308 1503 2346 controverfia.

425 2360 531 2393 Prima
541 2371 610 2406 pars
628 2359 838 2396 conclufionis
856 2359 1011 2409 probatur
1028 2373 1066 2396 ex
1090 2359 1282 2396 definitione
1301 2361 1425 2394 virtutis
1447 2357 1596 2402 moralis,
1627 2370 1698 2405 quae
1726 2358 1774 2393 est'
1853 2393 1856 2402 ,

388 2404 519 2444 habitus
534 2408 691 2447 electivus
704 2412 738 2447 in
754 2411 980 2458 mediocritate
988 2409 1257 2451 consistensNam
1267 2407 1406 2448 versatur
1419 2412 1502 2445 circa
1511 2406 1771 2458 perturbationes
1851 2413 1856 2446 1
