1857 2745
370 137 438 173 DE
480 134 1091 174 PRAEDICAMENTIS.
1385 155 1444 190 147

72 201 132 239 per
140 188 234 224 aliam
246 187 441 222 relationem
455 185 633 221 formaliter
645 184 801 233 sumptam
813 200 820 222 :
833 198 908 221 cum
920 199 958 221 ea
968 200 1033 223 non
1044 186 1081 222 fit
1092 187 1169 236 quid
1179 190 1268 236 prius
1283 217 1292 231 ‚
1306 200 1363 224 aut
1383 204 1445 226 no-

74 241 132 275 tius
150 237 307 273 relatione
325 235 410 284 ipsa,
431 247 500 282 quae
510 235 553 270 est
572 233 777 271 definienda:
796 237 901 272 omnis
917 248 1028 271 autem
1046 248 1193 272 accurata
1209 235 1356 272 definitio
1379 238 1450 275 fieri

73 286 173 323 debet
190 299 246 334 per
257 286 381 333 aliquid
392 285 481 331 quod
498 285 584 332 prius
594 282 630 319 fit
651 287 801 322 &notius
819 297 853 319 re
862 284 994 321 definita
1009 299 1017 321 :
1034 298 1111 335 ergo
1130 288 1285 321 term⁵nus
1302 287 1451 325 formalis

72 349 139 373 non
157 335 326 369 esttelatio
341 332 499 382 opposita.

116 383 264 429 Confi-rm.
278 385 449 419 Terminus
460 394 523 418 una
534 394 608 418 curn
621 381 833 418 fundamento
845 383 887 417 est
897 383 985 418 causa
1001 383 1174 421 relationis,
1185 387 1227 420 At
1237 383 1257 419 fi
1267 387 1335 432 quis
1345 398 1450 434 roget,

71 445 182 479 ἐκεῖ.
196 433 264 467 Cur
278 432 445 480 Philippus
458 430 494 466 fit
509 431 682 467 Alexandri
699 444 790 479 pater
803 461 811 476 ‚
821 434 933 480 inepta
942 433 1168 482 erittesponfio
1181 463 1190 476 ,
1206 435 1295 481 quod
1309 435 1449 469 Alexan-

71 472 186 517 derkfit‘
208 480 288 517 filius
318 481 471 529 Philippi.
500 481 563 516 Sed
577 482 662 514 ratio
680 480 745 528 ipsa
763 494 801 515 ex
824 492 914 529 parte
927 483 1056 516 termini
1068 483 1115 516 est
1130 481 1312 525 afferenda,
1328 496 1448 530 nempe

68 529 354 578 quodAlexander
369 532 496 578 genitus
511 530 608 565 fuerit
620 530 638 565 a
650 529 799 579 Philippo
813 545 821 566 ς
835 542 912 578 ergo
930 529 1036 578 palam
1051 531 1094 565 est
1114 533 1285 566 terminum
1296 545 1361 566 non
1385 531 1447 567 else

68 579 242 616 relativum
254 579 436 616 formaliter
446 607 459 622 ,
469 577 522 615 sed
535 577 785 614 fundamentum
802 576 956 628 oppositae
973 578 1149 616 relationis.
1163 609 1165 612 .

566 661 748 695 Solvuntur
768 659 980 702 objefflonee..

109 727 217 763 Multa
226 727 526 776 solentopponere,
543 740 616 774 quae
635 727 759 761 facilius
778 725 944 770 dissolves,
967 726 988 763 fi
1006 728 1182 765 advertetis
1197 729 1296 765 relata
1317 731 1469 780 quidem*

70 775 230 812 fimuleise
246 788 359 813 natura
370 805 379 819 ‚
394 775 526 812 &fimul
542 777 730 823 cognitione
741 792 750 819 3
762 788 862 810 unum
882 775 975 812 alteri
986 782 1130 826 opponi;
1151 782 1217 815 imo
1235 780 1373 815 relatum
1389 792 1454 816 ter-

70 827 186 861 minari
199 826 239 860 ad
251 824 433 874 oppositum
446 854 455 868 ‚
473 835 509 859 ut
530 836 621 872 pater
636 827 824 860 terminatur
834 826 874 858 ad
888 823 998 863 filium.
1020 828 1080 862 Ista
1090 831 1175 864 enim
1187 842 1262 864 vera
1275 829 1355 873 sunt,
1373 843 1453 877 qua-

70 886 165 910 tenus
175 888 273 910 unum
284 873 349 909 fine
361 872 464 909 altero
475 887 546 910 non
557 872 756 922 cognoscitur
770 902 781 918 ,
797 886 898 922 atque
910 877 993 910 inter
1011 877 1112 913 relata
1131 879 1174 913 est
1189 878 1358 914 riecelsaria
1375 892 1455 915 con-

69 926 176 960 xoexio.
193 925 280 959 Cum
300 925 395 971 igitur

111 974 284 1022 Opponunt
303 974 408 1020 primo
419 1001 429 1015 ‚
441 971 599 1007 Relatum
617 974 809 1008 terminatur
822 972 862 1008 ad
874 972 1071 1024 oppositum,
1091 988 1146 1012 aut
1156 976 1307 1012 definitur
1320 990 1378 1026 per
1395 990 1454 1026 op-

69 1020 207 1068 politum
218 1048 227 1063 ,
237 1019 287 1055 seu
302 1021 492 1055 correlamm
503 1036 510 1057 :
523 1025 604 1070 Ergo
619 1025 772 1057 terminus
785 1023 831 1055 est
844 1025 920 1068 quid
934 1024 1114 1058 relativum.

91 1069 177 1116 Rcsp.
194 1068 405 1104 Relationem
416 1071 583 1104 terminari
594 1071 725 1116 quidem
742 1070 782 1104 ad
798 1070 830 1104 id
841 1072 928 1116 quod
937 1070 1121 1118 oppositum
1136 1072 1238 1112 est,·'&
1255 1072 1427 1109 relativum
1445 1102 1454 1116 ‚

69 1116 199 1153 sednon
211 1117 337 1166 praecise
345 1130 505 1165 quatenus
519 1117 700 1166 oppositum
713 1119 755 1153 est
765 1148 774 1162 ‚
791 1130 849 1152 aut
860 1119 1032 1154 relativum
1046 1133 1053 1155 :
1067 1121 1118 1155 vel
1130 1122 1219 1168 quod
1239 1122 1355 1157 eodem
1371 1126 1452 1157 reci-

69 1166 120 1201 dit
131 1195 141 1210 ,
152 1166 222 1211 dist.
237 1178 339 1202 antec.
363 1166 475 1202 relatio
490 1170 683 1202 terminatur
694 1180 731 1202 ac
748 1166 900 1202 definitur
917 1181 976 1217 per
999 1168 1088 1204 stium
1110 1170 1304 1205 correlatum
1315 1201 1323 1214 ,
1336 1171 1455 1205 funda.

69 1217 271 1260 mentaliter,
283 1217 323 1251 C.
342 1217 531 1263 fhrmaliter
538 1245 549 1260 ,
562 1218 606 1252 N.
617 1218 792 1251 Terminus
807 1219 901 1251 enim
915 1218 958 1252 est
971 1217 1216 1254 fundamentum
1232 1219 1383 1267 opposita:
1398 1233 1451 1254 re-

69 1263 211 1308 lationis,
231 1276 331 1313 atque
340 1265 372 1299 id
387 1270 443 1312 per
457 1265 545 1312 quod
554 1265 670 1300 relatio
681 1264 830 1300 definitur
842 1283 851 1308 3
865 1266 954 1313 quod
965 1279 1038 1302 eam
1056 1271 1210 1302 terminat
1221 1274 1253 1304 ἃ
1273 1267 1346 1303 sistit
1360 1284 1366 1303 :
1388 1282 1449 1302 nec

71 1317 225 1349 terminus
235 1315 279 1348 est
291 1315 331 1348 ad
346 1314 446 1362 ipsum
462 1314 570 1361 ,qnod
581 1315 622 1348 ad
638 1313 722 1348 aliud
735 1314 891 1350 refertur:
911 1327 979 1350 tum
997 1319 1085 1352 enim
1104 1317 1281 1365 snbjefturn
1301 1316 1377 1352 ell'et
1395 1330 1447 1351 te-

70 1361 198 1398 lationis
210 1392 219 1406 ,
238 1376 304 1398 non
315 1364 478 1399 terminus,
500 1364 612 1411 Qare
622 1365 796 1411 paternitas
817 1366 1007 1399 terminatur
1019 1366 1058 1399 ad
1071 1365 1273 1401 substanti-am
1293 1369 1451 1414 genituri,

69 1423 144 1458 quae
154 1413 200 1446 est
216 1412 463 1447 fundamentum
480 1411 654 1447 filiationis:
668 1425 746 1447 nam
755 1442 763 1456 ,
782 1424 817 1447 ut
829 1413 949 1448 dietum
961 1415 1027 1458 est,
1039 1414 1060 1449 fi
1070 1418 1141 1462 quis
1158 1427 1366 1463 roget,quare
1379 1416 1455 1450 Phi-

71 1459 175 1508 lippus
186 1462 228 1495 est
237 1464 330 1496 Pater
343 1460 518 1496 Alexandri
531 1490 540 1503 ‚
553 1473 652 1496 nemo
670 1460 885 1507 responderit,
900 1464 976 1508 quia
989 1463 1175 1499 Alexander
1185 1465 1227 1497 est
1239 1463 1317 1497 filius
1331 1464 1454 1511 Philip-

75 1511 109 1556 pi
126 1523 133 1543 :
149 1508 202 1542 sed
216 1512 292 1555 quia
310 1520 494 1557 procreatus
507 1508 570 1542 fuit
584 1508 604 1542 ἐι
626 1507 788 1555 Philippo.

110 1557 237 1592 Contra
248 1585 258 1599 ,
273 1559 419 1602 inquiunt
433 1584 442 1599 ‚
454 1555 613 1604 oppositio
634 1556 681 1589 est
689 1556 1040 1602 quaedamssterminatio
1053 1573 1062 1598 3
1077 1556 1127 1591 sed
1144 1560 1316 1606 paternitas
1331 1558 1451 1593 forma<

71 1604 148 1640 liter
158 1604 510 1654 opponiturrelationi:
531 1616 608 1651 ergo
620 1604 660 1637 ad
678 1616 751 1638 eam
766 1616 898 1651 quoque
913 1607 1110 1640 terminatur.

119 1655 207 1702 Kasp.
221 1654 303 1699 Dist.
313 1655 423 1688 minor.
436 1655 615 1688 l'aternitis
629 1655 806 1701 opponitur
816 1652 973 1698 filiationi,
989 1665 1027 1690 ut
1036 1653 1195 1690 correlato
1210 1685 1219 1699 ,
1234 1657 1274 1692 C.
1288 1668 1324 1691 ut
1344 1660 1454 1692 termi-
1472 1681 1475 1682 ν

74 1715 119 1738 no
134 1732 142 1747 ,
163 1704 208 1739 N.

112 1751 237 1796 Instant
247 1781 255 1795 ,
266 1751 400 1786 Relatio
411 1750 531 1799 pendet
543 1750 563 1786 ὰ
573 1751 627 1785 suo
639 1751 807 1788 correlato:
823 1764 898 1787 nam
908 1751 971 1787 fine
986 1764 1027 1786 eo
1036 1751 1172 1800 intelligi
1181 1764 1249 1787 rnon
1266 1752 1366 1801 posset
1378 1769 1385 1790 ;
1401 1754 1456 1788 sed

75 1799 117 1834 ab
136 1812 176 1834 eo
187 1801 309 1848 pendet
319 1811 353 1834 ut
368 1799 388 1834 ἐι
401 1801 541 1834 termino
556 1814 563 1835 :
585 1812 662 1849 ergo
675 1803 831 1836 terminus
844 1802 885 1835 est
900 1800 1081 1836 formaliter
1093 1803 1169 1848 quid
1183 1801 1366 1836 relativum.

116 1850 201 1894 Resp.
218 1851 302 1897 Ncg.
315 1850 392 1882 min.
405 1848 528 1895 pendet
540 1851 628 1883 enim
641 1849 775 1884 relatum
787 1849 806 1884 ἐι
820 1849 873 1884 suo
888 1849 1046 1884 correlato
1058 1879 1067 1893 ‚
1077 1850 1165 1897 quod
1184 1851 1266 1883 inter
1284 1862 1458 1898 utrumque
1478 1862 1480 1865 ·

74 1897 111 1933 fit
121 1896 289 1934 neceffaria
298 1898 478 1940 connexio,
492 1907 646 1944 tanquam
659 1899 742 1932 inter
759 1898 825 1932 duo
839 1910 983 1934 extrema
996 1926 1007 1941 ,
1024 1910 1080 1933 aut
1096 1899 1159 1933 duo
1172 1897 1336 1936 relationis
1354 1898 1461 1947 subje-
1479 1922 1482 1924 Δ

75 1949 137 1982 sta.

113 1996 199 2039 Sed,
217 1997 384 2042 inquiunt,
400 1992 515 2030 relatio
530 1995 655 2043 pendet
667 1994 822 2032 duntaxat
842 1995 860 2032 ἐι
878 1995 1094 2032 fundamento
1122 2002 1155 2033 δε
1179 1999 1316 2033 termino
1332 2012 1339 2032 :
1364 2000 1456 2044 atqui

77 2044 270 2080 con-elatum
281 2057 346 2080 non
357 2045 403 2078 est
422 2044 668 2080 fundamentum
682 2060 699 2082 :⁷
711 2058 788 2094 ergo
805 2046 898 2080 restat
914 2056 949 2080 ut
958 2043 994 2079 fit
1006 2048 1170 2082 terminus.

112 2095 202 2140 Refp,
224 2093 303 2138 Dist.
319 2092 519 2137 masur-elatio
534 2095 654 2142 pendet
664 2094 800 2131 soluma
813 2095 1028 2130 fundamento
1049 2100 1083 2132 δέ
1102 2099 1240 2131 termino
1254 2126 1256 2130 .
1271 2107 1305 2129 ut
1319 2094 1342 2130 ‘a
1352 2093 1458 2139 causis,

78 2154 148 2189 quae
165 2141 364 2190 illi'speciern
378 2148 412 2179 &
424 2153 569 2178 naturam
580 2142 746 2187 tribuunt,
762 2145 802 2180 C.
822 2155 858 2178 ut
877 2142 919 2177 ab
942 2146 1095 2179 extremis
1111 2158 1178 2191 quse
1194 2143 1261 2179 sunt
1280 2143 1437 2178 correlata
1450 2173 1461 2188 ,

80 2192 124 2226 N.
138 2203 210 2226 nam
226 2203 339 2239 praeter
351 2190 594 2226 fundamentum
609 2198 641 2229 &
661 2195 834 2228 terminum
851 2192 920 2227 sunt
934 2196 975 2227 eti
987 2206 1032 2228 im
1045 2205 1188 2227 extrema
1204 2193 1366 2227 relationis
1387 2206 1456 2235 qua:

82 2236 151 2272 sunt
163 2242 326 2284 reciproca
337 2269 345 2282 ,
361 2245 394 2276 ὃ(
413 2238 497 2274 simul
518 2253 647 2277 natura:
664 2252 698 2275 ut
712 2251 804 2289 pater
818 2247 852 2279 δε
867 2240 969 2286 filius,
980 2245 1012 2277 in
1027 2241 1145 2288 quibus
1158 2253 1315 2289 tamquam
1332 2243 1365 2276 in
1379 2240 1457 2276 sub-

80 2287 172 2334 jectis
187 2287 295 2322 insunt
307 2287 455 2336 oppofitae
468 2288 652 2326 relationes.

121 2335 206 2382 Opp.
219 2344 262 2370 2‘2.
284 2338 395 2372 Unum
406 2337 541 2373 relatum
558 2339 759 2388 cognoscitur
777 2351 833 2388 per
850 2339 936 2374 aliud
949 2355 957 2376 ε
972 2339 1040 2374 sunt
1054 2343 1139 2374 enim
1161 2339 1250 2375 simul
1263 2342 1462 2390 cognitione,

82 2381 136 2418 sed
152 2382 264 2418 relatio
281 2384 429 2421 definitur
442 2399 500 2435 per
512 2390 690 2425 >terminum
704 2403 712 2425 ι
736 2401 813 2438 ergo
828 2390 981 2424 terminus
998 2388 1042 2423 est
1058 2388 1217 2426 relativus.
1234 2417 1238 2421 .

1203 2439 1248 2473 Tr
1278 2440 1298 2483 ij
