1857 2745
384 148 450 203 ²40
800 147 1337 194 *PHILOSOPWHIA
1624 193 1626 196 y

370 197 372 200 ’
431 205 590 248 Uterque'
599 198 719 234 rursum
740 199 771 233 in
790 199 891 232 varias
911 196 1030 246 species
1041 198 1148 232 diduci
1161 198 1267 246 potest
1279 227 1289 241 ‚
1305 198 1382 232 utin
1399 197 1778 245 primarium‚quem‘pet

386 251 418 285 se
433 256 467 288 &
480 248 584 298 primo
601 247 696 283 nobis
712 247 923 296 proponimus
943 264 952 291 3
981 251 1016 283 &
1041 245 1284 289 secundarium,
1303 258 1401 293 quem
1429 243 1564 280 secundo
1591 245 1680 281 velut
1706 246 1779 280 loco

382 298 399 333 s
393 301 558 348 pectanius
575 313 582 334 :
599 296 726 332 Verum
745 296 793 330 his
806 300 840 332 &
850 295 920 329 aliis
932 309 1005 343 quae
1023 295 1174 331 omnibus
1191 295 1260 331 sunt
1273 294 1372 330 obvia
1383 293 1609 342 praetermiffis.

408 362 444 394 4.
457 350 539 383 Finis
553 348 710 396 praecipua
725 343 836 379 divisio
857 344 903 378 est
918 347 952 379 in
971 345 1120 379 ulti-mum
1131 374 1139 388 ‚
1153 350 1187 382 δέ
1207 344 1433 379 intermedium
1450 372 1459 386 ‚
1483 342 1534 378 seu'
1551 343 1777 389 interjed'turn·:

374 396 432 432 ille
452 398 498 432 est
508 397 548 431 ad
561 408 662 444 'quern
673 394 779 441 aliqua
790 393 828 428 sie
843 394 1033 431 ordinantur
1047 423 1062 437 ,
1074 405 1120 428 ut·
1132 392 1196 443 ipse
1215 393 1344 428 ulterius
1364 405 1431 427 non
1450 392 1607 427 referatur
1634 408 1642 434 ;
1658 389 1779 438 quippe

374 444 431 481 vel
443 447 491 486 est
510 445 640 484 ultimus
653 443 835 492 simpliciter
846 471 854 484 ‚
869 453 904 476 ut
922 442 1060 490 felicitas
1071 456 1143 490 quae
1156 443 1199 478 est
1211 445 1358 478 omnium
1369 440 1480 476 finium
1502 440 1580 476 finis·
1596 459 1604 484 3
1630 451 1705 475 nam
1723 439 1778 473 alii

373 492 542 533 ornnes‘a'd
555 487 748 529 euiii’fin'em
761 492 943 526 referuntur
958 492 1040 528 :⁴vel
1054 491 1184 527 ultimus
1197 490 1374 527 secundem
1392 491 1469 537 quid
1484 519 1493 534 ‚
1515 493 1541 525 is
1559 500 1678 532 nempe
1692 501 1703 531 ¹,
1721 491 1779 535 qui

373 546 408 578 in
421 543 475 579 suo
484 556 604 594 genere
615 543 658 576 est
670 541 805 576 ultimus
822 556 829 575 :
848 551 883 574 ut
895 539 1073 576 sanitas-est
1090 541 1256 576 medicinae
1272 539 1342 576 finis
1357 539 1485 575 ultimus
1502 557 1510 584 3
1525 538 1651 575 tametsi
1666 540 1697 572 in
1712 536 1778 572 alio

371 605 494 642 genere
523 592 654 627 ulterius
683 591 795 625 referri
826 587 931 638 possit,-

432 642 516 677 Finis
532 641 740 677 intermedius
752 642 796 673 ita
812 651 869 687 per
885 637 915 672 se
931 640 1093 687 expetitur
1104 667 1114 682 ‚
1138 648 1175 672 ut
1196 638 1236 671 ad
1253 637 1350 672 alium
1370 636 1471 673 finem
1485 637 1642 672 referatur
1662 649 1670 670 ε
1692 635 1778 670 unde

374 703 449 726 cum
459 691 643 734 medinm:
655 685 855 737 eloquuntur,
874 699 1079 736 comparatus
1095 714 1103 730 ,
1129 686 1199 721 finis
1214 686 1349 721 dicitur:
1371 686 1423 720 sed
1437 700 1512 721 curn
1531 684 1695 721 nobiliore
1713 683 1778 720 fine

372 740 510 777 collatus
525 769 535 782 ‚
547 739 629 775 boni
649 750 773 774 tantum
788 736 873 771 utilis
885 766 893 780 ,
912 745 967 772 aut
979 737 1079 771 medii
1093 738 1255 783 interjecti
1271 734 1372 770 habet
1386 737 1560 772 rati-onem.
1581 737 1633 769 Sic
1647 734 1774 776 sanitas,

375 787 502 832 honor,
520 787 612 823 bona
627 794 718 823 mens
733 789 862 830 ,wirtus
874 786 938 833 ipsa
953 815 962 829 ,
984 784 1075 820 bona
1094 784 1166 819 sunt
1177 789 1210 821 &
1227 783 1374 832 persea-a
1392 798 1400 820 ε
1415 782 1467 817 sed
1481 797 1519 818 ea
1532 795 1644 820 tamen
1667 783 1707 816 ad
1726 783 1778 817 fe-

374 836 537 873 licitatem
553 837 706 873 tendunt-¹:
727 848 826 882 quam
840 836 961 869 idcirco
972 832 1157 869 Aristoteles
1171 846 1237 867 non
1248 835 1331 868 iuter
1346 845 1395 867 res
1411 845 1481 879 quae
1491 832 1560 869 sunt
1573 829 1752 866 laudabiles
1762 846 1777 875 ·‚

375 892 463 934 cujus
476 889 602 932 generis
616 885 684 920 sunt
697 897 745 919 res
759 883 910 932 praeclare
932 884 1030 932 gestae
1042 911 1050 922 ,
1075 888 1109 919 &
1124 884 1258 915 virtutes
1282 881 1355 930 ipsae
1370 898 1379 924 3
1399 880 1450 915 sed
1463 884 1545 916 inter
1556 878 1777 924 honorabiles,

373 933 428 969 seu
446 926 530 969 finiet
545 936 759 970 veneratione
773 933 883 980 dignas
897 933 1063 966 constituit
1079 945 1087 965 z
1110 930 1157 964 his
1170 933 1292 979 quippe
1309 943 1410 978 majus
1428 930 1583 978 quiddam
1592 927 1775 977 quanilaus
1794 952 1797 957 -

376 983 514 1020 debetur
528 1014 539 1028 ,
556 984 666 1023 ‚honor
690 980 853 1019 videlicet
866 985 899 1017 δε
920 979 1154 1015 observantia„
1636 982 1638 984 ’

886 1065 975 1110 QU
999 1067 1038 1099 AE
1059 1066 1079 1098 s
1099 1065 1130 1098 τ
1154 1066 1166 1097 r
1189 1064 1224 1098 o
1264 1065 1316 1101 11.

605 1145 737 1180 Utrum
754 1142 797 1179 &⁴
812 1144 963 1193 quomodo
982 1146 1087 1179 omnia
1108 1155 1211 1194 agant
1224 1155 1355 1194 propter
1362 1145 1460 1191 finem
1477 1145 1509 1177 .‹''

372 1239 374 1242 ·
455 1228 493 1263 Es
503 1239 617 1264 omnes
630 1229 662 1262 in
674 1225 791 1274 triplici
807 1225 877 1261 sunt
887 1236 1010 1276 ‘genere
1021 1227 1367 1273 constitutae3quaedam
1386 1228 1490 1261 omnis
1504 1225 1607 1262 sensus
1622 1231 1655 1263 ὃ(
1667 1228 1782 1276 cogni-'

443 1279 554 1312 rionis
571 1277 641 1312 sunt
651 1287 815 1324 expertes‚·
835 1274 904 1311 aliae
915 1290 980 1312 non
991 1274 1078 1311 sensu
1086 1275 1188 1311 modo
1203 1305 1208 1313 .
1221 1275 1273 1310 sed
1285 1282 1317 1312 δε
1333 1287 1443 1311 mente
1458 1276 1597 1324 praedirae
1609 1274 1690 1320 sunt;
1703 1276 1773 1312 aliae

377 1325 513 1361 demum
529 1324 616 1361 sensu
633 1326 794 1359 donantur
811 1353 820 1368 ‚
846 1323 901 1360 sed·
918 1336 1031 1360 mente
1048 1329 1082 1361 δεῖ
1097 1326 1221 1359 ratione
1230 1325 1457 1360 destituuntur.
1476 1328 1528 1360 De
1537 1322 1663 1373 singulis
1673 1337 1773 1374 agen-

374 1375 453 1410 dum
467 1404 478 1420 ‚
502 1388 539 1410 ac
550 1374 780 1410 discutiendum
792 1372 889 1410 nob'is
905 1375 950 1410 est
962 1385 1029 1422 'quo
1048 1373 1110 1408 illae
1127 1374 1229 1409 modo
1247 1387 1381 1423 propter
1395 1373 1495 1409 finem
1515 1384 1708 1422 operantur.-
1756 1387 1758 1389 ·

708 1462 1093 1499 ARTICUOEUS
1147 1464 1408 1498 PRIMUS.

447 1526 603 1574 Qomodo
626 1537 673 1559 res
693 1523 732 1561 ά
755 1528 869 1562 mentis
881 1536 1053 1574 compotes,
1083 1525 1122 1561 ά
1150 1539 1213 1573 qnae
1224 1528 1320 1562 omnis
1330 1529 1523 1576 fhnfltsfimt
1533 1535 1676 1577 expertes

868 1585 969 1625 agant
987 1575 1237 1625 propter-finem.
1253 1602 1257 1608 ,

371 1662 577 1747 ΡΚὶιῃῦιη
597 1665 731 1712 quidem
755 1667 878 1701 nemini
899 1664 1037 1700 dubium
1058 1665 1121 1709 est,
1143 1668 1225 1713 quin·
1240 1667 1341 1702 homo
1356 1671 1388 1702 &
1401 1678 1498 1713 agens
1518 1675 1618 1701 omne
1636 1666 1770 1702 diano‘c'a

441 1714 541 1748 ticum
562 1722 695 1762 propter
712 1715 813 1750 finem
835 1726 989 1762 operetur
1002 1743 1012 1757 ‚
1044 1715 1144 1762 idque
1163 1716 1263 1749 modo
1283 1713 1540 1764 perfeffiffinio:
1571 1727 1643 1750 cum
1667 1715 1769 1752 homo

371 1760 472 1795 finem
488 1762 662 1811 cognoscar
680 1763 768 1800 suurn
785 1793 794 1807 ,
819 1776 880 1799 nec
898 1761 1002 1798 solum
1026 1762 1177 1799 bonitate
1195 1763 1281 1799 illius
1299 1793 1309 1808 ‚
1334 1776 1389 1799 aut
1406 1764 1610 1813 jucunditate
1627 1766 1768 1812 quadam

368 1809 526 1845 alliciatur
537 1840 547 1854 ‚
571 1810 622 1846 sed
639 1815 737 1848 etiam
746 1812 846 1849 finem
861 1824 898 1847 ut
914 1812 986 1848 finis
997 1814 1058 1855 est,
1073 1825 1172 1860 atque
1187 1825 1223 1847 ur
1241 1814 1419 1861 loquuntur
1430 1842 1439 1856 ‚
1461 1812 1643 1848 formaliter
1654 1816 1768 1849 animo

368 1859 604 1907 complectatur
620 1877 628 1903 3
654 1875 727 1910 quae
747 1862 829 1897 illius
842 1860 1060 1897 consecutioni
1075 1863 1200 1905 media,
1220 1875 1258 1896 ac
1271 1862 1362 1897 velut
1374 1863 1574 1896 instrumenta
1593 1863 1698 1908 aptari
1710 1863 1768 1897 de-

368 1906 470 1943 beant
483 1925 492 1952 ς
508 1913 672 1956 quae'ratio
681 1923 736 1946 aut
751 1912 1013 1959 proportiointer
1023 1911 1130 1944 media
1144 1909 1285 1946 &finem
1304 1921 1448 1944 occurrat
1462 1938 1471 1952 ,
1494 1911 1628 1945 omnino
1647 1910 1768 1960 perspi..

367 1958 450 2000 ciat;
471 1969 507 1992 ac
520 1959 654 1993 demum
667 1972 738 2007 quae
756 1960 825 1995 finis
838 1960 1006 2006 adeptioni
1016 1958 1108 1992 utilia
1125 1956 1194 1993 sunt
1211 1986 1221 2000 ‚
1243 1957 1343 2007 eligat
1356 1963 1389 1994 ὃ(
1403 1957 1604 2007 praescribat,
1618 1957 1715 2007 seque
1724 1961 1767 1995 ad

365 2007 530 2054 agendum
547 2009 907 2043 omninodeterminet,
935 2005 1166 2053 Quamobrem
1186 2006 1266 2042 illud
1280 2018 1398 2056 negare
1418 2021 1483 2042 non
1508 2005 1666 2056 possumus
1683 2011 1765 2056 quin

366 2054 469 2090 homo
482 2061 515 2092 δε
527 2069 625 2091 omne
635 2069 733 2105 agens
743 2068 856 2091 mente
874 2056 1044 2105 praedirum
1066 2055 1166 2091 finem
1180 2055 1237 2090 sibi
1261 2057 1300 2090 ad
1318 2056 1480 2104 agendum
1500 2057 1674 2103 praestituat
1698 2074 1708 2102 ς
1729 2061 1764 2094 in

366 2105 608 2152 eum-quidquid
628 2109 712 2154 agit3
744 2106 860 2154 dirigat
874 2134 883 2148 ,
915 2110 949 2141 &
965 2104 1198 2152 perfestiffimo
1221 2105 1322 2140 modo
1345 2116 1478 2153 propter
1490 2104 1588 2141 finem
1603 2118 1763 2154 operetur.

399 2153 547 2188 N-eillud
558 2155 691 2202 quidem
705 2153 841 2189 inficiari
859 2155 930 2201 quis
945 2156 1068 2202 poterit
1080 2184 1090 2198 ,
1120 2166 1168 2188 res
1187 2166 1300 2189 onmes
1322 2153 1423 2189 sensus
1437 2166 1586 2202 expertes
1607 2157 1642 2191 in
1661 2154 1762 2192 finem

366 2203 574 2248 praestitutum
597 2202 641 2237 ab
666 2204 811 2239 Authore
829 2214 952 2238 naturae
969 2232 978 2246 ,
1001 2215 1039 2238 ut
1063 2203 1211 2252 sagittam
1233 2205 1264 2240 in
1286 2202 1413 2251 scopum
1430 2203 1449 2239 ὲι
1469 2203 1630 2253 sagittario
1643 2205 1764 2253 dirigi,

366 2261 432 2284 non
448 2262 571 2286 temere
583 2258 616 2289 &
628 2252 766 2288 fortuito
782 2263 884 2301 agere.
908 2252 1009 2301 Qd
1020 2253 1160 2287 melioris
1180 2264 1262 2288 notae
1277 2251 1460 2301 Philosophi
1473 2266 1586 2289 contra
1597 2256 1654 2290 Em
1699 2254 1762 2288 do-

364 2296 659 2347 cleui&Epicurum
671 2305 765 2337 variis
777 2303 975 2351 argumentis
987 2301 1338 2337 demonstrarunthum
1355 2313 1464 2336 autern
1475 2302 1533 2348 hec
1542 2301 1642 2351 disqui
1670 2305 1717 2338 tio
1725 2301 1762 2338 sit

364 2346 495 2382 alterius
511 2348 830 2393 loci‚illud‘duntaxat
840 2351 996 2385 adnotare
1005 2349 1149 2395 sufficiat,
1158 2351 1247 2398 quod
1259 2349 1352 2385 fufius
1365 2351 1548 2387 Aristoteles
1561 2363 1674 2386 contra
1685 2355 1761 2388 Em.

363 2395 535 2441 pedoclem
552 2397 775 2449 prosequitur,
795 2412 939 2438 naturam
967 2399 1090 2449 semper
1114 2401 1368 2445 eodemmodo,
1394 2413 1501 2450 eoque
1513 2400 1615 2450 quem
1629 2403 1758 2449 optimo

1630 2455 1664 2487 &
1678 2460 1757 2484 con-
