1857 2745
441 159 462 179 0
855 141 879 174 Ρ
899 136 935 171 Η
956 137 971 171 1
993 135 1021 171 L
1042 138 1077 174 O
1097 139 1118 173 S
1135 139 1170 174 O
1196 139 1221 174 P
1241 135 1278 173 H
1300 139 1315 172 1
1337 137 1366 173 A

401 147 457 239 szlssis
473 189 594 236 justieiae
612 203 622 222 .·
645 201 684 222 ex
702 199 763 235 quo
778 186 984 232 ostenduntur
1003 189 1100 222 etiam
1114 197 1239 236 peccato
1267 188 1396 221 minime
1427 185 1558 234 potuiffe
1572 213 1583 230 ,
1605 185 1666 232 m‘fi
1685 187 1753 222 ntia
1769 187 1809 222 li.
1850 175 1852 186 ¹

410 241 532 276 bertate
540 239 678 283 ftrvire.
694 234 803 270 Liberi
827 248 900 285 ergo
918 233 939 270 >r
956 233 1084 282 justitia
1104 249 1165 271 non
1168 237 1249 282 sunt
1267 236 1326 282 nifi
1342 232 1478 268 arbitrio
1493 235 1692 271 volumnum
1719 233 1813 276 liberi

410 299 517 322 autem
533 285 554 320 ἂ
570 296 695 335 peccato
709 283 864 330 nonfiunt
874 313 883 324 ‚
905 282 1082 333 nifigratii
1094 285 1293 321 Salvator-is.
1307 286 1416 330 Atque
1428 294 1462 317 ut
1475 295 1543 318 uno
1562 282 1664 318 verbo
1675 284 1750 319 huic
1767 283 1812 320 lo„

407 349 448 371 co
460 334 561 372 &alis
574 333 783 382 respondeam
803 350 812 377 3
833 333 934 368 homo
953 333 1121 381 peccando
1133 334 1275 381 perdidit
1295 332 1434 367 liberum
1447 331 1616 367 arbitrium
1639 331 1815 369 secundum

411 385 489 432 quid
509 413 518 427 ,
538 383 695 418 summam
711 385 863 417 nimirum
882 382 966 416 bene
975 382 1094 430 agendi
1110 382 1321 425 facili-tatem3
1338 394 1403 416 non
1415 380 1596 429 [impliciter
1613 386 1644 417 δέ
1658 381 1815 426 absolute,

411 431 497 481 quasi
508 444 619 467 natura
632 431 729 466 liberi
743 431 869 465 arbitrii
884 431 1040 467 destrusta
1055 430 1163 467 fuerit.
1190 433 1293 466 Simili
1312 433 1438 464 ratione
1455 430 1535 464 illud
1552 442 1762 479 pervagatum
1777 432 1818 468 S,

371 508 374 509 γ
413 482 584 524 Augustini
598 479 721 515 dissolvi
735 481 839 528 potest
856 510 865 524 ‚
882 480 1052 515 hominem
1077 479 1199 528 lapsum
1223 493 1262 515 ex
1283 482 1374 529 gravi
1392 477 1575 514 necessitate
1595 492 1725 527 peccare
1742 494 1750 515 :
1767 482 1815 516 Ex

413 522 506 580 gra‘vi
518 559 528 574 ,
543 532 674 577 inquam
690 559 700 573 ‚
715 528 900 564 necessitate
926 529 1043 564 morali
1058 558 1068 572 ‚
1096 530 1185 576 quod
1211 542 1294 579 :egre
1322 531 1448 577 peccati
1477 527 1636 563 illecebris
1664 526 1791 563 obsistat
1805 543 1820 571 ·,

414 593 481 615 non
494 591 532 613 ex
545 577 733 614 necestitate
743 577 873 626 Physica
884 584 917 615 ὅ(
928 576 1141 614 ineluctabili.

453 629 537 676 Opp.
552 643 578 666 2.
596 631 639 663 Ex
650 627 804 675 Apostolo
814 656 822 670 ,
838 641 898 662 non
912 627 952 673 est
963 628 1122 663 volentis,
1136 639 1237 674 neque
1248 625 1675 672 currentis‚fidmis'erentis
1689 625 1728 672 est
1737 625 1816 660 Dei*
1843 622 1846 654 l

416 689 492 725 ergo
509 676 596 711 nulla
613 676 657 711 est
674 678 706 710 in
725 676 858 711 homine
885 676 926 710 ad
950 676 1071 711 bonum
1089 675 1202 711 saltem
1215 705 1224 719 ‚
1241 675 1387 711 libertas.
1811 676 1814 679 ’
1843 688 1844 692 ’

449 726 622 769 Respondet
639 724 762 760 sanetus
774 725 919 761 Thomas
931 754 941 769 ‚
963 738 1036 760 erim
1047 724 1192 773 Apostoli
1208 725 1317 760 locum
1331 738 1398 760 non
1414 727 1459 759 ita
1478 721 1539 759 esse
1556 721 1825 772 intelligendum,

420 772 508 822 quasi
522 773 622 809 homo
634 773 715 808 velit
726 803 734 817 ‚
752 780 786 811 &
797 787 864 810 non
879 786 983 809 currat
996 773 1103 809 libero
1114 772 1249 808 arbitrio
1267 787 1283 809 :⁷
1297 773 1350 808 sed
1364 776 1440 821 quia
1450 771 1588 807 liberum
1602 771 1769 807 arbitrium
1777 772 1822 806 ad

420 823 484 859 hoc
499 836 565 857 non
587 823 629 857 est
647 821 804 858 sufficiens
815 852 825 867 ,
845 821 902 858 nifi
913 834 1084 858 moveatur
1095 852 1105 866 ,
1116 822 1314 871 &juvetura
1327 825 1413 858 Deo.
1431 825 1542 867 Itaque
1552 820 1701 869 distingui
1714 820 1821 868 potest

421 871 652 919 consequentia
666 872 785 906 :homo
794 885 860 907 non
870 872 913 906 est
929 871 1013 906 liber
1022 872 1063 905 ad
1075 871 1200 907 bonum
1218 870 1453 919 supernaturale
1472 868 1534 903 fine
1554 872 1618 903 Dei
1634 871 1756 918 gratia,
1773 870 1825 905 C„

421 921 462 954 ad
475 919 600 955 bonum
611 920 731 955 ordinis
744 919 947 961 naturalis,&
960 921 1001 954 ad
1010 921 1154 954 astiones
1169 919 1290 962 civiles,
1301 932 1355 954 aut
1372 921 1472 954 etiam
1489 918 1527 951 ad
1539 915 1625 952 bene
1637 918 1817 966 agendum,
1842 920 1843 925 ’

424 967 500 1003 cum
511 969 620 1003 divin&
637 970 739 1018 grati&
748 969 916 1017 adjuvatur
933 998 944 1012 ,
961 971 1009 1005 N.
1022 969 1110 1004 Hinc
1122 970 1152 1002 S.
1163 969 1289 1017 August.
1304 968 1377 1003 loco
1386 970 1486 1002 citato
1498 965 1631 1012 loquens
1645 967 1686 1000 de
1695 969 1815 1015 impro·

423 1016 482 1052 bis.
500 1019 569 1052 Sed
581 1018 657 1056 hm,
673 1020 797 1065 inquit,
818 1020 971 1052 voluntas
983 1045 993 1057 ‚
1018 1030 1083 1064 qnae
1100 1016 1202 1051 libera
1220 1017 1261 1062 est
1284 1020 1316 1052 in
1331 1019 1445 1055 malis,
1473 1015 1550 1062 qnia
1562 1015 1736 1050 deleantur
1755 1028 1821 1050 ma-

426 1066 468 1098 lis
485 1093 493 1102 ,
510 1066 578 1100 ideo
597 1065 700 1100 libera
717 1070 749 1100 in
762 1065 848 1099 bonis
859 1080 917 1100 non
934 1066 975 1111 est
991 1093 999 1104 ‚
1022 1067 1100 1112 quia
1120 1064 1258 1098 liberata
1272 1079 1333 1099 non
1350 1065 1401 1109 est.

464 1114 547 1160 Opp.
564 1129 585 1157 3.
598 1114 681 1147 Illud
694 1113 843 1161 Apostoli
854 1115 956 1148 Rom.
969 1128 998 1157 7.
1023 1115 1101 1146 Non
1120 1114 1284 1159 quodvolo
1300 1112 1412 1147 bonum
1427 1141 1435 1152 ‚
1462 1112 1516 1147 hoc
1529 1111 1638 1156 fizcio3
1656 1112 1716 1158 fid
1734 1111 1828 1159 quod'

430 1160 484 1194 odi
502 1163 622 1195 malum
634 1189 643 1203 ,
665 1161 720 1195 hoc
738 1174 797 1209 ago
808 1176 817 1194 :
835 1160 888 1195 sed
899 1163 955 1208 qui
975 1161 1007 1195 id
1023 1161 1112 1208 quod
1124 1161 1195 1196 vult
1205 1174 1269 1197 non
1285 1162 1384 1206 facit,
1403 1167 1435 1199 δε
1451 1161 1547 1208 quod*
1559 1174 1625 1196 non
1644 1160 1714 1197 vult
1723 1160 1823 1205 facit,

430 1211 456 1243 is
467 1208 549 1244 liber
571 1211 711 1246 d'icinon
723 1210 846 1259 potest:
864 1222 942 1258 ergo
959 1209 1049 1245 nulla
1063 1212 1095 1244 in
1106 1209 1241 1245 homine
1262 1223 1373 1246 manet
1393 1210 1536 1246 libertas.

462 1259 651 1306 Responderi
662 1259 766 1307 potest
783 1274 801 1294 1.
819 1257 1154 1293 eandemadhibendo
1165 1259 1408 1295 distinetionem-
1423 1260 1462 1294 de
1485 1257 1636 1293 libertate
1657 1258 1794 1294 naturali
1811 1287 1822 1303 ,

429 1312 463 1344 ὃ(
473 1319 510 1341 ea
520 1320 591 1354 quae
600 1309 713 1343 dicitur
725 1308 744 1343 a
753 1320 899 1356 peccato,
917 1317 949 1344 2⁰
964 1308 1000 1342 Id
1013 1320 1146 1355 quoque
1164 1307 1354 1357 intelligitur
1373 1310 1414 1343 de
1434 1309 1545 1357 primis
1565 1307 1839 1355 concupiscenu'ae,

432 1355 578 1391 motibus
593 1387 606 1401 ‚
620 1359 677 1404 qui
693 1369 757 1392 non
777 1356 848 1391 sunt
861 1359 892 1391 in
912 1358 1014 1392 nostra
1026 1357 1189 1405 potestate
1203 1386 1213 1400 ,
1237 1370 1342 1403 neque
1355 1357 1448 1393 nobis
1469 1367 1506 1392 ut
1519 1367 1650 1403 peccata
1661 1359 1840 1405 imputan-v

434 1417 494 1440 tur.
507 1407 606 1442 Unde
617 1406 744 1452 subjicit
759 1406 933 1454 Apostolus
947 1435 956 1450 ,
967 1406 996 1451 fi
1009 1406 1094 1452 quod
1110 1407 1198 1442 nolo,
1222 1406 1277 1440 hoc
1286 1406 1372 1450 βιοῖο
1391 1435 1397 1443 ,
1412 1410 1482 1450 jam
1502 1418 1563 1439 non
1590 1417 1643 1453 ego
1659 1414 1768 1453 operor
1785 1407 1826 1440 il·
1838 1428 1842 1452 ι,

435 1454 494 1488 lud
504 1483 513 1497 ‚
528 1455 588 1500 [ἑά
609 1456 695 1501 quod
710 1453 839 1488 habitat
857 1457 889 1488 in
907 1467 955 1488 me
969 1464 1132 1501 peccatum
1145 1482 1154 1492 ,
1183 1454 1245 1488 hoc
1268 1454 1312 1488 est
1328 1453 1595 1502 concupiscentia,
1613 1465 1684 1499 quae
1697 1466 1770 1488 cum
1783 1466 1823 1488 ex
1838 1478 1841 1488 Δ

435 1504 542 1550 primo
553 1503 691 1537 hominis
707 1513 841 1550 peccato
852 1515 958 1536 ortum
971 1502 1099 1535 duxerit
1109 1530 1118 1544 ,
1145 1514 1249 1549 eaque
1265 1501 1301 1536 fit
1311 1503 1401 1537 causa
1417 1502 1451 1540 ’δε
1466 1501 1555 1537 velut
1564 1511 1666 1536 mater
1675 1513 1839 1549 peccato-¹

434 1553 548 1585 rumin
562 1564 632 1598 quae
653 1553 837 1586 incurrimus
851 1580 862 1594 ,
890 1550 932 1585 ab
951 1549 1107 1598 Apostolo
1122 1562 1288 1598 peccatum
1304 1554 1495 1587 nominatur.
1524 1551 1633 1595 Qiare
1655 1550 1688 1584 id
1712 1549 1840 1586 stirme-v

437 1601 496 1634 &it
516 1599 682 1647 Apostolus
694 1629 703 1643 ,
728 1601 820 1645 miser
840 1613 895 1648 ego
916 1605 923 1635 !
944 1601 1017 1646 quis
1030 1597 1179 1634 liberabit
1195 1601 1292 1634 mede
1304 1611 1427 1649 corpore
1444 1599 1674 1643 morfishnjus,
1691 1599 1730 1634 id*
1743 1601 1786 1635 est
1805 1599 1828 1636 ὲ.

435 1649 515 1683 duro
528 1648 794 1697 concupiscentiae
802 1652 881 1698 jugo
896 1657 906 1684 Ξ
927 1654 961 1686 δε
973 1648 1079 1683 statim
1092 1647 1263 1697 respondet
1275 1648 1341 1697 ipse
1353 1647 1433 1694 fibi,
1448 1651 1561 1698 gratia
1576 1649 1642 1681 Dei
1653 1659 1713 1697 per
1720 1645 1827 1697 Jefim·

439 1699 469 1730 C
471 1697 611 1740 hristum.

474 1747 560 1793 Opp.
572 1761 604 1792 4„
617 1746 777 1781 Voluntas
800 1744 973 1780 necessario
990 1746 1132 1794 sequitur
1143 1745 1289 1781 ultimum
1307 1749 1423 1782 mentis
1435 1746 1591 1796 judicium
1616 1759 1624 1780 ε
1646 1758 1721 1780 nam
1738 1749 1831 1784 affio

437 1793 613 1830 voluntatis
628 1796 669 1829 est
680 1794 774 1830 velutv
783 1794 940 1830 conclusio
955 1793 1128 1844 syllogismi
1142 1798 1315 1843 operativi,
1327 1808 1362 1830 ut
1371 1796 1514 1843 loquitur
1525 1796 1658 1830 §amerus
1669 1796 1827 1841 Thomas,

438 1855 542 1890 eaque
560 1856 598 1878 ex
619 1843 781 1893 praemisfis
800 1842 975 1879 necessario
997 1845 1164 1879 deducitur
1182 1860 1190 1881 :
1219 1857 1296 1893 ergo
1312 1844 1463 1881 voluntas
1480 1858 1547 1880 non
1569 1844 1611 1878 est
1627 1844 1827 1890 indifferens,

439 1904 492 1926 aut
515 1891 617 1927 libera
635 1922 643 1936 ,
677 1906 738 1928 nec
762 1892 792 1927 se
824 1892 922 1941 ipsam
943 1894 1148 1929 determinat.

474 1942 563 1988 Resp.
578 1942 662 1986 Drst.
673 1955 740 1978 ant.
760 1941 920 1977 Voluntas
932 1940 1071 1989 sequitur
1083 1940 1255 1977 necessario
1267 1940 1420 1989 judicium
1435 1940 1622 1976 intellectus
1633 1969 1642 1984 ‚
1664 1941 1829 1979 necessita-

442 2002 473 2025 te
492 1990 702 2037 consequenti
719 1997 751 2028 &
765 1990 977 2039 hypothetica
987 2019 997 2033 ,
1012 1991 1052 2024 C.
1066 1988 1209 2025 absolut&
1228 1994 1262 2025 &
1275 1989 1502 2032 antecedente,
1519 1992 1561 2026 N„
1569 1991 1723 2038 judicium
1738 1994 1832 2028 enim

440 2038 625 2074 intelleerfis
649 2039 820 2074 voluntatis
837 2040 1142 2074 determinationem
1169 2037 1320 2073 includit:
1345 2049 1482 2085 cumque
1502 2038 1675 2088 syllogismi
1694 2043 1831 2090 prafflci

441 2087 603 2123 conclusio
618 2087 653 2123 sit
663 2091 853 2137 contingens
863 2086 1064 2136 &singularis
1081 2116 1089 2131 ,
1109 2087 1200 2123 nullo
1214 2087 1313 2121 modo
1325 2085 1425 2121 officit
1438 2087 1592 2124 libertati.

478 2138 560 2184 Qae
577 2149 612 2172 ut
621 2137 733 2172 melius
746 2137 964 2186 intelligantur
973 2167 983 2182 ,
1001 2143 1035 2174 δε
1046 2139 1170 2186 magnis
1184 2149 1253 2184 quae
1266 2135 1333 2171 fieri
1351 2135 1452 2171 solent
1465 2136 1705 2174 difficultatibus
1716 2151 1830 2174 occur.

444 2188 470 2220 ri
484 2185 611 2221 facilius
630 2185 722 2235 poffit
733 2217 741 2229 ‚
760 2186 837 2221 illud
851 2187 1093 2222 admonendum
1108 2187 1193 2233 quod
1204 2185 1224 2221 Ξι
1237 2183 1441 2222 doetissss‘viro
1454 2185 1743 2231 fuitobservatum,
1754 2201 1828 2223 om-

443 2248 499 2269 nes
512 2237 658 2271 actiones
674 2236 796 2270 nostras
809 2248 847 2269 ex
859 2235 1031 2271 voluntatis
1048 2233 1275 2271 affeetionibus
1297 2233 1452 2282 proficisci
1470 2249 1477 2270 :
1494 2248 1570 2271 nam
1586 2248 1621 2271 ut
1641 2239 1691 2271 ait
1699 2239 1828 2272 Veritas

447 2283 510 2330 ipsa
523 2314 531 2326 ‚
555 2284 662 2319 Arbor
675 2284 884 2328 bonafrfflus
895 2284 986 2319 bonos
996 2286 1093 2330 fizcit.
1110 2285 1167 2320 Illa
1182 2283 1312 2331 quidem
1329 2282 1424 2317 arbor
1442 2285 1485 2319 est
1507 2284 1569 2333 ipsa
1582 2284 1731 2320 voluntas
1744 2315 1754 2330 ,
1773 2296 1831 2321 aut

447 2331 622 2368 voluntatis
641 2332 820 2382 propensio.
853 2334 1054 2381 Affefflones
1071 2333 1148 2369 vero
1164 2345 1233 2380 quae
1249 2335 1281 2367 in
1302 2332 1469 2368 voluntate
1495 2335 1700 2370 dominantur
1714 2363 1725 2379 ,
1742 2339 1776 2372 &
1789 2345 1828 2369 ex

445 2380 559 2427 quibus
575 2395 681 2418 motus
708 2395 820 2419 omnes
839 2386 940 2420 animi
953 2383 1137 2433 prodeunt,
1164 2394 1230 2418 non
1248 2380 1376 2418 aliunde
1386 2382 1486 2430 quam
1498 2382 1518 2419 a
1529 2381 1600 2420 finis
1610 2381 1701 2433 ipsius
1717 2394 1830 2418 amore

1659 2431 1828 2469 dimanant
