1857 2745
612 114 651 146 M
670 112 704 147 O
725 111 757 146 R
785 115 815 146 A
839 113 865 146 L
885 112 898 144 1
918 113 949 148 S.
1383 127 1397 149 2
1426 129 1443 155 ς-

98 176 132 199 2.
147 160 251 209 Qod
269 160 419 209 voluptas
432 172 489 209 per
508 160 538 195 se
551 160 586 195 srt
601 161 782 209 expetenda
796 189 805 203 ,
826 159 920 195 dolor
942 172 1000 209 pet
1016 158 1046 195 se
1058 158 1241 209 fugiendus,
1265 128 1454 211 Voluptatis

46 223 162 248 tamen
177 212 315 246 nomine
334 222 433 259 negat
450 222 522 244 eam
537 210 674 259 intelligi
693 221 866 258 oportere,
891 221 964 257 quae
996 208 1153 245 suavitate
1175 210 1280 259 aliqua
1302 223 1450 246 naturam

43 261 146 308 ipsam
158 271 274 295 movtt
288 288 298 302 ‚
317 264 349 296 &
368 272 440 294 cum
453 260 652 307 jucunditate
663 259 803 306 quadam
819 262 997 308 percipitur
1011 258 1149 294 sensibus
1177 275 1184 297 :
1204 259 1254 295 sed
1274 262 1450 296 maximam

19 345 23 348 ,
41 309 135 345 illam
153 321 225 356 quae
243 310 419 358 percipitur
437 310 529 343 omni
546 308 661 343 dolore
676 309 834 344 detracto.
856 310 969 344 Omne
985 309 1074 343 enirn
1093 321 1157 356 quo
1168 310 1342 359 gaudemus
1356 339 1366 353 ,
1390 323 1450 345 vo-

21 397 23 399 ,
40 357 154 407 luptas
167 359 228 394 est:
246 369 282 392 ut
294 369 393 392 omne
406 358 438 391 id
453 370 518 404 quo
531 356 730 392 offindimur
740 387 748 401 ,
766 358 870 393 dolor.
891 361 1002 405 ltaque
1017 370 1085 393 non
1098 358 1219 405 placuit
1234 362 1367 407 Epicuro
1379 372 1450 394 me-

18 440 23 445 .
39 408 131 442 dium
146 405 207 442 esse
227 407 381 453 quiddam
393 408 476 441 inter
487 407 633 442 dolorem
646 412 680 444 ἃ
702 407 919 455 voluptatem.
943 405 1095 455 Qisquis
1117 410 1205 443 enim
1224 407 1319 442 sentit
1336 419 1447 455 quem.

39 456 222 491 admodum
234 454 271 490 sit
288 454 422 491 affeetus
434 485 443 498 ,
472 468 546 490 euni
562 455 684 492 necesse
700 456 746 490 est
757 459 854 491 autin
865 456 1035 504 voluptate
1049 455 1129 499 effe,
1139 458 1239 491 autin
1249 457 1372 492 dolore.

79 520 102 551 3.
120 505 367 540 Constituamus
380 534 389 548 ,
416 507 521 551 inquit
535 534 543 544 ‚
564 506 709 553 aliquem
727 508 855 554 magnis
867 534 877 549 ,
890 505 1000 542 multis
1017 534 1027 548 ,
1045 508 1210 553 perpetuis
1231 506 1396 540 fruentem
1415 511 1449 543 δε

18 582 25 594 x
41 556 153 589 animo
165 558 199 591 &
210 566 347 601 corpote
364 553 586 602 voluptatibus
601 584 609 597 ,
627 555 718 590 nullo
737 555 927 604 doloreanec
944 555 1218 602 impediente,nec
1229 556 1449 603 impendente:

19 637 21 640 Α
38 615 140 650 quem
159 604 293 638 tandem
306 603 369 638 hoc
387 603 468 638 statu
480 615 535 638 aut
549 603 813 652 praestabiliorem
835 633 844 647 ‚
861 616 917 640 aut
929 607 1031 653 magis
1050 604 1269 652 expetendum
1289 603 1449 652 poffiimus

19 679 21 681 -
39 653 171 688 dicere?
188 654 301 687 Statue
314 664 426 687 contra
439 682 448 696 ,
469 651 613 700 aliquem
630 653 818 688 confeaum
836 657 931 689 rantis
944 656 1043 689 animi
1053 652 1258 701 corporisque
1269 653 1449 697 doloribus,

40 703 156 748 quanti
174 703 208 736 in
229 701 398 736 hominem
417 703 549 736 maximi
565 703 679 736 cadere
694 701 820 749 possunt
832 731 842 746 ,
867 702 957 738 nulla
976 701 1031 752 spe
1049 701 1231 750 proposita,
1253 702 1325 737 fore
1348 703 1448 739 levius

38 749 214 796 aliquando
231 749 337 793 3nulla
349 760 503 798 praeterea
516 762 577 784 nec
588 750 732 797 praesenti
748 778 757 793 ‚
779 763 839 785 nec
851 764 931 800 expe
938 752 1023 787 &ata
1041 751 1231 800 voluptate:
1246 753 1324 799 quid
1338 765 1378 788 eo
1387 756 1448 788 mi-

37 797 135 841 strius
146 799 206 833 dici
217 810 273 834 aut
285 798 365 846 fingi
376 799 482 847 potest
495 810 505 835 ὲ
527 798 627 846 Qod
641 798 662 834 si
672 799 915 836 vitadoloribus
931 801 1049 836 referta
1073 804 1216 836 maxime
1229 801 1263 836 fu
1288 803 1382 837 ienda
1394 803 1447 845 est,

19 874 23 878 .
38 847 200 885 summurn
219 848 372 896 profe&0
385 847 510 883 malurn
522 849 564 884 est
580 851 692 884 vivere
703 861 775 883 cum
785 849 908 888 dolore.
938 851 1000 886 Cui
1015 851 1180 886 sententiae
1194 815 1447 887 conigenraneum

37 897 101 940 est,
114 897 268 931 ultimum
283 896 343 931 effe
361 896 523 931 bonorum
542 910 615 932 curn
634 897 802 944 voluptate
827 901 949 935 vivere.

75 960 111 991 4.
130 947 181 982 Ut
193 946 401 980 Medicorum
413 944 579 980 scientiam
592 959 656 980 non
673 945 766 993 ipfius
778 950 865 991 artis,
877 947 927 982 scd
944 947 1037 982 bonae
1054 947 1248 984 valetudinis
1266 950 1360 984 causa
1370 962 1446 997 pro-

38 993 176 1038 bamus3
194 993 464 1042 &gubernatoris
478 1006 527 1027 ars
546 1022 554 1036 ,
578 997 653 1040 quia
669 993 754 1028 bene
768 998 942 1043 navigandi
958 999 1117 1031 rationem
1139 996 1239 1032 habet
1250 1027 1259 1041 ,
1282 998 1424 1033 utilitate
1435 1028 1446 1043 ‚

36 1055 105 1079 non
128 1053 198 1077 arte
218 1042 364 1076 laudatur
383 1056 390 1077 ε
407 1041 447 1075 fic
463 1041 620 1089 sapientia
635 1054 704 1087 quae
718 1053 766 1075 ars
787 1045 920 1077 vivendi
939 1045 1079 1091 putanda
1100 1045 1162 1088 est,
1190 1059 1257 1080 non
1274 1058 1445 1093 expetere-

21 1103 88 1128 ,tur
105 1121 114 1136 ,
127 1090 148 1127 fi
163 1090 246 1127 nihil
263 1089 421 1126 efficeret.
436 1092 535 1133 Nunc
551 1092 734 1138 expetitur,
755 1089 845 1137 quod
864 1090 900 1126 fit
915 1104 1071 1139 tanquam
1082 1093 1203 1128 artifex
1215 1096 1446 1141 conquirenda:

26 1145 69 1178 .&
85 1139 310 1190 comparandae
321 1138 499 1187 voluptatis
523 1153 531 1174 :
548 1151 623 1174 nam
640 1151 677 1173 ea
690 1142 892 1188 praeceptrice
914 1143 946 1176 in
977 1140 1214 1189 tranquillitate
1233 1145 1301 1177 vivi
1317 1145 1421 1191 potest
1434 1175 1445 1188 ,

35 1193 185 1226 omnium
199 1190 416 1238 cupiditatum
432 1188 547 1222 ardore
557 1189 707 1223 restint‘to
728 1203 736 1224 :
758 1199 854 1236 atque
870 1188 959 1238 ipfius
980 1191 1118 1226 fortunae
1134 1204 1191 1226 nos
1211 1193 1338 1227 modice
1361 1193 1447 1229 ferre

37 1240 305 1287 docetinjurias,
324 1243 480 1274 &omnes
493 1238 647 1273 monstrat
660 1241 726 1272 vias
740 1250 809 1286 quae
827 1239 867 1273 ad
884 1241 1029 1286 quietern
1045 1245 1078 1277 δέ
1099 1242 1369 1289 tranquillitatem
1394 1243 1447 1278 fe-

34 1300 118 1324 runt.
193 1289 246 1323 uin
269 1291 368 1323 etiam
387 1298 484 1336 negat
507 1289 759 1336 temperantiam
775 1300 908 1336 propter
921 1289 952 1324 se
972 1291 1190 1338 expetendam
1205 1291 1265 1325 effe
1281 1306 1287 1326 ε
1303 1291 1352 1325 scd
1369 1294 1448 1339 quia

34 1350 150 1388 pacem
168 1339 284 1373 animis
295 1336 409 1372 affert:
425 1349 498 1370 cum
519 1338 550 1371 in
566 1335 661 1378 rebus
675 1347 732 1371 aut
744 1339 935 1385 expetendis
948 1367 958 1382 ,
986 1351 1041 1373 aut
1057 1339 1218 1388 fugiendis
1237 1343 1400 1376 rationem
1412 1353 1445 1377 ut

33 1386 202 1436 sequamur
214 1398 336 1422 monet.
358 1387 411 1420 Sic
423 1385 566 1432 reliquas
579 1387 716 1420 virtutes
727 1391 761 1423 δε
776 1389 857 1420 vitia
874 1387 1093 1435 persequitur,
1117 1400 1153 1422 ac
1171 1401 1268 1437 negat
1285 1390 1354 1424 illas
1377 1390 1445 1425 lau-

35 1437 104 1472 dari
116 1465 125 1480 ‚
155 1447 212 1470 aut
227 1436 293 1471 haec
306 1437 482 1482 vituperari
499 1433 555 1468 suo
571 1436 705 1469 nomine
724 1449 732 1469 :
753 1433 805 1469 sed
827 1435 897 1470 haec
922 1439 1010 1484 rejici
1038 1440 1115 1483 quia
1135 1438 1284 1472 dolorem
1299 1442 1425 1485 pariant
1438 1468 1447 1483 ,

36 1485 92 1521 has
107 1487 212 1534 optari
224 1487 303 1532 quia
313 1482 519 1532 voluptatem
529 1511 538 1526 ,
549 1495 622 1530 quae
634 1481 698 1516 sola
711 1483 754 1516 est
771 1495 842 1531 quae
852 1496 911 1519 nos
927 1497 1025 1520 vocet
1034 1485 1113 1520 adse
1126 1514 1136 1528 ,
1148 1490 1182 1521 &
1196 1486 1319 1521 alliciat
1333 1487 1444 1534 suapte

33 1545 158 1571 natura.

69 1584 157 1631 Resp.
174 1584 235 1618 His
251 1587 284 1620 δε
294 1582 361 1618 aliis
377 1595 446 1631 quae
464 1582 569 1619 afferri
584 1582 687 1618 solent
701 1611 711 1626 ,
730 1596 798 1619 non
813 1583 901 1618 aliud
916 1582 1000 1619 effici
1013 1582 1117 1632 quam
1133 1582 1338 1632 voluptatem
1351 1613 1360 1628 ,
1371 1597 1427 1620 aut

30 1634 140 1682 potius
158 1631 413 1667 deleaationem
433 1635 533 1667 animi
547 1635 592 1666 ita
615 1632 675 1667 effe
691 1645 763 1667 cum
776 1633 901 1668 summo
919 1633 1011 1669 bono
1031 1635 1255 1682 conjun&am,
1281 1645 1315 1667 ut
1328 1634 1369 1667 ab
1382 1648 1422 1669 eo
1447 1640 1459 1674 l,
1523 1640 1552 1662 de

30 1681 145 1723 divelli
158 1680 338 1731 nonpoffit.
360 1683 452 1716 Hinc
467 1682 606 1725 Cicero,
627 1681 704 1726 ista,
722 1684 849 1729 inquit,
874 1685 974 1717 animi
991 1684 1217 1729 tranquillitas
1240 1695 1276 1716 ea
1298 1684 1364 1730 ipsa
1383 1684 1424 1729 est
1446 1677 1517 1696 mm.

31 1730 127 1766 beata
136 1732 209 1764 vita
225 1746 235 1764 :
247 1732 413 1776 quaerimus
423 1741 528 1764 amem
544 1744 604 1765 non
622 1743 686 1777 quae
699 1731 761 1775 fit,
771 1731 833 1777 fid
855 1731 939 1766 unde
957 1732 1012 1777 fit,
1033 1733 1144 1779 Qare
1157 1730 1178 1766 si
1192 1733 1341 1778 Epicurus
1356 1747 1421 1769 non

30 1780 117 1818 aliud
132 1777 222 1814 sensit
236 1778 337 1826 quam
353 1781 561 1815 Democritus
572 1808 582 1821 ,
604 1784 638 1815 δε
650 1778 841 1814 felicitatem
864 1783 899 1814 in
912 1781 1144 1827 tranquillitate
1165 1782 1264 1814 animi
1282 1780 1423 1816 colloca-

31 1831 100 1874 vit,
119 1841 188 1864 non
202 1827 338 1864 multum
355 1828 375 1863 ὲ
391 1830 529 1862 veritate
550 1828 677 1862 videtur
697 1827 864 1863 aben-affe.
899 1829 1053 1875 Cumque
1071 1830 1183 1864 omnia
1203 1827 1429 1865 delectationis

30 1878 121 1914 causa
139 1877 208 1913 fieri
222 1876 349 1913 anobis
362 1877 549 1920 contendit,
564 1888 724 1923 utcunque
737 1876 878 1911 excusari
890 1877 1006 1925 potest.
1023 1879 1135 1913 Nemo
1153 1878 1241 1911 enim
1252 1888 1323 1911 cum
1335 1877 1431 1914 labo„

31 1939 81 1963 tat
97 1939 133 1963 ut
149 1926 275 1975 aliquid
289 1925 521 1974 consequatur,
542 1939 612 1961 non
630 1926 755 1974 cogitat
770 1926 809 1960 de
829 1926 996 1974 voluptate
1020 1938 1084 1973 qua
1105 1926 1229 1960 fruetur
1243 1954 1252 1968 ,
1283 1924 1338 1959 ubi
1359 1940 1430 1963 rem

31 1975 131 2025 ipsam
144 1989 242 2025 quam
261 1987 372 2024 optat,
397 1975 533 2024 adeptus
553 1974 662 2011 fuerit.
688 1976 809 2010 Omnis
831 1977 917 2011 enim
935 1974 1085 2023 voluptas
1109 1975 1318 2023 cupiditatem
1334 2004 1344 2018 ,
1360 1976 1430 2011 liaec

34 2026 249 2074 indigentiam
266 2025 498 2072 consequitur,
521 2036 619 2072 atque
632 2027 667 2060 in
681 2036 722 2058 eo
732 2023 882 2072 voluptas
898 2027 1041 2060 maxime
1054 2023 1154 2073 posita
1166 2024 1211 2058 est
1228 2036 1263 2059 ut
1280 2025 1429 2073 indigen-

35 2076 79 2109 tia
107 2075 253 2110 detracta
281 2075 440 2123 cupiditas
459 2072 524 2123 ipsa
545 2073 724 2122 expleatur.
757 2074 812 2107 Sic
828 2074 978 2123 voluptas
1002 2088 1070 2110 non
1091 2074 1133 2107 est
1153 2072 1325 2108 comedisse
1341 2103 1350 2117 ,
1377 2073 1429 2109 sed

35 2124 219 2161 comedere.
257 2124 359 2170 Qod
378 2125 494 2172 utique
524 2136 591 2158 non
617 2121 721 2157 solum
746 2124 780 2157 in
804 2135 845 2157 eo
872 2135 991 2172 genere
1018 2122 1179 2157 bonorum
1198 2134 1266 2168 quae
1291 2124 1429 2170 jucunda

37 2170 189 2216 dicimus,
220 2170 272 2207 sed
294 2175 394 2208 etiam
423 2174 456 2208 in
471 2171 603 2208 utilibus
624 2176 658 2209 &
673 2171 811 2207 honestis
821 2174 1038 2208 animadverti
1051 2171 1164 2220 potest.
1184 2173 1274 2207 Nam
1284 2174 1337 2217 qui
1350 2185 1429 2220 pau-

38 2220 159 2267 petiern
167 2221 273 2270 fugit,
295 2227 328 2259 &
342 2222 470 2257 divitias
488 2223 600 2269 quaerit
612 2250 622 2265 ‚
641 2221 716 2255 dum
730 2219 852 2257 lucrum
869 2221 1013 2270 colligit,
1030 2220 1198 2268 voluptate
1216 2219 1432 2267 perfunditur3

40 2279 142 2314 eaque
155 2277 257 2317 major
267 2271 312 2305 est
329 2273 362 2312 in
380 2273 418 2308 iis
438 2272 588 2320 parandis
607 2282 680 2320 quae
695 2268 754 2305 sibi
765 2269 869 2306 deesse
883 2270 1054 2305 arbitratur
1068 2299 1078 2313 ,
1103 2274 1136 2306 &
1147 2271 1252 2305 minus
1262 2271 1349 2318 viget
1367 2273 1429 2305 cir-

39 2328 76 2350 ca
93 2327 132 2350 ea
147 2329 215 2363 quae
240 2323 302 2364 jam
320 2331 410 2366 parta
424 2319 505 2358 sunt.

77 2366 159 2401 Non
171 2364 310 2448 digimili
325 2370 450 2406 ratione
464 2373 522 2419 qui
534 2371 738 2419 dignitatem,
755 2369 916 2408 honorem
931 2398 941 2413 ‚
959 2369 1127 2405 scientiam
1147 2365 1340 2414 adipiscitur,
1355 2368 1432 2404 dum

236 2428 293 2450 om·
316 2418 349 2452 Ι.
1209 2419 1242 2451 li
