1857 2745
540 120 542 122 -
868 121 880 132 .

568 123 608 158 M
636 124 670 160 O
696 124 727 158 R
753 124 781 158 A
804 126 829 158 L
853 127 866 158 Ι
894 126 926 160 S.
1390 142 1442 171 227

44 189 115 212 mm
133 171 316 209 Moralium
328 173 424 207 initio
441 172 604 208 meminit.
621 173 703 207 llfud
723 175 778 208 uni
790 160 1039 208 Deo'convenit
1055 201 1063 216 ‚
1086 171 1214 208 Christo
1229 174 1299 222 ipso
1322 175 1437 210 testsn-

45 236 78 260 te
99 237 107 260 z
126 236 213 259 nemo
233 251 243 265 ,
261 223 367 270 nquit
380 249 389 264 ,
405 220 501 255 bonus
525 222 672 268 m'fifhlus
692 223 793 259 Deus,
821 221 991 272 quuid
1011 220 1090 257 vero
1105 223 1147 257 est
1164 225 1197 257 in
1215 221 1309 257 rebus
1328 227 1443 260 creatis

45 273 142 315 boni,
162 274 191 306 id
207 271 301 306 valde
325 270 488 319 angustum
500 270 548 305 est
559 300 567 314 ,
583 273 852 320 &participatum
864 301 873 315 ,
895 270 946 306 seu
959 270 1089 305 aliunde
1098 283 1278 320 acceptum.
1299 272 1379 308 Illud
1397 274 1443 308 est

42 320 219 357 universale
230 319 353 355 bonum
365 348 374 361 ‚
386 324 420 355 &
433 318 632 354 illimitatum
643 349 652 364 ,
674 323 760 368 quod
776 333 890 356 omnes
910 322 1089 368 expetimus
1106 349 1109 356 .
1131 322 1218 367 quod
1238 321 1369 356 confusa
1385 321 1444 357 sal-

43 381 110 406 tem
125 371 315 419 cognitione
332 370 523 416 attingimus
538 398 546 412 ‚
565 382 637 405 crm
648 382 745 404 unum
758 371 849 405 alteri
864 372 1093 419 praeponimus.
1121 371 1208 404 Cum
1237 373 1323 405 enim
1343 384 1444 407 unum

42 432 104 469 prae
119 419 221 454 altero
238 418 385 467 eligimus
398 447 407 461 ,
421 418 453 450 id
473 419 562 465 quod
579 419 674 454 robis
686 419 801 455 inclitis
814 421 957 463 videtur,
975 421 1200 467 anteponimus
1221 421 1249 452 ei
1272 420 1360 466 >quod
1386 421 1443 455 de-

42 469 345 515 tetiusjudicamus:
365 467 480 501 melius
499 480 595 515 porro
608 469 722 503 dicitur
736 470 823 518 quod
843 471 972 517 optimo
988 470 1135 503 vicinius.
1158 467 1326 502 Habemus
1349 470 1444 517 igitur

40 519 192 553 notitiam
214 517 379 564 quandam
390 515 504 551 summi
521 516 601 552 boni
617 519 730 553 animis
745 520 854 554 nostris
869 515 1060 567 impressam.
1078 519 1168 553 Nam
1185 528 1219 550 ut
1233 517 1364 565 pulchre
1380 520 1444 553 Au-

38 566 190 614 gustinus,
209 579 268 600 non
284 566 456 600 diceremus
478 567 572 601 aliud
586 568 649 601 alio
666 568 776 603 melius
788 597 798 612 ,
819 581 886 603 cum
910 580 986 601 vere
1000 566 1186 610 judicamus
1199 594 1209 609 ,
1221 566 1281 611 mfi
1300 568 1444 615 imprcffiz

40 616 110 662 tffct
121 613 209 651 nobis
229 615 323 664 ipfius
345 612 416 649 boni
428 615 709 662 notio,secnndicm
728 631 823 664 quam
840 615 879 652 (ῥ’
893 614 1097 666 probaremus
1119 617 1266 662 aliquid,
1293 614 1330 649 Θ·
1348 618 1445 652 aliud

39 665 101 698 alii
117 675 378 713 praeponeremus.
1269 683 1271 685 ·

81 715 206 748 Bonum
223 714 454 760 participatum
479 711 566 747 aliud
583 713 633 747 est‘
650 713 798 748 naturale
813 742 824 757 ‚
851 714 1077 761 quod’naturae
1091 713 1183 748 alicui
1198 717 1356 751 convenit
1367 745 1377 761 ,
1409 728 1445 752 ut

41 759 156 796 sanitas
166 761 326 805 animali·,
346 761 431 796 aliud
453 761 596 804 morale,
623 763 712 808 quod
739 763 855 811 regulis
875 776 1006 798 morum
1022 764 1064 797 est
1084 762 1337 799 consentaneum
1356 779 1364 801 :
1394 766 1443 801 hae

39 821 138 858 porto
155 809 228 846 sunt
246 810 317 845 duae
330 839 340 854 ,
362 812 450 846 reeta
466 812 550 845 ratio
564 817 597 848 &
609 811 661 846 lex
672 823 790 847 aeterna
808 841 818 855 ,
837 813 877 847 de
895 812 1010 860 quibus
1028 813 1151 861 postea.

78 862 204 895 Bonum
219 859 365 902 morale,
387 860 476 906 quod
491 859 610 895 scilicet
632 873 751 896 naturae
771 862 921 896 rationali
947 860 1120 896 secundum
1142 862 1265 900 reetam
1283 866 1458 901 rationem<

38 911 189 957 operanti
206 911 380 951 convenit,
400 908 533 943 utahas
546 912 701 944 omittam
711 908 880 944 divisiones
901 938 910 952 ,
929 913 960 945 in
974 911 1143 946 honestum
1157 940 1166 954 ‚
1188 913 1268 948 utile
1287 919 1318 950 &
1332 919 1444 962 jucun-

42 961 121 992 dum
135 956 235 1006 vulgo
249 957 413 992 dividitur.
426 958 612 992 Honestum
628 959 715 992 idern
729 959 771 992 est
785 960 872 1005 quod
883 960 1026 1003 reustum,
1049 960 1137 1007 quod
1153 962 1188 994 vi
1203 960 1253 996 sua
1276 968 1308 998 &
1334 976 1392 1010 pet
1413 963 1444 997 se

40 1007 83 1040 est
93 1007 316 1055 expetendum
334 1034 343 1048 ,
360 1017 396 1040 ut
411 1007 523 1042 virtus.
548 1009 673 1041 Bonum
689 1007 768 1041 utile
789 1007 864 1041 illud
883 1009 925 1042 est
937 1037 946 1049 ,
964 1009 1052 1055 quod
1068 1021 1136 1042 non
1151 1011 1274 1043 ratione
1292 1010 1335 1045 sui
1353 1040 1362 1054 ‚
1393 1010 1444 1046 sed

30 1067 173 1103 ,propter
191 1054 278 1088 aliud
292 1056 524 1102 expetimus‚ut
535 1057 629 1102 potio
646 1066 754 1089 amara
774 1067 907 1103 propter
921 1055 1089 1090 sanitatem
1108 1055 1444 1106 suinitur.Jucundum

39 1105 179 1152 denique
199 1104 230 1138 id
246 1103 381 1138 dicimus
394 1132 404 1146 ‚
419 1115 484 1137 non
494 1103 524 1137 id
536 1103 637 1139 modo
649 1104 738 1151 quod
753 1101 944 1139 sentientem
969 1106 1151 1152 appetitum
1169 1105 1336 1155 voluptate
1361 1121 1444 1155 qua-

41 1152 114 1188 dam
127 1151 305 1201 perfundit,
322 1153 480 1200 quodque
502 1151 612 1201 saepius
627 1153 767 1188 hominis
784 1153 906 1188 malum
926 1153 1026 1200 quiim
1036 1151 1163 1188 bonum
1176 1154 1257 1189 illius
1268 1155 1444 1192 dicendum

40 1203 84 1236 est
104 1217 112 1238 ε
135 1202 184 1237 sed
199 1202 230 1236 id
249 1214 349 1237 omne
362 1202 450 1248 quod
464 1201 644 1237 molestiam
662 1201 786 1246 aufert,
808 1202 860 1236 vel
877 1203 1099 1252 aegritudinem
1124 1221 1133 1247 3
1151 1204 1307 1251 quodque
1324 1206 1363 1239 ad
1373 1208 1443 1240 ani-

41 1264 131 1286 mum
143 1253 303 1300 pertinet,
323 1253 423 1286 etiam
437 1249 459 1286 si
479 1252 518 1285 ad
535 1250 755 1301 corpusvnullo
776 1252 878 1287 modo
902 1252 1081 1295 referatur,
1101 1264 1136 1287 ut
1162 1255 1309 1302 cognitio
1334 1267 1442 1290 rerum

42 1300 340 1350 pulcherrimarum.
350 1330 354 1334 .

73 1351 187 1397 Qiare
212 1350 276 1384 duo
300 1349 403 1385 solent
429 1351 513 1384 circa
540 1349 622 1384 h'anc
641 1348 720 1384 boni
737 1349 926 1386 divisionem
939 1381 948 1394 ,
964 1353 997 1386 in
1021 1351 1286 1401 disceptationem
1304 1355 1415 1388 venire
1432 1367 1440 1388 :

66 1401 182 1434 timum
196 1428 205 1442 ‚
223 1411 264 1434 an
292 1400 323 1432 id
347 1397 449 1433 solum
465 1399 552 1446 quod
567 1399 609 1433 est
622 1401 746 1434 rectum
759 1405 790 1436 &
803 1400 977 1436 honesturn
995 1428 998 1434 .
1023 1400 1147 1436 bonum
1162 1403 1222 1436 dici
1234 1401 1377 1449 poffit‚ut
1391 1417 1407 1436 v
1415 1416 1443 1436 1-

41 1411 110 1484 Pum
124 1448 171 1481 est
182 1449 321 1490 Sto'ici53
339 1450 559 1495 Peripateticis
570 1459 683 1481 contra
695 1447 969 1490 defendentibus,
991 1450 1021 1482 id
1037 1450 1123 1496 quod
1141 1450 1219 1484 utile
1231 1451 1298 1492 est,
1318 1463 1372 1484 aut
1390 1456 1442 1498 ju-

44 1496 184 1532 cundum
201 1498 284 1530 inter
296 1494 384 1530 bona
402 1497 572 1530 numerari.
584 1495 734 1529 Alterum
754 1497 858 1542 „quod
869 1498 967 1530 etiam
977 1499 1059 1531 inter
1073 1501 1211 1531 Veteres
1231 1497 1367 1533 inultum
1379 1500 1442 1534 fuit

45 1543 286 1580 controversum
299 1573 309 1587 ‚
331 1557 370 1578 an
387 1544 508 1590 aliquid
525 1543 614 1590 quod
634 1543 810 1579 honestum
830 1557 897 1580 non
912 1545 954 1579 cst
969 1573 979 1588 ,
1006 1546 1093 1580 idem
1114 1546 1193 1581 utile
1207 1546 1380 1583 dicendum
1392 1546 1456 1586 sit„

47 1593 126 1642 Qo
144 1605 279 1642 utraque
294 1594 359 1629 haec
374 1593 507 1640 quaestio
520 1593 688 1627 dirimatur
698 1621 707 1636 ,
727 1591 763 1627 sit

608 1692 717 1725 Prima
732 1693 837 1728 conclu
833 1693 889 1738 fio.

88 1795 168 1829 Non
180 1793 212 1827 id
227 1793 462 1831 solumbonum
479 1791 547 1832 est‘,
566 1790 653 1838 quod
666 1791 711 1825 est
731 1791 896 1827 honestum
912 1806 920 1828 ε
943 1791 994 1827 sed
1005 1792 1180 1839 jucundum
1201 1796 1300 1829 eti-tim
1316 1800 1347 1832 δε
1359 1796 1438 1832 utile

48 1842 81 1876 in
101 1839 195 1876 bonis
215 1841 284 1880 sunt
297 1841 523 1879 numeranda..

80 1889 211 1925 Probari
230 1895 326 1941 poffe'
344 1890 494 1933 eonciufio
513 1899 625 1922 contra
640 1890 772 1924 Stoicos
787 1893 882 1925 variis
901 1894 1098 1938 argumentis
1113 1920 1120 1934 ‚
1148 1904 1218 1938 quae
1245 1896 1295 1929 M.
1313 1894 1438 1930 Tullius

48 1936 103 1975 lib.
117 1951 232 1985 quarto
242 1936 282 1976 cle
295 1941 410 1976 finibus
423 1936 489 1975 fuse
501 1937 715 1986 prosequitur.
734 1940 849 1975 Unum
863 1940 1016 1974 duntaxat
1026 1953 1078 1974 aut
1088 1940 1222 1976 alterum
1236 1955 1270 1976 ut
1283 1945 1314 1977 in
1325 1956 1357 1977 re
1368 1958 1439 1979 ma-

49 1987 165 2021 nifesta
178 1989 358 2027 afferemus.
409 2003 453 2024 use
468 1988 577 2022 natur&
593 1991 774 2036 appetimus
794 2018 802 2032 ‚
821 2001 857 2024 ut
866 1989 966 2023 nostri
986 1988 1264 2026 conservationem
1277 2022 1285 2035 ‚
1304 1994 1437 2041 integri-

51 2046 150 2070 tatem
162 2042 296 2085 partium
310 2070 318 2083 ‚
342 2039 507 2075 [unitatem
518 2066 527 2080 ‚
548 2041 746 2072 vacuitatem
759 2038 907 2073 dolorum
919 2068 928 2082 ,
949 2039 1204 2074 delectationem
1215 2040 1333 2088 ips3m5
1353 2042 1445 2086 haec‚·

49 2085 198 2131 inquam,
216 2088 354 2124 inbonis
373 2098 576 2123 numerantur
589 2115 598 2129 ,
612 2085 690 2121 licet
705 2100 743 2121 ea
754 2087 816 2121 dici
829 2088 960 2124 honesta
980 2102 1046 2123 non
1066 2088 1181 2136 poslint
1197 2103 1204 2123 :
1228 2102 1304 2138 ergo
1319 2104 1385 2125 non
1405 2092 1437 2126 id

52 2130 150 2168 solum
162 2134 286 2172 bonum
303 2139 474 2172 dicendum
496 2136 542 2169 est
560 2137 647 2178 quod
665 2137 708 2170 est
727 2136 893 2172 honestum
905 2167 913 2180 ‚
948 2136 999 2170 sed
1017 2138 1119 2172 multa
1143 2137 1212 2171 sunt
1227 2151 1375 2185 praetetea
1399 2142 1436 2177 in

53 2178 145 2215 bonis
158 2184 314 2221 htibvnda.
334 2189 417 2222 Hinc
430 2184 548 2221 metito
558 2186 677 2220 Cicero
694 2185 806 2219 irridet
816 2188 945 2222 Stoicos
961 2214 970 2228 ,
991 2185 1076 2233 quod
1093 2200 1163 2233 quae
1182 2185 1267 2221 bona
1283 2189 1438 2234 dicimus,

54 2230 75 2262 ii
90 2232 269 2278 praeposita,
297 2238 368 2283 quia
393 2237 554 2271 contrariis
569 2233 637 2268 sunt
658 2236 884 2281 anteponenda
906 2264 915 2276 ‚
937 2249 1001 2269 non
1021 2235 1105 2271 bona
1123 2253 1131 2278 3
1153 2249 1217 2269 non
1238 2238 1435 2284 expetenda,

54 2276 105 2311 sed
120 2276 267 2316 sumenda
283 2285 493 2327 annellment.
513 2287 589 2319 Hoc
602 2285 720 2330 quippe
740 2283 820 2317 nihil
838 2284 882 2316 est
894 2285 977 2317 a'2iud
991 2291 1089 2330 quiun
1107 2283 1205 2318 verba
1222 2298 1343 2320 mutare
1359 2315 1367 2328 ‚
1394 2287 1435 2321 de

55 2327 260 2373 opinionibus
273 2333 352 2367 nihil
369 2328 535 2368 detrahe&²
547 2363 556 2376 ‚
577 2339 609 2369 ὃ(
634 2334 664 2365 id
682 2332 798 2367 sentire
815 2333 904 2378 quod
927 2346 1038 2367 omncs
1054 2346 1136 2382 pene
1158 2334 1362 2382 Philosophi,
1379 2339 1435 2382 qui

54 2376 141 2422 quod
156 2379 281 2415 reiltun
291 2382 331 2416 est
345 2387 376 2418 &
387 2382 555 2418 honestum
566 2412 576 2426 ,
596 2384 714 2417 caeteris
734 2382 866 2429 quidem
888 2380 982 2417 bonis
1001 2395 1217 2432 anteponunt:
1231 2383 1284 2417 sed
1298 2383 1434 2420 inbonis

1141 2434 1160 2466 F
1174 2438 1187 2467 i
1216 2437 1232 2479 ·j
