1857 2745
583 124 955 161 SIGILLATIM.
1398 142 1431 165 re

78 188 155 226 ergo
167 187 233 210 non
243 173 308 211 sola
327 173 507 211 accidentia
518 201 528 218 ,
550 171 603 208 sed
615 175 714 208 etiam
732 175 946 222 proprietates
964 170 1086 217 adesse,
1111 177 1146 209 &
1157 171 1262 209 abess'e
1272 174 1292 210 ἐι
1305 145 1453 224 subponi

81 224 216 274 possunt.

106 274 204 321 ‘Restm
216 272 295 318 Dist.
313 275 388 317 maj.
407 270 507 308 Calor
527 276 561 309 δε
590 271 690 320 frigus
713 270 782 307 sunt
804 274 1015 320 proprietates
1031 270 1287 315 elementorum,
1307 285 1377 309 cum
1396 289 1454 324 pro

76 322 259 371 aptitudine
275 321 340 369 ipsa
352 350 362 364 ‚
383 332 438 355 aut
455 323 489 355 vi
507 319 596 356 insita
614 320 796 365 sumuntur,
815 322 855 358 C.
871 320 892 356 si
911 334 971 369 pro
983 320 1102 356 actuali
1114 320 1219 355 calore
1233 350 1242 364 ,
1256 333 1309 356 aut
1321 322 1453 372 frigore,

76 374 123 407 N.
138 373 188 405 Sic
201 370 276 405 risus
293 370 425 406 astualis
436 384 501 405 non
512 371 555 404 est
567 370 708 405 hominis
719 372 909 419 proprietas,
921 370 973 404 sed
983 370 1131 404 accidens
1144 382 1316 405 commune
1329 385 1336 406 :
1349 385 1453 419 quan..

75 432 172 467 quarn
186 419 271 454 calor
281 419 322 454 ab
343 421 417 467 igne
432 448 442 463 ,
467 431 523 454 aut
537 418 654 453 siccitas
681 420 701 456 ἐι
722 431 822 464 terra,
840 431 894 454 aut
911 420 1083 455 humiditas
1096 415 1138 451 ab
1155 431 1237 466 aqua
1255 419 1367 455 divelli
1387 435 1453 457 non

75 467 182 517 poffit.
196 469 259 503 Sed
268 469 307 503 de
322 468 371 504 his
392 468 457 503 fuse
470 470 504 503 in
522 467 670 517 physicis.

104 517 189 566 Opp.
201 532 235 553 zm
248 520 394 552 Mortem
404 515 463 552 effe
477 518 624 552 accidens
635 528 805 552 commune
821 531 828 553 :
851 531 911 553 nec
923 530 1033 553 tamen
1050 516 1138 552 adest
1152 522 1184 553 δ(
1194 515 1285 551 abest
1295 519 1370 552 citra
1381 517 1452 553 sub-

72 568 148 615 jeciti
162 569 329 601 interitum
340 596 349 610 ,
362 568 411 601 uti
426 579 485 601 nec
499 566 619 602 lethale
636 566 750 601 vulnus
761 596 770 610 ‚
787 579 843 602 aut
856 568 943 602 calor
955 565 1120 602 naturalis.

107 615 197 663 Resp.
207 624 233 650 Γ
247 618 325 651 Haec
338 618 446 651 omnia
457 616 539 651 nihil
551 616 592 650 ad
610 615 776 650 essentiam
788 618 1010 663 reipertinere
1022 644 1031 659 ‚
1051 627 1159 662 neque
1174 613 1216 649 ab
1228 627 1265 649 ea
1302 615 1451 651 rofluere.

109 666 198 711 Resp.
214 675 245 699 20
263 664 452 711 Subjeelzum
462 667 577 700 mortis
603 662 664 700 eise
677 667 846 699 materiam
858 664 956 713 ipsam
979 679 987 700 z
1011 665 1055 699 est
1068 667 1155 699 enim
1174 664 1262 699 idem
1276 628 1453 712 Hibjefkum

72 711 186 747 formae
199 718 233 748 &
246 715 456 760 privationis,
470 713 553 748 visus
566 719 600 750 &
615 715 766 748 caecitatis
780 726 788 748 :
806 716 897 761 atqui
919 716 1056 749 materia
1073 726 1130 761 per
1150 725 1290 748 mortem
1313 726 1379 749 non
1395 715 1453 747 de-

57 760 206 797 sstruitur.
221 761 321 798 Unde
341 761 442 796 homo
453 762 495 795 est
508 760 775 809 subjeetumillius
791 790 800 804 ‚
818 773 852 796 ut
861 764 952 796 aiunt
965 790 975 804 ,
997 762 1274 798 denominationis
1287 791 1296 806 ,
1323 775 1389 797 non
1406 765 1455 797 in·

62 808 223 847 ‘haefionis
245 813 486 846 Denominatur
498 812 585 845 enim
599 810 700 844 homo
710 822 856 845 mortuus
876 826 883 847 :
902 810 953 845 sed
976 812 1007 845 ei
1022 823 1177 858 tanquam
1201 811 1346 860 subjesto
1367 824 1453 846 mors

72 870 140 893 non
158 860 503 907 inhaeretzquanquam
516 865 645 896 mors&
659 859 809 895 accidens
827 860 891 894 dici
913 873 979 896 non
996 861 1118 908 potest,
1141 873 1212 895 cum
1238 860 1274 896 sit
1296 863 1452 910 privatio,

70 918 128 941 aut
142 910 317 956 corruptio,

101 958 146 990 Ex
159 958 197 989 iis
209 956 311 1003 liquet
324 956 470 990 accidens
481 968 666 999 commune,
680 968 715 991 ut
725 957 768 990 est
785 955 962 992 universale
973 967 1059 991 meta
1085 956 1226 1004 hyficum
1236 957 1372 1002 ‚definiri
1383 956 1455 1006 pos-

71 1002 103 1037 se
115 1017 214 1038 unum
224 1017 336 1052 aptum
353 1004 446 1040 inesse
457 1005 565 1039 multis
582 1007 816 1053 contingenter,
841 1006 905 1039 Sed
926 1005 1033 1052 logice
1054 969 1233 1052 gestatum
1252 1034 1261 1048 ‚
1287 1007 1330 1040 est
1355 1019 1454 1040 unum

71 1063 182 1099 aptum
197 1054 360 1101 praedicati
372 1053 412 1087 de
421 1053 526 1088 multis
537 1056 571 1088 in
583 1053 678 1101 quale
693 1055 930 1102 contingenter.
947 1053 1113 1088 Praedicari
1130 1066 1238 1089 autem
1251 1055 1354 1103 potest
1372 1057 1455 1087 acci-

70 1100 148 1135 dens
164 1101 216 1136 vel
226 1102 266 1136 de
278 1101 336 1137 suis
354 1101 562 1137 inferioribus
579 1131 588 1145 ‚
608 1112 643 1135 ut
659 1101 748 1135 color
759 1102 800 1136 de
815 1101 966 1136 albedine
986 1107 1019 1137 &
1036 1102 1204 1148 nigredine
1219 1117 1227 1138 ε
1250 1115 1383 1150 tumque
1398 1103 1455 1137 ha-

70 1148 129 1184 bet
146 1153 302 1185 rationem
311 1153 435 1200 generis
448 1181 457 1194 ,
471 1163 526 1186 aut
538 1150 674 1199 speciei,
693 1156 725 1187 &
737 1152 916 1199 concipitur
926 1162 962 1185 ut
975 1162 1025 1184 res
1046 1151 1192 1197 quaedam
1207 1179 1216 1189 ,
1242 1149 1296 1186 seu
1310 1163 1346 1186 ut
1360 1152 1456 1198 quid-

72 1197 149 1232 dam
164 1198 344 1236 subsistens:
364 1198 488 1234 tametsi
502 1201 534 1234 in
554 1199 713 1234 abstra&o
728 1202 929 1248 exprimitur.
946 1202 1035 1236 Nam
1045 1197 1164 1235 albedo
1180 1200 1226 1234 est
1244 1201 1333 1235 color
1344 1230 1353 1244 ‚
1367 1201 1456 1250 justi-

70 1248 117 1280 tia
135 1247 179 1280 est
195 1251 313 1285 virtus:
333 1248 423 1296 quod
445 1248 507 1284 illae
521 1248 633 1283 forma:
645 1247 732 1296 quasi
746 1251 878 1296 integrae
890 1254 922 1285 &
932 1248 1102 1296 completa:
1116 1248 1135 1284 ii
1155 1249 1252 1284 nobis
1264 1253 1451 1298 concipian-

73 1306 124 1330 tut
133 1298 212 1330 citra
222 1298 322 1333 ullum
336 1298 485 1334 ordinem
496 1299 534 1332 ad
550 1296 708 1346 subjecta:
723 1310 836 1332 contra
858 1309 955 1345 atque
972 1299 1086 1332 evenit
1100 1300 1137 1333 in
1157 1300 1196 1332 iis
1215 1311 1285 1346 quae
1303 1299 1344 1332 ad
1365 1310 1455 1333 cate-

69 1349 195 1393 gotiam
212 1346 385 1382 substantiae
402 1351 588 1395 pertinent:
605 1360 681 1381 nam
694 1347 873 1381 humanitas
886 1375 894 1389 ‚
909 1358 943 1381 ut
963 1358 1033 1395 pars
1050 1349 1228 1395 concipitur
1239 1377 1248 1390 ,
1266 1354 1300 1385 ὃ(
1312 1348 1389 1394 quid
1403 1350 1455 1382 in-

70 1393 282 1442 completum.
294 1398 409 1431 Homo
423 1424 432 1438 ‚
447 1395 498 1431 seu
511 1396 597 1443 quod
609 1394 710 1430 habet
723 1396 960 1431 humanitatem
980 1401 1013 1432 δε
1031 1398 1066 1429 in
1083 1394 1112 1429 se
1128 1395 1258 1431 subfistit
1272 1426 1280 1440 ‚
1302 1397 1345 1431 est
1357 1397 1455 1443 quid-

73 1441 147 1475 dam
166 1444 364 1492 completum
375 1446 408 1479 in
423 1443 478 1479 suo
487 1456 614 1493 genere.
635 1446 723 1478 Hinc
737 1444 790 1478 illa
805 1445 988 1492 praedicatio
1010 1445 1056 1478 est
1071 1443 1218 1492 legitima
1233 1474 1242 1488 ,
1266 1446 1454 1482 formalis&

71 1495 253 1537 categorica
268 1520 278 1534 ,
305 1495 419 1526 Homo
436 1493 483 1526 est
492 1492 611 1527 animal
626 1505 711 1533 ·,non
723 1492 798 1535 illa,
821 1495 1013 1527 Humanitas
1031 1493 1074 1525 est
1085 1494 1276 1528 animalitas.
1298 1493 1361 1527 Vel
1370 1497 1455 1527 acci-

72 1538 150 1572 dens
162 1539 200 1571 ad
212 1539 311 1573 multa
325 1540 465 1588 iubjeeta
478 1569 487 1583 ,
502 1553 572 1587 quae
587 1549 642 1572 aut
654 1538 778 1586 specie,
802 1552 856 1574 aut
874 1552 1010 1574 numero
1039 1537 1192 1574 differunt
1202 1570 1211 1584 ,
1233 1553 1433 1588 comparatur
1446 1571 1456 1585 ,

73 1597 205 1633 tumque
216 1591 376 1623 rationem
391 1587 492 1623 habet
514 1589 623 1635 quinti
642 1587 853 1634 praedicabilis
873 1603 881 1624 :
904 1601 978 1622 nam
996 1588 1182 1635 praedicatur
1198 1590 1359 1637 adjeffive
1371 1619 1380 1633 ,
1402 1589 1454 1625 seu

73 1636 105 1668 in
116 1635 210 1682 quale
221 1649 277 1684 per
286 1637 421 1672 modum
432 1637 607 1685 adjacentis
619 1665 627 1678 ‚
639 1649 706 1670 non
721 1638 755 1671 in
765 1637 841 1684 quid
853 1665 862 1680 ,
884 1636 970 1685 quasi
987 1637 1026 1670 ad
1039 1638 1084 1671 tei
1095 1635 1260 1673 essentiam
1272 1641 1454 1687 pertineat:

72 1684 126 1716 sic
140 1684 240 1720 homo
254 1686 368 1720 dicitur
381 1685 471 1720 albus
482 1715 491 1729 ‚
520 1688 573 1720 nix
592 1684 720 1733 frigida.

94 1734 173 1781 Jam
185 1737 358 1769 utmittam
376 1734 527 1782 plurimas
547 1730 719 1768 accidentis
743 1734 911 1770 divisiones
922 1764 931 1778 ‚
949 1746 1020 1779 quae
1037 1733 1117 1769 alibi
1135 1736 1336 1770 commodius
1350 1749 1454 1786 expo-

73 1793 206 1817 nentur:
234 1798 261 1819 1>
279 1784 433 1818 Accidens
443 1796 498 1818 aut
517 1781 692 1830 subjeetum
711 1783 900 1818 extrinsecus
922 1783 1021 1817 afficit
1040 1789 1074 1820 δ(
1092 1784 1299 1827 denominat,
1320 1796 1454 1833 tumque

73 1829 251 1865 extrinseca
262 1831 485 1867 denominatio
498 1831 686 1879 appellatur.
709 1833 761 1865 Sic
771 1834 873 1880 paries
887 1833 1002 1867 dicitur
1010 1831 1092 1866 visus
1103 1832 1123 1867 ἐι
1137 1830 1258 1866 visione
1268 1861 1276 1874 ‚
1298 1845 1371 1878 quae
1387 1848 1455 1869 non

72 1878 115 1913 est
133 1881 166 1913 in
185 1882 306 1926 pariete
319 1910 327 1922 ,
348 1879 443 1917 sedin
454 1881 584 1917 homine
601 1897 610 1924 3
628 1892 683 1914 aut
700 1879 843 1928 subja-eto
859 1882 901 1917 est
915 1881 1120 1917 intrinsecum
1133 1908 1143 1923 ,
1162 1881 1260 1928 idque
1282 1880 1381 1915 rursus
1397 1885 1455 1917 tri..

72 1926 150 1975 plici
160 1929 260 1963 modo
276 1928 450 1978 usurpatur.
746 1926 752 1931 ’

108 1990 121 2011 1
146 1978 181 2012 U
182 1988 195 2011 t
207 1977 343 2013 essentiae
354 1981 403 2013 rei
419 1982 595 2028 opponitur
609 2008 618 2023 ‚
636 1990 773 2026 >turrique
795 1979 942 2014 accidens
966 1977 1221 2028 metaphysicum
1251 1978 1453 2027 appellatur;

73 2022 136 2059 five
146 2023 182 2060 fit
196 2029 377 2075 proprietas
387 2058 397 2072 ‚
412 2027 475 2064 five
488 2029 637 2065 accidens
648 2041 825 2065 ‚commune
839 2057 849 2072 ,
868 2029 1049 2066 dummodo
1063 2030 1112 2063 rei
1125 2026 1289 2064 essentiam
1300 2041 1368 2064 non
1379 2041 1456 2063 con-

74 2074 194 2110 stituat.

98 2125 201 2177 ¹2²»Ut
212 2123 381 2160 necessario
394 2129 570 2175 opponit-ui·
581 2156 590 2171 ‚
608 2131 642 2163 δε
659 2129 885 2177 contingenter
902 2128 1036 2163 advenit
1051 2155 1060 2171 ‚
1074 2126 1174 2174 idque
1188 2125 1230 2161 est
1246 2125 1389 2161 accidens
1406 2123 1455 2159 lo-

71 2183 191 2219 greum.

108 2229 136 2263 3⁰
149 2224 197 2256 Ut
212 2224 389 2268 opponitur
404 2222 578 2260 substantiae
594 2255 603 2268 ‚
624 2228 702 2262 &in
715 2238 752 2259 ea
773 2226 1019 2272 quodammodo
1045 2223 1178 2259 subsistit
1192 2251 1201 2265 ,
1221 2235 1276 2258 aut
1306 2224 1455 2259 inhaeret:

73 2278 109 2301 ut
126 2271 226 2304 virtus
243 2298 252 2312 ,
269 2270 493 2317 pulchri-tudo,
507 2273 606 2307 rubor
619 2276 651 2309 in
665 2274 746 2308 facie
759 2302 769 2316 ‚
796 2275 894 2321 idque
913 2275 1059 2308 accidens
1077 2270 1240 2321 physicum
1257 2275 1457 2307 nominatum

107 2316 222 2351 Rursus
243 2319 390 2354 accidens
404 2322 456 2356 vel
467 2323 510 2357 est
524 2322 722 2365 absolutum,
747 2334 780 2357 ut
796 2323 882 2358 calor
899 2341 907 2366 3
930 2322 983 2358 vel
1006 2323 1174 2356 relativum
1187 2350 1196 2364 ‚
1217 2332 1252 2355 ut
1263 2321 1428 2369 :equalitas
1446 2347 1457 2362 ,

74 2362 255 2402 similitudo.
269 2367 332 2402 Sed
343 2369 400 2403 ista
413 2372 613 2407 commodius
633 2374 666 2409 in
683 2373 937 2420 praedicamentis
951 2400 960 2415 ‚
993 2371 1034 2406 de
1049 2369 1166 2419 quibus
1189 2382 1264 2405 mox
1287 2370 1459 2418 agendum.

1204 2420 1237 2454 O
1259 2419 1291 2465 iij
