<?xml version="1.0" encoding="UTF-8"?>
<!DOCTYPE html PUBLIC "-//W3C//DTD XHTML 1.0 Transitional//EN"
    "http://www.w3.org/TR/xhtml1/DTD/xhtml1-transitional.dtd">
<html xmlns="http://www.w3.org/1999/xhtml" xml:lang="en" lang="en">
 <head>
  <title>
</title>
<meta http-equiv="Content-Type" content="text/html;charset=utf-8" />
  <meta name='ocr-system' content='tesseract 3.04.00' />
  <meta name='ocr-capabilities' content='ocr_page ocr_carea ocr_par ocr_line ocrx_word'/>
</head>
<body>
  <div class='ocr_page' id='page_1' title='image "./philosophiavetus01duhauoft_0060.png"; bbox 0 0 1857 2745; ppageno 0'>
   <div class='ocr_carea' id='block_1_1' title="bbox 336 140 1736 585">
    <p class='ocr_par' dir='ltr' id='par_1_1' title="bbox 340 140 1286 192">
     <span class='ocr_line' id='line_1_1' title="bbox 340 140 1286 192; baseline 0.004 -19"><span class='ocrx_word' id='word_1_1' title='bbox 340 147 372 192; x_wconf 72' lang='lat'>38</span> <span class='ocrx_word' id='word_1_2' title='bbox 747 140 1286 179; x_wconf 82' lang='lat' dir='ltr'>INSTITUTIONES</span> 
     </span>
    </p>

    <p class='ocr_par' dir='ltr' id='par_1_2' title="bbox 340 187 1736 327">
     <span class='ocr_line' id='line_1_2' title="bbox 342 187 1736 242; baseline 0.003 -18"><span class='ocrx_word' id='word_1_3' title='bbox 342 197 410 231; x_wconf 66' lang='lat' dir='ltr'>&amp;us</span> <span class='ocrx_word' id='word_1_4' title='bbox 423 222 433 236; x_wconf 77' lang='lat'>‚</span> <span class='ocrx_word' id='word_1_5' title='bbox 450 194 483 228; x_wconf 83' lang='lat' dir='ltr'>in</span> <span class='ocrx_word' id='word_1_6' title='bbox 499 202 566 237; x_wconf 87' lang='lat' dir='ltr'>quo</span> <span class='ocrx_word' id='word_1_7' title='bbox 578 187 747 224; x_wconf 87' lang='lat' dir='ltr'>evidenter</span> <span class='ocrx_word' id='word_1_8' title='bbox 757 187 894 226; x_wconf 88' lang='lat' dir='ltr'>infertur</span> <span class='ocrx_word' id='word_1_9' title='bbox 905 189 1020 224; x_wconf 84' lang='lat' dir='ltr'>eadem</span> <span class='ocrx_word' id='word_1_10' title='bbox 1029 189 1204 241; x_wconf 69' lang='lat' dir='ltr'>propositio</span> <span class='ocrx_word' id='word_1_11' title='bbox 1219 221 1229 236; x_wconf 86' lang='lat'>‚</span> <span class='ocrx_word' id='word_1_12' title='bbox 1246 205 1316 240; x_wconf 79' lang='lat' dir='ltr'>quae</span> <span class='ocrx_word' id='word_1_13' title='bbox 1333 190 1439 227; x_wconf 84' lang='lat' dir='ltr'>fureat</span> <span class='ocrx_word' id='word_1_14' title='bbox 1450 191 1610 228; x_wconf 79' lang='lat' dir='ltr'>conclufio</span> <span class='ocrx_word' id='word_1_15' title='bbox 1632 191 1736 242; x_wconf 78' lang='lat' dir='ltr'>syllo-</span> 
     </span>
     <span class='ocr_line' id='line_1_3' title="bbox 340 236 1729 293; baseline -0.001 -16"><span class='ocrx_word' id='word_1_16' title='bbox 340 242 433 293; x_wconf 72' lang='lat' dir='ltr'>gismi</span> <span class='ocrx_word' id='word_1_17' title='bbox 448 238 633 289; x_wconf 65' lang='lat' dir='ltr'>imperfesti</span> <span class='ocrx_word' id='word_1_18' title='bbox 644 266 654 282; x_wconf 85' lang='lat'><strong>,</strong></span> <span class='ocrx_word' id='word_1_19' title='bbox 664 251 721 274; x_wconf 85' lang='lat' dir='ltr'>aut</span> <span class='ocrx_word' id='word_1_20' title='bbox 737 236 851 274; x_wconf 82' lang='lat' dir='ltr'>saltem</span> <span class='ocrx_word' id='word_1_21' title='bbox 864 244 932 291; x_wconf 83' lang='lat' dir='ltr'>ejus</span> <span class='ocrx_word' id='word_1_22' title='bbox 945 240 1097 275; x_wconf 82' lang='lat' dir='ltr'>conversa</span> <span class='ocrx_word' id='word_1_23' title='bbox 1108 270 1117 286; x_wconf 90' lang='lat'>,</span> <span class='ocrx_word' id='word_1_24' title='bbox 1134 254 1172 279; x_wconf 84' lang='lat' dir='ltr'>ex</span> <span class='ocrx_word' id='word_1_25' title='bbox 1188 254 1254 291; x_wconf 88' lang='lat' dir='ltr'>qua</span> <span class='ocrx_word' id='word_1_26' title='bbox 1268 242 1400 277; x_wconf 80' lang='lat' dir='ltr'>tandem</span> <span class='ocrx_word' id='word_1_27' title='bbox 1411 242 1579 277; x_wconf 85' lang='lat' dir='ltr'>deducitur</span> <span class='ocrx_word' id='word_1_28' title='bbox 1592 255 1729 278; x_wconf 86' lang='lat' dir='ltr'>conver.</span> 
     </span>
     <span class='ocr_line' id='line_1_4' title="bbox 342 290 453 327; baseline -0.009 0"><span class='ocrx_word' id='word_1_29' title='bbox 342 290 453 327; x_wconf 85' lang='lat' dir='ltr'>tenda.</span> 
     </span>
    </p>

    <p class='ocr_par' dir='ltr' id='par_1_3' title="bbox 336 334 1735 585">
     <span class='ocr_line' id='line_1_5' title="bbox 380 334 1735 389; baseline 0.004 -17"><span class='ocrx_word' id='word_1_30' title='bbox 380 338 483 387; x_wconf 80' lang='lat' dir='ltr'>Qod</span> <span class='ocrx_word' id='word_1_31' title='bbox 498 350 535 373; x_wconf 89' lang='lat' dir='ltr'>ut</span> <span class='ocrx_word' id='word_1_32' title='bbox 544 340 606 374; x_wconf 85' lang='lat' dir='ltr'>rite</span> <span class='ocrx_word' id='word_1_33' title='bbox 617 336 672 373; x_wconf 77' lang='lat' dir='ltr'>fiat</span> <span class='ocrx_word' id='word_1_34' title='bbox 688 365 696 380; x_wconf 86' lang='lat'>‚</span> <span class='ocrx_word' id='word_1_35' title='bbox 712 334 919 373; x_wconf 79' lang='lat' dir='ltr'>observandae</span> <span class='ocrx_word' id='word_1_36' title='bbox 929 337 1000 374; x_wconf 83' lang='lat' dir='ltr'>sunt</span> <span class='ocrx_word' id='word_1_37' title='bbox 1014 341 1047 375; x_wconf 85' lang='lat' dir='ltr'>in</span> <span class='ocrx_word' id='word_1_38' title='bbox 1068 342 1178 389; x_wconf 84' lang='lat' dir='ltr'>primis</span> <span class='ocrx_word' id='word_1_39' title='bbox 1197 353 1336 389; x_wconf 86' lang='lat' dir='ltr'>quatuor</span> <span class='ocrx_word' id='word_1_40' title='bbox 1346 341 1393 375; x_wconf 80' lang='lat' dir='ltr'>hae</span> <span class='ocrx_word' id='word_1_41' title='bbox 1412 339 1624 377; x_wconf 76' lang='lat' dir='ltr'>consonantes</span> <span class='ocrx_word' id='word_1_42' title='bbox 1637 344 1672 386; x_wconf 89' lang='lat' dir='ltr'>B,</span> <span class='ocrx_word' id='word_1_43' title='bbox 1682 343 1735 385; x_wconf 80' lang='lat' dir='ltr'>C„</span> 
     </span>
     <span class='ocr_line' id='line_1_6' title="bbox 340 387 1727 439; baseline 0.001 -15"><span class='ocrx_word' id='word_1_44' title='bbox 340 393 384 433; x_wconf 94' lang='lat' dir='ltr'>D,</span> <span class='ocrx_word' id='word_1_45' title='bbox 401 392 434 432; x_wconf 77' lang='lat' dir='ltr'>E,</span> <span class='ocrx_word' id='word_1_46' title='bbox 455 388 474 424; x_wconf 74' lang='grc' dir='ltr'>ἐι</span> <span class='ocrx_word' id='word_1_47' title='bbox 493 387 608 436; x_wconf 85' lang='lat' dir='ltr'>quibus</span> <span class='ocrx_word' id='word_1_48' title='bbox 632 388 792 435; x_wconf 81' lang='lat' dir='ltr'>incipiunt</span> <span class='ocrx_word' id='word_1_49' title='bbox 806 387 860 423; x_wconf 87' lang='lat' dir='ltr'>illa</span> <span class='ocrx_word' id='word_1_50' title='bbox 874 389 1103 424; x_wconf 80' lang='lat' dir='ltr'>novemdecim</span> <span class='ocrx_word' id='word_1_51' title='bbox 1116 389 1278 426; x_wconf 83' lang='lat' dir='ltr'>vocabula</span> <span class='ocrx_word' id='word_1_52' title='bbox 1291 389 1461 426; x_wconf 79' lang='lat' dir='ltr'>artificiosa</span> <span class='ocrx_word' id='word_1_53' title='bbox 1476 390 1598 438; x_wconf 82' lang='lat' dir='ltr'>quibus</span> <span class='ocrx_word' id='word_1_54' title='bbox 1620 393 1727 439; x_wconf 87' lang='lat' dir='ltr'>expri-</span> 
     </span>
     <span class='ocr_line' id='line_1_7' title="bbox 338 436 1727 488; baseline -0.001 -13"><span class='ocrx_word' id='word_1_55' title='bbox 338 449 471 475; x_wconf 78' lang='lat' dir='ltr'>muntur</span> <span class='ocrx_word' id='word_1_56' title='bbox 488 438 578 473; x_wconf 90' lang='lat' dir='ltr'>modi</span> <span class='ocrx_word' id='word_1_57' title='bbox 593 436 790 486; x_wconf 77' lang='lat' dir='ltr'>syllogistici.</span> <span class='ocrx_word' id='word_1_58' title='bbox 810 440 899 475; x_wconf 81' lang='lat' dir='ltr'>Nam</span> <span class='ocrx_word' id='word_1_59' title='bbox 912 440 1025 474; x_wconf 80' lang='lat' dir='ltr'>modus</span> <span class='ocrx_word' id='word_1_60' title='bbox 1036 438 1178 486; x_wconf 82' lang='lat' dir='ltr'>quilibet</span> <span class='ocrx_word' id='word_1_61' title='bbox 1188 440 1396 488; x_wconf 75' lang='lat' dir='ltr'>imperfeCms</span> <span class='ocrx_word' id='word_1_62' title='bbox 1410 439 1561 476; x_wconf 75' lang='lat' dir='ltr'>ostensive</span> <span class='ocrx_word' id='word_1_63' title='bbox 1570 441 1727 475; x_wconf 87' lang='lat' dir='ltr'>reducen-</span> 
     </span>
     <span class='ocr_line' id='line_1_8' title="bbox 336 485 1727 538; baseline 0.001 -15"><span class='ocrx_word' id='word_1_64' title='bbox 336 489 395 523; x_wconf 86' lang='lat' dir='ltr'>dus</span> <span class='ocrx_word' id='word_1_65' title='bbox 406 488 449 522; x_wconf 90' lang='lat' dir='ltr'>est</span> <span class='ocrx_word' id='word_1_66' title='bbox 464 487 503 522; x_wconf 89' lang='lat' dir='ltr'>ad</span> <span class='ocrx_word' id='word_1_67' title='bbox 517 486 699 536; x_wconf 66' lang='lat' dir='ltr'>perfeehim</span> <span class='ocrx_word' id='word_1_68' title='bbox 709 485 853 535; x_wconf 78' lang='lat' dir='ltr'>aliquem</span> <span class='ocrx_word' id='word_1_69' title='bbox 867 489 1019 533; x_wconf 87' lang='lat' dir='ltr'>modum,</span> <span class='ocrx_word' id='word_1_70' title='bbox 1035 490 1092 537; x_wconf 89' lang='lat' dir='ltr'>qui</span> <span class='ocrx_word' id='word_1_71' title='bbox 1104 489 1146 525; x_wconf 80' lang='lat' dir='ltr'>ab</span> <span class='ocrx_word' id='word_1_72' title='bbox 1161 490 1276 525; x_wconf 78' lang='lat' dir='ltr'>eadem</span> <span class='ocrx_word' id='word_1_73' title='bbox 1295 492 1408 538; x_wconf 85' lang='lat' dir='ltr'>incipit</span> <span class='ocrx_word' id='word_1_74' title='bbox 1419 490 1636 534; x_wconf 82' lang='lat' dir='ltr'>consonante,</span> <span class='ocrx_word' id='word_1_75' title='bbox 1649 493 1727 537; x_wconf 85' lang='lat' dir='ltr'>jux-</span> 
     </span>
     <span class='ocr_line' id='line_1_9' title="bbox 337 537 736 585; baseline 0 -13"><span class='ocrx_word' id='word_1_76' title='bbox 337 550 372 572; x_wconf 88' lang='lat' dir='ltr'>ta</span> <span class='ocrx_word' id='word_1_77' title='bbox 390 537 521 585; x_wconf 81' lang='lat' dir='ltr'>vulgare</span> <span class='ocrx_word' id='word_1_78' title='bbox 547 537 713 572; x_wconf 84' lang='lat' dir='ltr'>distichum</span> <span class='ocrx_word' id='word_1_79' title='bbox 729 550 736 572; x_wconf 88' lang='lat'>:</span> 
     </span>
    </p>
   </div>
   <div class='ocr_carea' id='block_1_2' title="bbox 499 609 1304 704">
    <p class='ocr_par' dir='ltr' id='par_1_4' title="bbox 499 609 1304 704">
     <span class='ocr_line' id='line_1_10' title="bbox 509 609 1304 658; baseline 0.008 -14"><span class='ocrx_word' id='word_1_80' title='bbox 509 609 659 650; x_wconf 79' lang='lat' dir='ltr'><em>Barbara</em></span> <span class='ocrx_word' id='word_1_81' title='bbox 674 612 863 658; x_wconf 71' lang='lat' dir='ltr'>demonstras</span> <span class='ocrx_word' id='word_1_82' title='bbox 878 614 906 646; x_wconf 90' lang='lat' dir='ltr'><em>B</em></span> <span class='ocrx_word' id='word_1_83' title='bbox 921 629 928 649; x_wconf 82' lang='lat'>,·</span> <span class='ocrx_word' id='word_1_84' title='bbox 952 613 1103 650; x_wconf 75' lang='lat' dir='ltr'>celarem</span> <span class='ocrx_word' id='word_1_85' title='bbox 1115 616 1142 649; x_wconf 89' lang='lat' dir='ltr'><em>C</em></span> <span class='ocrx_word' id='word_1_86' title='bbox 1159 615 1281 650; x_wconf 81' lang='lat' dir='ltr'>reducit</span> <span class='ocrx_word' id='word_1_87' title='bbox 1296 630 1304 650; x_wconf 65' lang='lat'><em>³</em></span> 
     </span>
     <span class='ocr_line' id='line_1_11' title="bbox 499 662 1137 704; baseline 0.009 -10"><span class='ocrx_word' id='word_1_88' title='bbox 499 667 536 699; x_wconf 87' lang='lat' dir='ltr'><em>D</em></span> <span class='ocrx_word' id='word_1_89' title='bbox 554 662 638 695; x_wconf 82' lang='lat' dir='ltr'>redit</span> <span class='ocrx_word' id='word_1_90' title='bbox 652 663 698 698; x_wconf 83' lang='lat' dir='ltr'>ad</span> <span class='ocrx_word' id='word_1_91' title='bbox 712 664 814 697; x_wconf 69' lang='lat' dir='ltr'>Darii</span> <span class='ocrx_word' id='word_1_92' title='bbox 824 678 832 698; x_wconf 59' lang='grc' dir='ltr'><em>ς</em></span> <span class='ocrx_word' id='word_1_93' title='bbox 844 663 870 697; x_wconf 90' lang='lat' dir='ltr'><em>F</em></span> <span class='ocrx_word' id='word_1_94' title='bbox 887 663 971 698; x_wconf 69' lang='lat' dir='ltr'>redit</span> <span class='ocrx_word' id='word_1_95' title='bbox 984 665 1028 700; x_wconf 81' lang='lat' dir='ltr'>ad</span> <span class='ocrx_word' id='word_1_96' title='bbox 1038 667 1137 704; x_wconf 83' lang='lat' dir='ltr'>Ferio.</span> 
     </span>
    </p>
   </div>
   <div class='ocr_carea' id='block_1_3' title="bbox 326 735 1762 2309">
    <p class='ocr_par' dir='ltr' id='par_1_5' title="bbox 333 735 1733 1129">
     <span class='ocr_line' id='line_1_12' title="bbox 368 735 1727 789; baseline -0.001 -17"><span class='ocrx_word' id='word_1_97' title='bbox 368 738 499 789; x_wconf 79' lang='lat' dir='ltr'>Insuper</span> <span class='ocrx_word' id='word_1_98' title='bbox 510 735 719 774; x_wconf 85' lang='lat' dir='ltr'>observandae</span> <span class='ocrx_word' id='word_1_99' title='bbox 730 736 799 773; x_wconf 86' lang='lat' dir='ltr'>sunt</span> <span class='ocrx_word' id='word_1_100' title='bbox 815 748 949 784; x_wconf 83' lang='lat' dir='ltr'>quatuor</span> <span class='ocrx_word' id='word_1_101' title='bbox 963 736 1032 773; x_wconf 82' lang='lat' dir='ltr'>aliae</span> <span class='ocrx_word' id='word_1_102' title='bbox 1049 738 1263 774; x_wconf 76' lang='lat' dir='ltr'>consonantes</span> <span class='ocrx_word' id='word_1_103' title='bbox 1276 766 1285 781; x_wconf 86' lang='lat'>‚</span> <span class='ocrx_word' id='word_1_104' title='bbox 1303 751 1372 786; x_wconf 83' lang='lat' dir='ltr'>quae</span> <span class='ocrx_word' id='word_1_105' title='bbox 1385 740 1588 786; x_wconf 88' lang='lat' dir='ltr'>reperiuntur</span> <span class='ocrx_word' id='word_1_106' title='bbox 1608 740 1641 775; x_wconf 89' lang='lat' dir='ltr'>in</span> <span class='ocrx_word' id='word_1_107' title='bbox 1655 751 1727 776; x_wconf 67' lang='lat' dir='ltr'>me-</span> 
     </span>
     <span class='ocr_line' id='line_1_13' title="bbox 335 785 1726 837; baseline 0.001 -13"><span class='ocrx_word' id='word_1_108' title='bbox 335 789 471 833; x_wconf 83' lang='lat' dir='ltr'>di0‚vel</span> <span class='ocrx_word' id='word_1_109' title='bbox 489 790 520 823; x_wconf 88' lang='lat' dir='ltr'>in</span> <span class='ocrx_word' id='word_1_110' title='bbox 537 786 600 823; x_wconf 87' lang='lat' dir='ltr'>fine</span> <span class='ocrx_word' id='word_1_111' title='bbox 613 787 764 837; x_wconf 78' lang='lat' dir='ltr'>cujusque</span> <span class='ocrx_word' id='word_1_112' title='bbox 777 785 945 828; x_wconf 60' lang='lat' dir='ltr'>vocabum</span> <span class='ocrx_word' id='word_1_113' title='bbox 957 789 988 831; x_wconf 87' lang='lat' dir='ltr'>S,</span> <span class='ocrx_word' id='word_1_114' title='bbox 999 790 1037 831; x_wconf 89' lang='lat' dir='ltr'>P,</span> <span class='ocrx_word' id='word_1_115' title='bbox 1052 791 1102 832; x_wconf 88' lang='lat' dir='ltr'>M,</span> <span class='ocrx_word' id='word_1_116' title='bbox 1116 788 1145 822; x_wconf 88' lang='lat' dir='ltr'>C</span> <span class='ocrx_word' id='word_1_117' title='bbox 1156 818 1164 832; x_wconf 91' lang='lat'>‚</span> <span class='ocrx_word' id='word_1_118' title='bbox 1183 800 1321 836; x_wconf 73' lang='lat' dir='ltr'>quarum</span> <span class='ocrx_word' id='word_1_119' title='bbox 1337 788 1402 822; x_wconf 83' lang='lat' dir='ltr'>haec</span> <span class='ocrx_word' id='word_1_120' title='bbox 1417 788 1460 822; x_wconf 90' lang='lat' dir='ltr'>est</span> <span class='ocrx_word' id='word_1_121' title='bbox 1477 787 1686 837; x_wconf 73' lang='lat' dir='ltr'>significatio:</span> <span class='ocrx_word' id='word_1_122' title='bbox 1704 791 1726 824; x_wconf 87' lang='lat' dir='ltr'><strong>S</strong></span> 
     </span>
     <span class='ocr_line' id='line_1_14' title="bbox 334 835 1726 886; baseline 0.001 -14"><span class='ocrx_word' id='word_1_123' title='bbox 334 839 474 874; x_wconf 86' lang='lat' dir='ltr'>ostendit</span> <span class='ocrx_word' id='word_1_124' title='bbox 489 836 742 885; x_wconf 76' lang='lat' dir='ltr'>propositionem</span> <span class='ocrx_word' id='word_1_125' title='bbox 757 849 855 885; x_wconf 77' lang='lat' dir='ltr'>quam</span> <span class='ocrx_word' id='word_1_126' title='bbox 869 835 1012 885; x_wconf 80' lang='lat' dir='ltr'>designat</span> <span class='ocrx_word' id='word_1_127' title='bbox 1026 837 1147 873; x_wconf 82' lang='lat' dir='ltr'>vocalis</span> <span class='ocrx_word' id='word_1_128' title='bbox 1169 837 1354 886; x_wconf 79' lang='lat' dir='ltr'>praeeedens</span> <span class='ocrx_word' id='word_1_129' title='bbox 1367 865 1376 879; x_wconf 87' lang='lat'><em>,</em></span> <span class='ocrx_word' id='word_1_130' title='bbox 1395 836 1456 872; x_wconf 81' lang='lat' dir='ltr'>effe</span> <span class='ocrx_word' id='word_1_131' title='bbox 1469 838 1726 874; x_wconf 80' lang='lat' dir='ltr'>convertendam</span> 
     </span>
     <span class='ocr_line' id='line_1_15' title="bbox 334 882 1726 935; baseline 0.001 -14"><span class='ocrx_word' id='word_1_132' title='bbox 334 886 541 935; x_wconf 69' lang='lat' dir='ltr'>simpliciter:</span> <span class='ocrx_word' id='word_1_133' title='bbox 557 889 580 922; x_wconf 85' lang='grc' dir='ltr'>Ρ</span> <span class='ocrx_word' id='word_1_134' title='bbox 595 887 733 921; x_wconf 85' lang='lat' dir='ltr'>ostendit</span> <span class='ocrx_word' id='word_1_135' title='bbox 753 897 826 920; x_wconf 84' lang='lat' dir='ltr'>eam</span> <span class='ocrx_word' id='word_1_136' title='bbox 843 882 902 919; x_wconf 83' lang='lat' dir='ltr'>esse</span> <span class='ocrx_word' id='word_1_137' title='bbox 922 887 1178 921; x_wconf 83' lang='lat' dir='ltr'>convertendam</span> <span class='ocrx_word' id='word_1_138' title='bbox 1190 899 1246 934; x_wconf 84' lang='lat' dir='ltr'>per</span> <span class='ocrx_word' id='word_1_139' title='bbox 1267 886 1437 921; x_wconf 83' lang='lat' dir='ltr'>accidens:</span> <span class='ocrx_word' id='word_1_140' title='bbox 1458 888 1497 920; x_wconf 93' lang='lat' dir='ltr'>M</span> <span class='ocrx_word' id='word_1_141' title='bbox 1509 887 1631 921; x_wconf 85' lang='lat' dir='ltr'>indicat</span> <span class='ocrx_word' id='word_1_142' title='bbox 1651 887 1726 923; x_wconf 91' lang='lat' dir='ltr'>loco</span> 
     </span>
     <span class='ocr_line' id='line_1_16' title="bbox 335 931 1727 984; baseline -0.004 -12"><span class='ocrx_word' id='word_1_143' title='bbox 335 936 526 978; x_wconf 70' lang='lat' dir='ltr'>mutandas,</span> <span class='ocrx_word' id='word_1_144' title='bbox 551 934 604 970; x_wconf 83' lang='lat' dir='ltr'>seu</span> <span class='ocrx_word' id='word_1_145' title='bbox 620 934 873 984; x_wconf 81' lang='lat' dir='ltr'>transponendas</span> <span class='ocrx_word' id='word_1_146' title='bbox 885 931 945 968; x_wconf 81' lang='lat' dir='ltr'>effe</span> <span class='ocrx_word' id='word_1_147' title='bbox 962 934 1132 983; x_wconf 60' lang='lat' dir='ltr'>praemissas</span> <span class='ocrx_word' id='word_1_148' title='bbox 1146 951 1154 978; x_wconf 84' lang='lat'><em>3</em></span> <span class='ocrx_word' id='word_1_149' title='bbox 1173 937 1217 969; x_wconf 82' lang='lat' dir='ltr'>ita</span> <span class='ocrx_word' id='word_1_150' title='bbox 1228 946 1263 969; x_wconf 92' lang='lat' dir='ltr'>ut</span> <span class='ocrx_word' id='word_1_151' title='bbox 1281 947 1352 982; x_wconf 84' lang='lat' dir='ltr'>quae</span> <span class='ocrx_word' id='word_1_152' title='bbox 1366 939 1468 982; x_wconf 77' lang='lat' dir='ltr'>major</span> <span class='ocrx_word' id='word_1_153' title='bbox 1483 946 1571 979; x_wconf 80' lang='lat' dir='ltr'>erat,</span> <span class='ocrx_word' id='word_1_154' title='bbox 1587 934 1642 970; x_wconf 88' lang='lat' dir='ltr'>fiat</span> <span class='ocrx_word' id='word_1_155' title='bbox 1662 939 1727 970; x_wconf 83' lang='lat' dir='ltr'>mi-</span> 
     </span>
     <span class='ocr_line' id='line_1_17' title="bbox 334 975 1733 1032; baseline -0.001 -12"><span class='ocrx_word' id='word_1_156' title='bbox 334 999 415 1029; x_wconf 89' lang='lat' dir='ltr'>nor·‚</span> <span class='ocrx_word' id='word_1_157' title='bbox 431 991 545 1031; x_wconf 86' lang='lat' dir='ltr'>&amp;quae</span> <span class='ocrx_word' id='word_1_158' title='bbox 559 985 666 1019; x_wconf 82' lang='lat' dir='ltr'>minor</span> <span class='ocrx_word' id='word_1_159' title='bbox 684 984 769 1028; x_wconf 87' lang='lat' dir='ltr'>fuit,</span> <span class='ocrx_word' id='word_1_160' title='bbox 784 987 886 1029; x_wconf 80' lang='lat' dir='ltr'>major</span> <span class='ocrx_word' id='word_1_161' title='bbox 903 981 981 1019; x_wconf 85' lang='lat' dir='ltr'>fiat:</span> <span class='ocrx_word' id='word_1_162' title='bbox 1001 985 1032 1019; x_wconf 95' lang='lat' dir='ltr'>C</span> <span class='ocrx_word' id='word_1_163' title='bbox 1054 975 1192 1020; x_wconf 81' lang='lat' dir='ltr'>ostendit</span> <span class='ocrx_word' id='word_1_164' title='bbox 1218 984 1335 1019; x_wconf 84' lang='lat' dir='ltr'>modos</span> <span class='ocrx_word' id='word_1_165' title='bbox 1353 986 1387 1018; x_wconf 92' lang='lat' dir='ltr'>in</span> <span class='ocrx_word' id='word_1_166' title='bbox 1408 982 1526 1030; x_wconf 86' lang='lat' dir='ltr'>quibus</span> <span class='ocrx_word' id='word_1_167' title='bbox 1558 988 1733 1032; x_wconf 71' lang='lat' dir='ltr'>reperitur,</span> 
     </span>
     <span class='ocr_line' id='line_1_18' title="bbox 333 1030 1725 1081; baseline 0.001 -12"><span class='ocrx_word' id='word_1_168' title='bbox 333 1046 452 1081; x_wconf 88' lang='lat' dir='ltr'>nempe</span> <span class='ocrx_word' id='word_1_169' title='bbox 463 1033 608 1068; x_wconf 81' lang='lat' dir='ltr'>Bocardo</span> <span class='ocrx_word' id='word_1_170' title='bbox 619 1038 652 1069; x_wconf 87' lang='lat'>&amp;</span> <span class='ocrx_word' id='word_1_171' title='bbox 665 1035 786 1067; x_wconf 78' lang='lat' dir='ltr'>Baroco</span> <span class='ocrx_word' id='word_1_172' title='bbox 799 1058 809 1072; x_wconf 88' lang='lat'><strong>,</strong></span> <span class='ocrx_word' id='word_1_173' title='bbox 831 1043 898 1065; x_wconf 87' lang='lat' dir='ltr'>non</span> <span class='ocrx_word' id='word_1_174' title='bbox 914 1030 999 1076; x_wconf 80' lang='lat' dir='ltr'>poffe</span> <span class='ocrx_word' id='word_1_175' title='bbox 1016 1033 1125 1066; x_wconf 83' lang='lat' dir='ltr'>reduci</span> <span class='ocrx_word' id='word_1_176' title='bbox 1139 1031 1291 1068; x_wconf 85' lang='lat' dir='ltr'>ostenfive</span> <span class='ocrx_word' id='word_1_177' title='bbox 1303 1061 1313 1076; x_wconf 91' lang='lat'><strong><em>,</em></strong></span> <span class='ocrx_word' id='word_1_178' title='bbox 1341 1030 1393 1066; x_wconf 91' lang='lat' dir='ltr'>sed</span> <span class='ocrx_word' id='word_1_179' title='bbox 1409 1043 1533 1069; x_wconf 79' lang='lat' dir='ltr'>tantum</span> <span class='ocrx_word' id='word_1_180' title='bbox 1551 1034 1725 1081; x_wconf 77' lang='lat' dir='ltr'>reprehen—</span> 
     </span>
     <span class='ocr_line' id='line_1_19' title="bbox 334 1078 1243 1129; baseline -0.002 -11"><span class='ocrx_word' id='word_1_181' title='bbox 334 1081 398 1118; x_wconf 75' lang='lat' dir='ltr'>five</span> <span class='ocrx_word' id='word_1_182' title='bbox 412 1111 422 1126; x_wconf 94' lang='lat'>,</span> <span class='ocrx_word' id='word_1_183' title='bbox 434 1081 498 1117; x_wconf 85' lang='lat' dir='ltr'>slve</span> <span class='ocrx_word' id='word_1_184' title='bbox 508 1093 566 1128; x_wconf 85' lang='lat' dir='ltr'>per</span> <span class='ocrx_word' id='word_1_185' title='bbox 579 1079 774 1129; x_wconf 84' lang='lat' dir='ltr'>impoffibile</span> <span class='ocrx_word' id='word_1_186' title='bbox 786 1109 795 1123; x_wconf 92' lang='lat'>,</span> <span class='ocrx_word' id='word_1_187' title='bbox 803 1084 892 1127; x_wconf 79' lang='lat' dir='ltr'>juxta</span> <span class='ocrx_word' id='word_1_188' title='bbox 904 1078 983 1114; x_wconf 84' lang='lat' dir='ltr'>illud</span> <span class='ocrx_word' id='word_1_189' title='bbox 995 1082 1094 1115; x_wconf 86' lang='lat' dir='ltr'>etiam</span> <span class='ocrx_word' id='word_1_190' title='bbox 1113 1083 1243 1117; x_wconf 84' lang='lat' dir='ltr'>tritum:</span> 
     </span>
    </p>

    <p class='ocr_par' dir='ltr' id='par_1_6' title="bbox 501 1129 1255 1179">
     <span class='ocr_line' id='line_1_20' title="bbox 501 1129 1255 1179; baseline 0.001 -16"><span class='ocrx_word' id='word_1_191' title='bbox 501 1132 528 1163; x_wconf 87' lang='lat' dir='ltr'><em>S</em></span> <span class='ocrx_word' id='word_1_192' title='bbox 539 1130 616 1164; x_wconf 80' lang='lat' dir='ltr'>vult</span> <span class='ocrx_word' id='word_1_193' title='bbox 619 1130 810 1179; x_wconf 79' lang='lat' dir='ltr'>fimpliciter</span> <span class='ocrx_word' id='word_1_194' title='bbox 818 1130 921 1167; x_wconf 71' lang='lat' dir='ltr'>verri,</span> <span class='ocrx_word' id='word_1_195' title='bbox 942 1133 970 1164; x_wconf 88' lang='lat' dir='ltr'><em>P</em></span> <span class='ocrx_word' id='word_1_196' title='bbox 984 1141 1061 1164; x_wconf 83' lang='lat' dir='ltr'>vero</span> <span class='ocrx_word' id='word_1_197' title='bbox 1074 1140 1133 1179; x_wconf 82' lang='lat' dir='ltr'>per</span> <span class='ocrx_word' id='word_1_198' title='bbox 1150 1129 1255 1167; x_wconf 73' lang='lat' dir='ltr'>accid.</span> 
     </span>
    </p>

    <p class='ocr_par' dir='ltr' id='par_1_7' title="bbox 333 1178 1724 1474">
     <span class='ocr_line' id='line_1_21' title="bbox 500 1178 1699 1227; baseline 0.001 -15"><span class='ocrx_word' id='word_1_199' title='bbox 500 1181 551 1212; x_wconf 91' lang='lat' dir='ltr'><em>M</em></span> <span class='ocrx_word' id='word_1_200' title='bbox 567 1180 641 1212; x_wconf 84' lang='lat' dir='ltr'>vult</span> <span class='ocrx_word' id='word_1_201' title='bbox 659 1180 840 1227; x_wconf 77' lang='lat' dir='ltr'>transponi,</span> <span class='ocrx_word' id='word_1_202' title='bbox 864 1180 892 1211; x_wconf 90' lang='lat' dir='ltr'><em>C</em></span> <span class='ocrx_word' id='word_1_203' title='bbox 907 1188 968 1226; x_wconf 87' lang='lat' dir='ltr'>per</span> <span class='ocrx_word' id='word_1_204' title='bbox 984 1178 1167 1227; x_wconf 76' lang='lat' dir='ltr'>impossibile</span> <span class='ocrx_word' id='word_1_205' title='bbox 1181 1178 1267 1213; x_wconf 80' lang='lat' dir='ltr'>duci.</span> <span class='ocrx_word' id='word_1_206' title='bbox 1688 1197 1699 1207; x_wconf 57' lang='lat'>«-</span> 
     </span>
     <span class='ocr_line' id='line_1_22' title="bbox 335 1225 1724 1278; baseline 0.004 -16"><span class='ocrx_word' id='word_1_207' title='bbox 335 1226 439 1274; x_wconf 81' lang='lat' dir='ltr'>Qod</span> <span class='ocrx_word' id='word_1_208' title='bbox 454 1225 474 1262; x_wconf 89' lang='lat' dir='ltr'>fi</span> <span class='ocrx_word' id='word_1_209' title='bbox 496 1239 573 1277; x_wconf 83' lang='lat' dir='ltr'>ergo</span> <span class='ocrx_word' id='word_1_210' title='bbox 591 1239 787 1277; x_wconf 80' lang='lat' dir='ltr'>proponatur</span> <span class='ocrx_word' id='word_1_211' title='bbox 801 1227 853 1262; x_wconf 90' lang='lat' dir='ltr'>hic</span> <span class='ocrx_word' id='word_1_212' title='bbox 874 1226 1074 1277; x_wconf 85' lang='lat' dir='ltr'>syllogifinus</span> <span class='ocrx_word' id='word_1_213' title='bbox 1100 1228 1311 1278; x_wconf 61' lang='lat' dir='ltr'>imperfedhis</span> <span class='ocrx_word' id='word_1_214' title='bbox 1332 1227 1373 1261; x_wconf 84' lang='lat' dir='ltr'>ad</span> <span class='ocrx_word' id='word_1_215' title='bbox 1395 1229 1578 1276; x_wconf 69' lang='lat' dir='ltr'>perfeetum</span> <span class='ocrx_word' id='word_1_216' title='bbox 1600 1230 1724 1267; x_wconf 62' lang='lat' dir='ltr'>ostensi·</span> 
     </span>
     <span class='ocr_line' id='line_1_23' title="bbox 333 1277 604 1321; baseline 0.004 -10"><span class='ocrx_word' id='word_1_217' title='bbox 333 1289 375 1311; x_wconf 80' lang='lat' dir='ltr'>ve</span> <span class='ocrx_word' id='word_1_218' title='bbox 387 1277 584 1312; x_wconf 84' lang='lat' dir='ltr'>reducendus</span> <span class='ocrx_word' id='word_1_219' title='bbox 594 1307 604 1321; x_wconf 88' lang='lat'><strong><em>,</em></strong></span> 
     </span>
     <span class='ocr_line' id='line_1_24' title="bbox 334 1325 949 1374; baseline 0.007 -15"><span class='ocrx_word' id='word_1_220' title='bbox 334 1328 397 1374; x_wconf 84' lang='lat' dir='ltr'>Fap</span> <span class='ocrx_word' id='word_1_221' title='bbox 440 1328 553 1362; x_wconf 83' lang='lat' dir='ltr'>Omne</span> <span class='ocrx_word' id='word_1_222' title='bbox 567 1326 689 1362; x_wconf 83' lang='lat' dir='ltr'>animal</span> <span class='ocrx_word' id='word_1_223' title='bbox 701 1327 743 1362; x_wconf 88' lang='lat' dir='ltr'>est</span> <span class='ocrx_word' id='word_1_224' title='bbox 758 1325 949 1363; x_wconf 75' lang='lat' dir='ltr'>substantia:</span> 
     </span>
     <span class='ocr_line' id='line_1_25' title="bbox 335 1334 881 1459; baseline 0.005 -50"><span class='ocrx_word' id='word_1_225' title='bbox 335 1374 376 1409; x_wconf 88' lang='lat' dir='ltr'>es</span> <span class='ocrx_word' id='word_1_226' title='bbox 405 1334 558 1459; x_wconf 77' lang='lat' dir='ltr'>{Nullus</span> <span class='ocrx_word' id='word_1_227' title='bbox 574 1375 654 1425; x_wconf 80' lang='lat' dir='ltr'>lapis</span> <span class='ocrx_word' id='word_1_228' title='bbox 673 1377 717 1411; x_wconf 90' lang='lat' dir='ltr'>est</span> <span class='ocrx_word' id='word_1_229' title='bbox 737 1375 881 1412; x_wconf 74' lang='lat' dir='ltr'>animal:</span> 
     </span>
     <span class='ocr_line' id='line_1_26' title="bbox 335 1424 1128 1474; baseline 0.003 -15"><span class='ocrx_word' id='word_1_230' title='bbox 335 1437 390 1459; x_wconf 88' lang='lat' dir='ltr'>mo</span> <span class='ocrx_word' id='word_1_231' title='bbox 441 1428 524 1474; x_wconf 84' lang='lat' dir='ltr'>Ergo</span> <span class='ocrx_word' id='word_1_232' title='bbox 543 1427 688 1473; x_wconf 81' lang='lat' dir='ltr'>quaedarn</span> <span class='ocrx_word' id='word_1_233' title='bbox 706 1424 876 1460; x_wconf 86' lang='lat' dir='ltr'>substantia</span> <span class='ocrx_word' id='word_1_234' title='bbox 890 1439 957 1461; x_wconf 81' lang='lat' dir='ltr'>non</span> <span class='ocrx_word' id='word_1_235' title='bbox 977 1426 1020 1460; x_wconf 86' lang='lat' dir='ltr'>est</span> <span class='ocrx_word' id='word_1_236' title='bbox 1037 1425 1128 1474; x_wconf 70' lang='lat' dir='ltr'>lapiS.</span> 
     </span>
    </p>

    <p class='ocr_par' dir='ltr' id='par_1_8' title="bbox 327 1473 1743 1913">
     <span class='ocr_line' id='line_1_27' title="bbox 372 1473 1722 1523; baseline 0.001 -16"><span class='ocrx_word' id='word_1_237' title='bbox 372 1482 403 1507; x_wconf 82' lang='lat'>10</span> <span class='ocrx_word' id='word_1_238' title='bbox 422 1474 558 1509; x_wconf 84' lang='lat' dir='ltr'>Planum</span> <span class='ocrx_word' id='word_1_239' title='bbox 572 1475 616 1509; x_wconf 86' lang='lat' dir='ltr'>est</span> <span class='ocrx_word' id='word_1_240' title='bbox 629 1487 703 1509; x_wconf 87' lang='lat' dir='ltr'>eum</span> <span class='ocrx_word' id='word_1_241' title='bbox 715 1474 936 1508; x_wconf 86' lang='lat' dir='ltr'>reducendum</span> <span class='ocrx_word' id='word_1_242' title='bbox 950 1474 1009 1509; x_wconf 79' lang='lat' dir='ltr'>esse</span> <span class='ocrx_word' id='word_1_243' title='bbox 1021 1475 1064 1508; x_wconf 85' lang='lat' dir='ltr'>ad·</span> <span class='ocrx_word' id='word_1_244' title='bbox 1078 1476 1169 1509; x_wconf 83' lang='lat' dir='ltr'>Ferio</span> <span class='ocrx_word' id='word_1_245' title='bbox 1181 1489 1192 1510; x_wconf 74' lang='grc' dir='ltr'><em>τ</em></span> <span class='ocrx_word' id='word_1_246' title='bbox 1203 1477 1279 1522; x_wconf 88' lang='lat' dir='ltr'>quia</span> <span class='ocrx_word' id='word_1_247' title='bbox 1292 1474 1344 1509; x_wconf 88' lang='lat' dir='ltr'>hic</span> <span class='ocrx_word' id='word_1_248' title='bbox 1355 1473 1552 1523; x_wconf 83' lang='lat' dir='ltr'>syllogismus</span> <span class='ocrx_word' id='word_1_249' title='bbox 1569 1475 1654 1511; x_wconf 83' lang='lat' dir='ltr'>estin</span> <span class='ocrx_word' id='word_1_250' title='bbox 1666 1477 1722 1511; x_wconf 76' lang='lat' dir='ltr'>Fa.</span> 
     </span>
     <span class='ocr_line' id='line_1_28' title="bbox 332 1521 1723 1571; baseline 0.004 -15"><span class='ocrx_word' id='word_1_251' title='bbox 332 1521 464 1571; x_wconf 81' lang='lat' dir='ltr'>pefino,</span> <span class='ocrx_word' id='word_1_252' title='bbox 481 1525 537 1569; x_wconf 86' lang='lat' dir='ltr'>qui</span> <span class='ocrx_word' id='word_1_253' title='bbox 556 1523 672 1557; x_wconf 86' lang='lat' dir='ltr'>modus</span> <span class='ocrx_word' id='word_1_254' title='bbox 691 1524 808 1570; x_wconf 82' lang='lat' dir='ltr'>incipit</span> <span class='ocrx_word' id='word_1_255' title='bbox 830 1521 871 1556; x_wconf 89' lang='lat' dir='ltr'>ab</span> <span class='ocrx_word' id='word_1_256' title='bbox 891 1525 922 1558; x_wconf 87' lang='lat' dir='ltr'>F.</span> <span class='ocrx_word' id='word_1_257' title='bbox 941 1523 1053 1558; x_wconf 79' lang='lat' dir='ltr'>Palam</span> <span class='ocrx_word' id='word_1_258' title='bbox 1075 1522 1188 1566; x_wconf 56' lang='lat' dir='ltr'>esta-o,</span> <span class='ocrx_word' id='word_1_259' title='bbox 1205 1526 1369 1571; x_wconf 83' lang='lat' dir='ltr'>Majorem</span> <span class='ocrx_word' id='word_1_260' title='bbox 1388 1522 1449 1557; x_wconf 80' lang='lat' dir='ltr'>effe</span> <span class='ocrx_word' id='word_1_261' title='bbox 1468 1526 1723 1561; x_wconf 75' lang='lat' dir='ltr'>convertendam</span> 
     </span>
     <span class='ocr_line' id='line_1_29' title="bbox 333 1570 1722 1620; baseline 0.002 -14"><span class='ocrx_word' id='word_1_262' title='bbox 333 1584 391 1620; x_wconf 84' lang='lat' dir='ltr'>per</span> <span class='ocrx_word' id='word_1_263' title='bbox 405 1572 552 1606; x_wconf 80' lang='lat' dir='ltr'>accidens</span> <span class='ocrx_word' id='word_1_264' title='bbox 569 1586 576 1607; x_wconf 91' lang='lat'>:</span> <span class='ocrx_word' id='word_1_265' title='bbox 594 1574 669 1618; x_wconf 84' lang='lat' dir='ltr'>quia</span> <span class='ocrx_word' id='word_1_266' title='bbox 683 1571 752 1620; x_wconf 89' lang='lat' dir='ltr'>post</span> <span class='ocrx_word' id='word_1_267' title='bbox 767 1572 906 1618; x_wconf 79' lang='lat' dir='ltr'>primam</span> <span class='ocrx_word' id='word_1_268' title='bbox 926 1570 1077 1607; x_wconf 85' lang='lat' dir='ltr'>vocalem</span> <span class='ocrx_word' id='word_1_269' title='bbox 1096 1570 1237 1618; x_wconf 87' lang='lat' dir='ltr'>sequitur</span> <span class='ocrx_word' id='word_1_270' title='bbox 1257 1575 1291 1607; x_wconf 85' lang='lat' dir='ltr'>P.</span> <span class='ocrx_word' id='word_1_271' title='bbox 1310 1571 1521 1607; x_wconf 81' lang='lat' dir='ltr'>Manifestum</span> <span class='ocrx_word' id='word_1_272' title='bbox 1534 1573 1577 1607; x_wconf 87' lang='lat' dir='ltr'>est</span> <span class='ocrx_word' id='word_1_273' title='bbox 1594 1580 1625 1618; x_wconf 84' lang='lat'>30</span> <span class='ocrx_word' id='word_1_274' title='bbox 1636 1602 1645 1616; x_wconf 82' lang='lat'><em>,</em></span> <span class='ocrx_word' id='word_1_275' title='bbox 1659 1577 1722 1609; x_wconf 87' lang='lat' dir='ltr'>mi.-</span> 
     </span>
     <span class='ocr_line' id='line_1_30' title="bbox 333 1618 1718 1669; baseline 0 -15"><span class='ocrx_word' id='word_1_276' title='bbox 333 1633 447 1655; x_wconf 66' lang='lat' dir='ltr'>norem</span> <span class='ocrx_word' id='word_1_277' title='bbox 466 1619 526 1655; x_wconf 78' lang='lat' dir='ltr'>else</span> <span class='ocrx_word' id='word_1_278' title='bbox 541 1620 798 1655; x_wconf 79' lang='lat' dir='ltr'>convertendam</span> <span class='ocrx_word' id='word_1_279' title='bbox 807 1618 1013 1669; x_wconf 86' lang='lat' dir='ltr'>simpliciter,</span> <span class='ocrx_word' id='word_1_280' title='bbox 1023 1622 1103 1668; x_wconf 83' lang='lat' dir='ltr'>quia</span> <span class='ocrx_word' id='word_1_281' title='bbox 1111 1622 1179 1668; x_wconf 90' lang='lat' dir='ltr'>post</span> <span class='ocrx_word' id='word_1_282' title='bbox 1189 1620 1338 1656; x_wconf 79' lang='lat' dir='ltr'>vocalem</span> <span class='ocrx_word' id='word_1_283' title='bbox 1347 1620 1517 1656; x_wconf 86' lang='lat' dir='ltr'>secundam</span> <span class='ocrx_word' id='word_1_284' title='bbox 1533 1621 1673 1668; x_wconf 85' lang='lat' dir='ltr'>sequitur</span> <span class='ocrx_word' id='word_1_285' title='bbox 1686 1626 1718 1657; x_wconf 89' lang='lat' dir='ltr'>S.</span> 
     </span>
     <span class='ocr_line' id='line_1_31' title="bbox 329 1667 1722 1718; baseline 0.001 -15"><span class='ocrx_word' id='word_1_286' title='bbox 329 1671 449 1717; x_wconf 85' lang='lat' dir='ltr'>Liquet</span> <span class='ocrx_word' id='word_1_287' title='bbox 470 1684 508 1716; x_wconf 47' lang='lat'>4³</span> <span class='ocrx_word' id='word_1_288' title='bbox 529 1669 777 1718; x_wconf 81' lang='lat' dir='ltr'>transponendas</span> <span class='ocrx_word' id='word_1_289' title='bbox 797 1667 860 1705; x_wconf 74' lang='lat' dir='ltr'>esse</span> <span class='ocrx_word' id='word_1_290' title='bbox 884 1668 1070 1718; x_wconf 72' lang='lat' dir='ltr'>praemiss&#39;as,</span> <span class='ocrx_word' id='word_1_291' title='bbox 1092 1671 1168 1715; x_wconf 78' lang='lat' dir='ltr'>quia</span> <span class='ocrx_word' id='word_1_292' title='bbox 1189 1671 1222 1704; x_wconf 87' lang='lat' dir='ltr'>in</span> <span class='ocrx_word' id='word_1_293' title='bbox 1238 1667 1391 1716; x_wconf 80' lang='lat' dir='ltr'>Fapesrno</span> <span class='ocrx_word' id='word_1_294' title='bbox 1411 1671 1548 1704; x_wconf 72' lang='lat' dir='ltr'>occurrit</span> <span class='ocrx_word' id='word_1_295' title='bbox 1572 1672 1623 1705; x_wconf 91' lang='lat' dir='ltr'>M.</span> <span class='ocrx_word' id='word_1_296' title='bbox 1638 1671 1722 1717; x_wconf 66' lang='lat' dir='ltr'>Qu:</span> 
     </span>
     <span class='ocr_line' id='line_1_32' title="bbox 329 1716 1743 1768; baseline 0 -16"><span class='ocrx_word' id='word_1_297' title='bbox 329 1720 441 1753; x_wconf 72' lang='lat' dir='ltr'>omnia</span> <span class='ocrx_word' id='word_1_298' title='bbox 456 1716 476 1752; x_wconf 78' lang='lat' dir='ltr'>si</span> <span class='ocrx_word' id='word_1_299' title='bbox 489 1719 674 1765; x_wconf 73' lang='lat' dir='ltr'>praestiteris,</span> <span class='ocrx_word' id='word_1_300' title='bbox 695 1717 832 1754; x_wconf 85' lang='lat' dir='ltr'>habebis</span> <span class='ocrx_word' id='word_1_301' title='bbox 843 1719 929 1755; x_wconf 89' lang='lat' dir='ltr'>hunc</span> <span class='ocrx_word' id='word_1_302' title='bbox 939 1717 1159 1768; x_wconf 85' lang='lat' dir='ltr'>syllogismum</span> <span class='ocrx_word' id='word_1_303' title='bbox 1172 1719 1205 1754; x_wconf 90' lang='lat' dir='ltr'>in</span> <span class='ocrx_word' id='word_1_304' title='bbox 1223 1719 1325 1753; x_wconf 72' lang='lat' dir='ltr'>feno.</span> <span class='ocrx_word' id='word_1_305' title='bbox 1741 1721 1743 1723; x_wconf 82' lang='grc'><strong>’</strong></span> 
     </span>
     <span class='ocr_line' id='line_1_33' title="bbox 328 1767 884 1816; baseline 0.004 -15"><span class='ocrx_word' id='word_1_306' title='bbox 328 1769 371 1802; x_wconf 79' lang='lat' dir='ltr'>Fe</span> <span class='ocrx_word' id='word_1_307' title='bbox 385 1780 401 1795; x_wconf 54' lang='lat' dir='ltr'>e</span> <span class='ocrx_word' id='word_1_308' title='bbox 417 1767 555 1803; x_wconf 88' lang='lat' dir='ltr'>Nullum</span> <span class='ocrx_word' id='word_1_309' title='bbox 579 1767 700 1802; x_wconf 78' lang='lat' dir='ltr'>animal</span> <span class='ocrx_word' id='word_1_310' title='bbox 721 1769 764 1803; x_wconf 89' lang='lat' dir='ltr'>est</span> <span class='ocrx_word' id='word_1_311' title='bbox 782 1768 884 1816; x_wconf 88' lang='lat' dir='ltr'>lapis:</span> 
     </span>
     <span class='ocr_line' id='line_1_34' title="bbox 327 1796 986 1905; baseline 0.008 -56"><span class='ocrx_word' id='word_1_312' title='bbox 327 1819 353 1850; x_wconf 91' lang='lat' dir='ltr'>ri</span> <span class='ocrx_word' id='word_1_313' title='bbox 382 1796 404 1905; x_wconf 55' lang='grc' dir='ltr'>Ξ</span> <span class='ocrx_word' id='word_1_314' title='bbox 419 1817 577 1868; x_wconf 78' lang='lat' dir='ltr'>Qaedam</span> <span class='ocrx_word' id='word_1_315' title='bbox 595 1816 766 1852; x_wconf 86' lang='lat' dir='ltr'>substantia</span> <span class='ocrx_word' id='word_1_316' title='bbox 784 1819 828 1853; x_wconf 91' lang='lat' dir='ltr'>est</span> <span class='ocrx_word' id='word_1_317' title='bbox 841 1818 962 1854; x_wconf 78' lang='lat' dir='ltr'>animal</span> <span class='ocrx_word' id='word_1_318' title='bbox 977 1833 986 1854; x_wconf 71' lang='grc' dir='ltr'><strong><em>ε</em></strong></span> 
     </span>
     <span class='ocr_line' id='line_1_35' title="bbox 329 1865 1098 1913; baseline 0 -14"><span class='ocrx_word' id='word_1_319' title='bbox 329 1879 350 1899; x_wconf 92' lang='lat' dir='ltr'>o</span> <span class='ocrx_word' id='word_1_320' title='bbox 416 1868 499 1913; x_wconf 78' lang='lat' dir='ltr'>Ergo</span> <span class='ocrx_word' id='word_1_321' title='bbox 512 1866 657 1913; x_wconf 65' lang='lat' dir='ltr'>quaedam</span> <span class='ocrx_word' id='word_1_322' title='bbox 675 1865 849 1903; x_wconf 78' lang='lat' dir='ltr'>substantia</span> <span class='ocrx_word' id='word_1_323' title='bbox 864 1881 931 1903; x_wconf 88' lang='lat' dir='ltr'>non</span> <span class='ocrx_word' id='word_1_324' title='bbox 948 1869 992 1902; x_wconf 86' lang='lat' dir='ltr'>est</span> <span class='ocrx_word' id='word_1_325' title='bbox 1007 1868 1098 1913; x_wconf 83' lang='lat' dir='ltr'>la-pis.</span> 
     </span>
    </p>

    <p class='ocr_par' dir='ltr' id='par_1_9' title="bbox 326 1912 1762 2309">
     <span class='ocr_line' id='line_1_36' title="bbox 364 1912 1715 1963; baseline 0 -14"><span class='ocrx_word' id='word_1_326' title='bbox 364 1915 546 1958; x_wconf 77' lang='lat' dir='ltr'>Caeterum,</span> <span class='ocrx_word' id='word_1_327' title='bbox 562 1918 682 1949; x_wconf 77' lang='lat' dir='ltr'>Baroco</span> <span class='ocrx_word' id='word_1_328' title='bbox 701 1928 769 1949; x_wconf 90' lang='lat' dir='ltr'>non</span> <span class='ocrx_word' id='word_1_329' title='bbox 786 1916 891 1963; x_wconf 85' lang='lat' dir='ltr'>potest</span> <span class='ocrx_word' id='word_1_330' title='bbox 907 1916 1018 1949; x_wconf 89' lang='lat' dir='ltr'>reduci</span> <span class='ocrx_word' id='word_1_331' title='bbox 1036 1912 1190 1949; x_wconf 81' lang='lat' dir='ltr'>ostenfive</span> <span class='ocrx_word' id='word_1_332' title='bbox 1207 1942 1216 1957; x_wconf 88' lang='lat'>,</span> <span class='ocrx_word' id='word_1_333' title='bbox 1234 1915 1310 1961; x_wconf 86' lang='lat' dir='ltr'>quia</span> <span class='ocrx_word' id='word_1_334' title='bbox 1325 1912 1345 1949; x_wconf 82' lang='lat' dir='ltr'>fi</span> <span class='ocrx_word' id='word_1_335' title='bbox 1371 1919 1526 1963; x_wconf 83' lang='lat' dir='ltr'>majorem</span> <span class='ocrx_word' id='word_1_336' title='bbox 1545 1924 1715 1949; x_wconf 86' lang='lat' dir='ltr'>convertas</span> 
     </span>
     <span class='ocr_line' id='line_1_37' title="bbox 327 1961 1716 2012; baseline -0.001 -14"><span class='ocrx_word' id='word_1_337' title='bbox 327 1976 385 2012; x_wconf 86' lang='lat' dir='ltr'>pet</span> <span class='ocrx_word' id='word_1_338' title='bbox 399 1964 545 2000; x_wconf 82' lang='lat' dir='ltr'>accidens</span> <span class='ocrx_word' id='word_1_339' title='bbox 559 1992 569 2006; x_wconf 84' lang='lat'>,</span> <span class='ocrx_word' id='word_1_340' title='bbox 585 1975 620 1998; x_wconf 90' lang='lat' dir='ltr'>ut</span> <span class='ocrx_word' id='word_1_341' title='bbox 637 1964 866 2000; x_wconf 77' lang='lat' dir='ltr'>tantummodo</span> <span class='ocrx_word' id='word_1_342' title='bbox 887 1965 1037 1999; x_wconf 85' lang='lat' dir='ltr'>converti</span> <span class='ocrx_word' id='word_1_343' title='bbox 1048 1964 1168 2011; x_wconf 84' lang='lat' dir='ltr'>potest,</span> <span class='ocrx_word' id='word_1_344' title='bbox 1190 1961 1247 1998; x_wconf 87' lang='lat' dir='ltr'>fiet</span> <span class='ocrx_word' id='word_1_345' title='bbox 1262 1961 1461 2012; x_wconf 84' lang='lat' dir='ltr'>syllogismus</span> <span class='ocrx_word' id='word_1_346' title='bbox 1484 1974 1526 1997; x_wconf 86' lang='lat' dir='ltr'>ex</span> <span class='ocrx_word' id='word_1_347' title='bbox 1546 1965 1629 2010; x_wconf 89' lang='lat' dir='ltr'>puris</span> <span class='ocrx_word' id='word_1_348' title='bbox 1643 1977 1716 2012; x_wconf 80' lang='lat' dir='ltr'>par-</span> 
     </span>
     <span class='ocr_line' id='line_1_38' title="bbox 327 2011 1762 2061; baseline 0.001 -14"><span class='ocrx_word' id='word_1_349' title='bbox 327 2012 514 2048; x_wconf 67' lang='lat' dir='ltr'>titularibus</span> <span class='ocrx_word' id='word_1_350' title='bbox 528 2041 539 2056; x_wconf 90' lang='lat'>,</span> <span class='ocrx_word' id='word_1_351' title='bbox 558 2012 663 2060; x_wconf 87' lang='lat' dir='ltr'>qualis</span> <span class='ocrx_word' id='word_1_352' title='bbox 675 2012 782 2047; x_wconf 87' lang='lat' dir='ltr'>nullus</span> <span class='ocrx_word' id='word_1_353' title='bbox 794 2012 957 2061; x_wconf 78' lang='lat' dir='ltr'>legitimus</span> <span class='ocrx_word' id='word_1_354' title='bbox 974 2014 1016 2048; x_wconf 85' lang='lat' dir='ltr'>est</span> <span class='ocrx_word' id='word_1_355' title='bbox 1031 2027 1039 2049; x_wconf 71' lang='grc' dir='ltr'>ε</span> <span class='ocrx_word' id='word_1_356' title='bbox 1056 2011 1077 2047; x_wconf 81' lang='lat' dir='ltr'>fi</span> <span class='ocrx_word' id='word_1_357' title='bbox 1096 2025 1176 2048; x_wconf 82' lang='lat' dir='ltr'>vero</span> <span class='ocrx_word' id='word_1_358' title='bbox 1191 2011 1357 2061; x_wconf 72' lang='lat' dir='ltr'>praemiffus</span> <span class='ocrx_word' id='word_1_359' title='bbox 1375 2011 1617 2059; x_wconf 80' lang='lat' dir='ltr'>transposueris,</span> <span class='ocrx_word' id='word_1_360' title='bbox 1647 2025 1715 2049; x_wconf 86' lang='lat' dir='ltr'>tum</span> <span class='ocrx_word' id='word_1_361' title='bbox 1760 2012 1762 2014; x_wconf 45' lang='lat'>¹</span> 
     </span>
     <span class='ocr_line' id='line_1_39' title="bbox 327 2061 1715 2112; baseline 0 -15"><span class='ocrx_word' id='word_1_362' title='bbox 327 2068 428 2112; x_wconf 63' lang='lat' dir='ltr'>major</span> <span class='ocrx_word' id='word_1_363' title='bbox 445 2065 507 2098; x_wconf 80' lang='lat' dir='ltr'>erit</span> <span class='ocrx_word' id='word_1_364' title='bbox 524 2061 726 2111; x_wconf 77' lang='lat' dir='ltr'>particularis</span> <span class='ocrx_word' id='word_1_365' title='bbox 744 2089 751 2100; x_wconf 86' lang='lat'><em>,</em></span> <span class='ocrx_word' id='word_1_366' title='bbox 773 2062 877 2109; x_wconf 84' lang='lat' dir='ltr'>qualis</span> <span class='ocrx_word' id='word_1_367' title='bbox 898 2061 986 2097; x_wconf 77' lang='lat' dir='ltr'>nulla</span> <span class='ocrx_word' id='word_1_368' title='bbox 998 2063 1040 2097; x_wconf 90' lang='lat' dir='ltr'>est</span> <span class='ocrx_word' id='word_1_369' title='bbox 1058 2064 1091 2097; x_wconf 92' lang='lat' dir='ltr'>in</span> <span class='ocrx_word' id='word_1_370' title='bbox 1106 2065 1209 2111; x_wconf 85' lang='lat' dir='ltr'>prima</span> <span class='ocrx_word' id='word_1_371' title='bbox 1222 2061 1324 2110; x_wconf 80' lang='lat' dir='ltr'>figura</span> <span class='ocrx_word' id='word_1_372' title='bbox 1340 2091 1349 2105; x_wconf 87' lang='lat'>‚</span> <span class='ocrx_word' id='word_1_373' title='bbox 1364 2062 1405 2097; x_wconf 86' lang='lat' dir='ltr'>ad</span> <span class='ocrx_word' id='word_1_374' title='bbox 1421 2073 1519 2109; x_wconf 82' lang='lat' dir='ltr'>quam</span> <span class='ocrx_word' id='word_1_375' title='bbox 1544 2073 1651 2097; x_wconf 84' lang='lat' dir='ltr'>tamen</span> <span class='ocrx_word' id='word_1_376' title='bbox 1666 2076 1715 2097; x_wconf 82' lang='lat' dir='ltr'>re-</span> 
     </span>
     <span class='ocr_line' id='line_1_40' title="bbox 327 2108 1714 2148; baseline 0 -2"><span class='ocrx_word' id='word_1_377' title='bbox 327 2113 399 2147; x_wconf 87' lang='lat' dir='ltr'>duci</span> <span class='ocrx_word' id='word_1_378' title='bbox 419 2111 564 2148; x_wconf 80' lang='lat' dir='ltr'>deberet.</span> <span class='ocrx_word' id='word_1_379' title='bbox 583 2113 656 2147; x_wconf 87' lang='lat' dir='ltr'>Nec</span> <span class='ocrx_word' id='word_1_380' title='bbox 666 2113 764 2146; x_wconf 84' lang='lat' dir='ltr'>etiam</span> <span class='ocrx_word' id='word_1_381' title='bbox 777 2110 932 2146; x_wconf 82' lang='lat' dir='ltr'>ostensive</span> <span class='ocrx_word' id='word_1_382' title='bbox 948 2112 1057 2146; x_wconf 90' lang='lat' dir='ltr'>reduci</span> <span class='ocrx_word' id='word_1_383' title='bbox 1073 2111 1210 2146; x_wconf 86' lang='lat' dir='ltr'>deberet</span> <span class='ocrx_word' id='word_1_384' title='bbox 1224 2113 1470 2148; x_wconf 75' lang='lat' dir='ltr'>Bocara&#39;omam</span> <span class='ocrx_word' id='word_1_385' title='bbox 1492 2108 1513 2144; x_wconf 85' lang='lat' dir='ltr'>si</span> <span class='ocrx_word' id='word_1_386' title='bbox 1531 2110 1714 2146; x_wconf 69' lang='lat' dir='ltr'>conversio-</span> 
     </span>
     <span class='ocr_line' id='line_1_41' title="bbox 326 2159 1712 2210; baseline -0.001 -16"><span class='ocrx_word' id='word_1_387' title='bbox 326 2174 366 2195; x_wconf 88' lang='lat' dir='ltr'>ne</span> <span class='ocrx_word' id='word_1_388' title='bbox 384 2159 446 2195; x_wconf 69' lang='lat' dir='ltr'>sola</span> <span class='ocrx_word' id='word_1_389' title='bbox 467 2164 565 2196; x_wconf 59' lang='lat' dir='ltr'>utaris</span> <span class='ocrx_word' id='word_1_390' title='bbox 577 2190 586 2205; x_wconf 81' lang='grc'>,</span> <span class='ocrx_word' id='word_1_391' title='bbox 605 2160 707 2196; x_wconf 81' lang='lat' dir='ltr'>ambae</span> <span class='ocrx_word' id='word_1_392' title='bbox 723 2159 879 2210; x_wconf 75' lang='lat' dir='ltr'>praemiffae</span> <span class='ocrx_word' id='word_1_393' title='bbox 898 2172 990 2196; x_wconf 84' lang='lat' dir='ltr'>erunt</span> <span class='ocrx_word' id='word_1_394' title='bbox 999 2160 1204 2209; x_wconf 79' lang='lat' dir='ltr'>particulares</span> <span class='ocrx_word' id='word_1_395' title='bbox 1220 2175 1227 2196; x_wconf 92' lang='lat'><strong>:</strong></span> <span class='ocrx_word' id='word_1_396' title='bbox 1245 2162 1350 2195; x_wconf 85' lang='lat' dir='ltr'>minor</span> <span class='ocrx_word' id='word_1_397' title='bbox 1363 2163 1449 2196; x_wconf 78' lang='lat' dir='ltr'>enin]</span> <span class='ocrx_word' id='word_1_398' title='bbox 1462 2171 1534 2209; x_wconf 83' lang='lat' dir='ltr'>quae</span> <span class='ocrx_word' id='word_1_399' title='bbox 1553 2161 1712 2196; x_wconf 84' lang='lat' dir='ltr'>universa-</span> 
     </span>
     <span class='ocr_line' id='line_1_42' title="bbox 328 2209 1711 2260; baseline 0.002 -19"><span class='ocrx_word' id='word_1_400' title='bbox 328 2209 367 2242; x_wconf 75' lang='lat' dir='ltr'>lis</span> <span class='ocrx_word' id='word_1_401' title='bbox 391 2210 434 2242; x_wconf 65' lang='lat' dir='ltr'>cst</span> <span class='ocrx_word' id='word_1_402' title='bbox 448 2209 611 2245; x_wconf 55' lang='lat' dir='ltr'>iffirmans</span> <span class='ocrx_word' id='word_1_403' title='bbox 624 2240 633 2254; x_wconf 90' lang='lat'>,</span> <span class='ocrx_word' id='word_1_404' title='bbox 655 2223 720 2246; x_wconf 88' lang='lat' dir='ltr'>non</span> <span class='ocrx_word' id='word_1_405' title='bbox 738 2211 842 2259; x_wconf 87' lang='lat' dir='ltr'>potest</span> <span class='ocrx_word' id='word_1_406' title='bbox 857 2213 1025 2254; x_wconf 84' lang='lat' dir='ltr'>converti,</span> <span class='ocrx_word' id='word_1_407' title='bbox 1044 2209 1101 2246; x_wconf 78' lang='lat' dir='ltr'>nisi</span> <span class='ocrx_word' id='word_1_408' title='bbox 1119 2223 1176 2259; x_wconf 88' lang='lat' dir='ltr'>per</span> <span class='ocrx_word' id='word_1_409' title='bbox 1195 2210 1353 2246; x_wconf 79' lang='lat' dir='ltr'>accidens.</span> <span class='ocrx_word' id='word_1_410' title='bbox 1373 2210 1505 2260; x_wconf 78' lang='lat' dir='ltr'>Qdsi</span> <span class='ocrx_word' id='word_1_411' title='bbox 1517 2221 1596 2243; x_wconf 84' lang='lat' dir='ltr'>vero</span> <span class='ocrx_word' id='word_1_412' title='bbox 1614 2214 1711 2246; x_wconf 80' lang='lat' dir='ltr'>utaris</span> 
     </span>
     <span class='ocr_line' id='line_1_43' title="bbox 331 2257 1629 2309; baseline 0.002 -17"><span class='ocrx_word' id='word_1_413' title='bbox 331 2257 570 2306; x_wconf 62' lang='lat' dir='ltr'>transpositione</span> <span class='ocrx_word' id='word_1_414' title='bbox 583 2290 593 2306; x_wconf 91' lang='lat'><em>‚</em></span> <span class='ocrx_word' id='word_1_415' title='bbox 604 2262 711 2297; x_wconf 83' lang='lat' dir='ltr'>minor</span> <span class='ocrx_word' id='word_1_416' title='bbox 721 2262 782 2297; x_wconf 89' lang='lat' dir='ltr'>erit</span> <span class='ocrx_word' id='word_1_417' title='bbox 794 2272 911 2309; x_wconf 83' lang='lat' dir='ltr'>negans</span> <span class='ocrx_word' id='word_1_418' title='bbox 922 2290 932 2306; x_wconf 83' lang='lat'>‚</span> <span class='ocrx_word' id='word_1_419' title='bbox 945 2260 1050 2308; x_wconf 72' lang='lat' dir='ltr'>qualis</span> <span class='ocrx_word' id='word_1_420' title='bbox 1069 2260 1158 2298; x_wconf 83' lang='lat' dir='ltr'>nulla</span> <span class='ocrx_word' id='word_1_421' title='bbox 1175 2257 1236 2296; x_wconf 78' lang='lat' dir='ltr'>else</span> <span class='ocrx_word' id='word_1_422' title='bbox 1252 2261 1357 2308; x_wconf 85' lang='lat' dir='ltr'>potest</span> <span class='ocrx_word' id='word_1_423' title='bbox 1365 2263 1396 2296; x_wconf 88' lang='lat' dir='ltr'>in</span> <span class='ocrx_word' id='word_1_424' title='bbox 1405 2263 1510 2309; x_wconf 78' lang='lat' dir='ltr'>prima</span> <span class='ocrx_word' id='word_1_425' title='bbox 1521 2257 1629 2308; x_wconf 74' lang='lat' dir='ltr'>figura.</span> 
     </span>
    </p>
   </div>
  </div>
 </body>
</html>
