1857 2745
374 145 439 179 304
837 125 1304 164 PHILOSOPH'IA

370 182 553 217 feaionem
567 207 578 224 ,
595 188 649 213 aut
669 174 862 211 felicitatem
879 175 1022 211 nostram
1038 177 1192 213 videntur
1202 177 1351 213 conferre
1365 190 1374 214 ε
1391 187 1429 212 ut
1441 175 1576 212 scientiae
1587 180 1621 214 &
1634 177 1779 215 deleaa.

375 233 473 265 tionis
484 259 493 272 ,
510 235 543 266 &
555 240 665 263 eornw
681 237 750 273 quae
761 223 803 259 ab
822 223 974 260 omnibus
993 237 1194 272 expetuntur.
1214 229 1296 262 Sunt
1313 229 1403 262 enim
1426 225 1651 275 impreffiones
1665 240 1737 275 quae
1757 228 1779 266 ὲ

375 281 454 314 Deo
469 281 584 325 jugiter
595 287 746 317 manant,
762 278 840 311 &in
851 287 928 309 eum
946 274 1094 310 tendunt.
1112 277 1222 324 Atque
1234 289 1307 312 eam
1324 276 1394 311 fere
1405 278 1441 312 in
1457 277 1570 311 animis
1584 278 1779 314 varietatem

376 332 407 364 δε
423 326 719 375 pulchritudinem,
745 337 844 372 quam
864 322 993 358 divetsae
1008 335 1158 360 motuum
1175 326 1263 375 leges
1278 328 1312 361 in
1332 324 1525 374 corporibus
1544 323 1690 360 efficiunt
1711 338 1780 366 :seo

375 387 486 410 tamen
502 389 574 410 cum
585 373 786 417 discrimine,
804 372 890 420 quod
905 385 1054 408 motuum
1071 373 1159 423 leges
1179 387 1274 409 certae
1290 373 1350 410 sint
1366 380 1400 411 δε
1417 374 1614 417 constanteS,
1635 387 1743 423 neque
1759 375 1780 411 ὲ

375 424 439 460 fine
455 424 510 459 suo
527 424 702 460 defieaant
716 437 724 458 ε
745 423 907 458 naturales
919 420 999 457 vero
1009 428 1042 459 &
1055 426 1246 473 congenitas
1260 422 1488 473 propenfiones
1506 425 1545 457 ad
1561 436 1620 459 nos
1635 423 1780 472 plerum-

374 487 438 521 que
454 474 658 512 defleffimus
671 473 767 516 ‚dnm
778 475 810 507 in
820 472 922 509 ,nobis
936 483 1091 519 tanquam
1099 475 1132 508 in
1143 472 1261 510 ultimi>
1270 473 1335 509 fine
1353 471 1486 508 sistimus
1498 488 1506 516 ;
1520 473 1618 520 idque
1629 484 1668 508 ex
1678 485 1782 522 pravo
1834 506 1837 522 :

376 522 538 558 libertatis
555 524 664 558 nostrae
681 520 733 557 usu
745 551 754 565 ,
769 534 838 556 non
850 533 890 555 ex
906 520 975 570 ipsa
993 522 1208 570 propensione
1223 521 1364 558 naturali
1386 521 1607 570 proficiscitur.

404 587 428 619 3.
443 575 525 608 Sunt
540 572 612 606 aliae
628 569 859 619 propensiones
880 583 953 617 quae
968 582 1110 619 corporis
1129 583 1428 621 temperamentum
1444 570 1680 618 consequuntur
1691 600 1702 616 ‚
1722 584 1791 607 εκ..

374 633 441 670 que
464 623 605 656 maxime
619 633 661 655 ex
677 631 802 655 textura
812 618 939 654 cerebri
953 624 986 656 &
1001 619 1170 668 spirituum
1178 633 1291 657 natura
1301 621 1448 669 pendent
1459 648 1468 663 ,
1481 631 1516 654 ut
1528 619 1582 654 suo
1596 619 1672 655 loco
1680 621 1785 656 osten·
1834 643 1836 661 =,

376 672 501 706 demus.
526 669 610 717 Qb
618 684 647 706 v.
662 682 708 717 gr.
722 668 810 704 fibrae
822 668 950 703 cerebri
962 668 1031 703 sunt
1046 671 1209 705 tenuiores
1221 699 1232 712 ,
1256 675 1290 707 &
1305 669 1430 719 spiritus
1454 668 1658 713 subtiliores,
1674 668 1717 704 eo
1735 682 1785 704 re-

374 732 446 755 rum
455 723 612 768 imagines
622 717 719 754 altius
733 721 962 766 imprimuntur
980 731 988 753 ε
1004 718 1091 753 unde
1102 721 1151 754 vis
1166 721 1371 770 imaginatrix
1391 719 1521 764 fortior,
1534 723 1569 755 &
1589 717 1784 766 plerumque

374 774 478 818 major
489 768 713 853 iffionstantia.
730 770 821 808 Hinc
837 780 945 803 mores
954 767 1038 802 adeo
1049 768 1192 804 diversos
1203 768 1334 806 sexuum
1349 797 1363 813 ‚
1375 779 1508 804 aetatum
1520 796 1530 811 ‚
1543 770 1716 803 nationum
1727 781 1784 804 va-

373 830 470 854 rietas
486 831 503 853 e
543 829 599 854 cit.

409 883 443 915 4.
460 871 542 904 Sunt
559 870 660 903 etiam
678 866 809 905 habitus
821 867 956 916 quidam
967 870 1153 918 congeniti,
1173 870 1229 915 qui
1238 868 1279 903 ad
1289 868 1516 916 cognitionem
1529 868 1717 915 pertinent,
1743 866 1785 901 de
1823 900 1834 923 ,ἵ

372 916 494 964 quibus
506 921 571 965 jam
585 916 662 965 saepe
681 919 822 966 egimus:
841 917 1028 953 intellectus
1039 919 1193 953 nimirum
1206 913 1714 964 principiorum,&syndetefis3
1738 914 1783 950 il.

370 965 405 1001 le
414 966 454 1000 ad
465 977 574 1001 rerum
586 966 902 1014 contemplationem
915 994 924 1009 ,
939 966 1005 1000 haec
1015 965 1052 999 ad
1075 965 1247 1013 agendum
1257 964 1390 1013 spectat.
1412 966 1502 1000 Nam
1517 963 1571 1000 lux
1585 963 1641 999 illa
1656 965 1692 999 in
1714 976 1781 1012 qua

371 1017 608 1063 principiorum
622 1017 799 1050 veritatem
809 1024 1015 1058 contuemur,
1029 1013 1120 1050 insita
1134 1013 1231 1049 nobis
1245 1014 1318 1049 esta
1330 1025 1442 1049 natura
1456 1026 1464 1048 ι
1479 1024 1620 1060 cumque
1637 1025 1787 1049 mentem

372 1064 517 1099 nostram
528 1064 567 1097 ad
578 1066 803 1111 cognitionem
821 1065 1057 1111 principiorum
1068 1076 1139 1110 quae
1157 1063 1366 1097 demonstrari
1387 1075 1454 1098 non
1475 1060 1620 1110 possunt,
1642 1065 1785 1098 omnino

373 1113 571 1147 determinet
588 1139 598 1153 ,
619 1111 751 1146 habitus
764 1113 935 1146 vocitatur.
949 1114 1046 1146 Hunc
1057 1110 1137 1145 vero
1149 1109 1299 1145 habitum
1314 1113 1439 1158 acquiri
1463 1111 1708 1158 quodammodo
1725 1123 1785 1160 pet
1827 1116 1829 1119 ’

372 1160 498 1196 sensum
512 1160 609 1194 docet
625 1162 656 1196 S.
668 1159 733 1195 Th.
744 1161 778 1194 in
790 1173 815 1204 3.
830 1158 902 1193 dist.
917 1173 959 1205 23.
986 1158 1152 1206 Qantiaem
1163 1188 1172 1202 ‚
1191 1161 1298 1206 inquit
1314 1188 1324 1203 ,
1355 1160 1401 1193 ad
1416 1159 1644 1204 distinffionem
1659 1163 1785 1208 princi-

370 1212 517 1258 piorum,
539 1221 599 1242 non
618 1207 772 1254 quamimz
794 1207 839 1242 ad
862 1208 989 1250 lumen,
1013 1221 1074 1255 quo
1093 1210 1256 1258 principia
1272 1210 1508 1257 cognoscuntur.
1530 1210 1620 1244 Nam
1636 1206 1657 1242 fi
1673 1212 1783 1245 termi-
1818 1249 1830 1258 θ

373 1270 433 1293 nos
452 1256 594 1292 sensuum
604 1257 783 1293 ministerio
793 1254 1081 1300 addiscimus‚n0n
1099 1255 1198 1304 ipsam
1221 1268 1419 1300 veritatem,
1433 1269 1504 1305 quae
1521 1267 1590 1292 tam
1612 1258 1783 1296 manifeste

374 1309 460 1342 iniis
473 1308 636 1354 principiis
650 1305 736 1340 lucet
747 1335 757 1350 ‚
779 1305 799 1341 ὲ
815 1303 948 1340 sensibus
959 1317 1156 1342 mutuamur.

405 1371 429 1403 5.
448 1354 593 1391 Habitus
604 1366 713 1390 autem
724 1353 892 1402 acquisitus
909 1354 964 1389 vel
978 1355 1019 1389 ad
1035 1356 1104 1389 vim
1123 1352 1374 1403 cognoscentem
1386 1383 1396 1398 ,
1431 1352 1485 1388 vel
1504 1355 1543 1388 ad
1566 1367 1782 1404 appetentem

372 1407 537 1453 pertinet,-
555 1403 609 1438 ille
625 1404 678 1439 vel
693 1405 733 1438 ad
745 1416 855 1439 verum
874 1402 1000 1452 semper
1016 1402 1150 1438 inclinat
1162 1432 1171 1446 ,
1192 1402 1279 1450 isque
1296 1403 1342 1437 est
1354 1402 1547 1451 quintuplex
1561 1432 1571 1447 ‚
1602 1417 1637 1440 ut
1662 1407 1696 1441 in
1713 1407 1780 1441 Lo-

374 1456 447 1501 gica
457 1455 596 1488 diximus
613 1469 622 1495 3
637 1452 740 1487 velad
752 1464 894 1487 errorem
906 1470 919 1496 ·,-
927 1452 984 1488 vel
997 1453 1115 1500 partim
1134 1452 1174 1485 ad
1187 1463 1382 1494 veritatem,
1403 1454 1522 1500 partim
1547 1452 1588 1486 ad
1607 1452 1781 1491 falsitatem
1832 1475 1833 1486 κ

375 1514 433 1537 nos
449 1503 552 1544 ducit,
578 1512 710 1548 tumque
727 1504 841 1549 opinio
851 1503 1048 1536 nominatur.
1058 1499 1165 1534 Simili
1176 1501 1300 1535 ratione
1316 1499 1447 1536 habitus
1458 1502 1514 1547 qui
1524 1502 1559 1536 in
1568 1505 1715 1551 appetitu
1730 1506 1780 1540 in.

374 1550 457 1594 sunt,
474 1550 528 1586 vel
543 1549 668 1599 semper
677 1549 718 1584 ad
729 1548 854 1586 bonum
866 1579 875 1591 ‚
893 1562 928 1585 ut
940 1552 1072 1585 virtutes
1084 1567 1094 1594 3
1111 1548 1163 1584 vel
1173 1548 1298 1598 semper
1310 1551 1351 1584 ad
1361 1549 1539 1592 malum,ut
1548 1552 1703 1596 vitia,nos
1714 1555 1778 1590 im.

373 1599 503 1647 pellunt
518 1613 525 1636 ε
541 1602 596 1635 vix
606 1611 714 1636 autern
725 1601 849 1638 medius
857 1601 941 1636 inter
957 1599 1084 1637 bonum
1096 1604 1130 1637 δι
1141 1597 1264 1635 malum
1279 1598 1411 1635 habitus
1433 1599 1612 1636 invenitur.

884 1701 966 1749 QU
977 1704 1017 1736 ,ιε
1028 1702 1049 1736 s
1059 1701 1090 1736 T
1101 1702 1114 1734 1
1127 1702 1162 1736 O
1201 1701 1251 1738 11.

422 1814 429 1820 ·
904 1799 993 1848 Qid
1008 1798 1055 1846 stt
1072 1797 1200 1833 habitus
1213 1800 1228 1830 ?

376 1898 540 1982 INquo
554 1893 655 1946 pofita
671 1895 706 1934 sit
723 1897 855 1934 habitfis
869 1908 984 1943 natura
995 1926 1006 1942 ‚
1030 1910 1148 1946 magna
1158 1897 1370 1934 contentione
1389 1907 1526 1933 certatur
1543 1912 1552 1935 ε
1580 1897 1712 1935 definiri
1730 1896 1781 1934 so⁴

426 1948 474 1983 let
482 1949 626 1993 qualitas
644 1948 797 1987 facultati
818 1946 1028 1986 adventitia,
1045 1959 1112 1993 qua
1121 1945 1256 1990 facilihs
1281 1954 1436 1993 operatur.
1464 1948 1529 1982 Sed
1552 1960 1626 1983 cum
1641 1947 1778 1995 qualita-

377 1999 417 2032 tis
429 2008 552 2032 nomen
564 1995 713 2032 latissime
729 2007 839 2045 pateat
854 2026 863 2040 ,
879 2002 914 2034 &
927 1996 960 2030 id
973 2007 1072 2032 omne
1081 1995 1171 2042 quod
1181 2007 1250 2030 reni
1264 1992 1364 2030 talem
1377 1995 1652 2040 denominat,aut
1665 1995 1777 2040 afficit,

377 2058 433 2080 aut
441 2046 660 2089 determinat,
680 2045 743 2079 hoc
763 2048 896 2080 nomine
907 2043 1008 2092 vulgo
1026 2043 1166 2079 donetur
1178 2073 1188 2087 ,
1214 2057 1296 2093 vaga
1315 2044 1459 2090 quaedam
1479 2052 1512 2083 &
1530 2045 1664 2081 confusa
1679 2047 1776 2082 notio

376 2095 453 2129 huic
466 2094 542 2136 voci
554 2093 656 2135 subest
671 2123 679 2136 ‚
693 2105 774 2139 Aquae,
786 2106 857 2128 rem
882 2095 893 2128 i
918 2092 984 2129 sam
1008 2091 1198 2140 plerumque
1221 2092 1362 2128 involvit
1378 2097 1482 2143 magis
1511 2095 1610 2142 quam
1625 2095 1775 2144 explicat.

378 2146 597 2190 Praeterquam
614 2141 635 2176 fi
651 2141 778 2177 habitus
791 2143 881 2177 instar
895 2107 1035 2185 suminis,
1045 2154 1102 2177 aut
1112 2142 1230 2177 coloris
1242 2138 1621 2190 concipiatur‚intelle6bu
1640 2144 1774 2180 arduum

378 2194 442 2236 est,
458 2193 668 2239 quomodo-is
679 2191 976 2239 produci‚extingui
991 2220 1001 2235 ,
1020 2195 1149 2240 augeri,
1168 2192 1222 2226 vel
1243 2193 1344 2227 minui
1363 2191 1455 2239 poffit
1472 2208 1478 2227 ς
1500 2207 1559 2228 nec
1579 2193 1652 2228 satis
1667 2193 1773 2241 liquet

378 2244 430 2275 cui
441 2241 494 2276 illa
508 2254 549 2276 ou
556 2241 592 2276 ili
599 2253 643 2275 tas
654 2241 718 2276 usui
733 2240 792 2275 effe
804 2240 909 2289 poffit‚
919 2238 975 2276 aut
984 2243 1034 2276 cui
1047 2241 1190 2290 subjecto
1201 2240 1344 2283 insideat;
1356 2242 1654 2279 aomultaesubinde
1666 2254 1774 2278 emer-

377 2302 460 2337 gunt
476 2289 685 2327 difficu¹mtes
697 2320 706 2333 ,
726 2302 795 2337 quae
810 2288 936 2326 diisolvi
949 2292 1001 2324 vix
1015 2291 1077 2325 ulla
1092 2295 1217 2326 ratione
1233 2289 1357 2337 possunr

421 2339 532 2384 Qiare
548 2340 693 2375 nonnulli
705 2352 738 2374 ut
749 2352 786 2374 cx
799 2342 839 2376 iis
851 2340 877 2374 se
884 2341 912 2376 se
926 2340 1100 2388 expediant
1110 2341 1254 2389 angustiis
1266 2370 1273 2383 ‚
1294 2338 1421 2375 habitus
1435 2342 1514 2378 nihil
1524 2342 1585 2379 effe
1597 2353 1709 2391 praetet
1720 2351 1771 2376 re.

381 2390 563 2433 motionem
578 2389 888 2438 impedimentorum
896 2401 1022 2441 putant·
1037 2391 1112 2434 Sed(
1117 2395 1183 2440 jam
1201 2388 1392 2430 ostendimus
1405 2390 1515 2428 obices
1528 2393 1662 2443 quidem
1677 2403 1770 2444 amo7

1696 2448 1766 2474 ven
