1857 2745
413 155 786 198 TRACTATUS
833 155 1157 194 SECUNDUS,
1423 173 1453 204 23

59 218 130 244 (εστ.
141 209 223 245 Non
232 209 377 257 cognitio
389 207 529 243 sanitatis
544 236 555 251 ‚
582 207 635 242 sed
653 205 842 255 sanitasipsa
854 218 911 243 nos
927 217 1060 241 movet:
1077 205 1143 240 haec
1160 204 1350 242 desiderium
1365 174 1454 243 ex{i-

71 268 118 292 tat
129 285 139 300 ‚
157 269 229 292 cum
246 255 332 292 abest
348 274 357 301 3
399 257 527 292 audium
540 285 550 299 ,
565 268 638 291 cum
651 255 833 304 possidetur.
877 255 1037 303 Cognitio
1059 253 1139 290 ver¹o
1151 283 1162 299 ‚
1178 266 1213 289 ut
1232 256 1368 291 diximus
1381 285 1391 300 ,
1408 257 1453 291 est

70 316 196 341 tantum
213 306 359 341 conditio
370 270 434 341 (ine
446 317 510 353 qua
529 304 602 340 finis
614 318 681 340 non
699 304 837 339 illiceret
853 302 1064 339 voluntatem.
1087 304 1200 350 Atque
1214 305 1332 339 eodem
1348 307 1450 340 modo

69 353 110 389 de
119 354 184 390 fine
199 383 210 398 ,
227 367 265 389 ac
277 354 318 388 de
336 354 508 402 exemplari
517 353 812 404 philosophandum
822 352 865 387 est
874 381 885 397 ‚
900 363 935 387 ut
944 363 982 387 ex
995 353 1033 385 iis
1045 363 1118 399 quae
1135 351 1294 401 superiore
1304 355 1448 401 quaestio-

70 414 113 437 ne
127 404 263 438 diximus
280 431 290 446 ,
311 402 382 438 satis
398 403 513 450 liquet.
811 431 813 433 -

101 451 269 487 Postremo
282 451 415 488 influxus
425 451 521 487 causa:
533 449 637 486 finalis
649 479 659 494 ‚
676 449 732 486 *seu
744 449 908 486 causalitas
920 479 930 493 ,
945 461 982 485 ut
990 449 1176 497 loquuntur,
1191 456 1224 489 &
1238 455 1327 488 astus
1340 454 1448 489 secun-

68 500 139 543 dus,
148 501 191 535 est
202 502 307 536 motio
319 501 465 549 quaedam
475 499 640 547 objectiva
651 514 659 536 2
672 499 739 534 haec
750 502 836 535 enirn
846 499 1018 548 praestat-ut
1032 498 1104 534 finis
1114 499 1228 535 influat
1239 504 1270 537 in
1283 499 1446 538 effectum

69 548 123 584 sed
136 551 241 584 motio
257 549 310 585 illa
321 551 434 585 dicitur
448 549 669 598 metaphorica
688 554 721 586 &
739 551 930 598 impropria,
959 561 1031 584 cum
1047 547 1138 583 solius
1161 550 1255 585 causae
1278 550 1454 586 effic'tticie

69 596 106 632 fit
120 599 251 647 proprie
259 611 353 648 agere
365 604 398 636 &
410 610 554 635 movere.
572 596 800 646 Qmobtem
813 598 899 632 idem
911 597 957 631 est
972 596 1111 633 influxus
1129 598 1266 644 triplicis
1280 599 1379 634 causae
1397 612 1454 635 ex-

71 657 169 682 ternae
177 675 188 691 ,
207 649 293 682 aetio
303 650 474 684 nimirum:
493 660 561 696 quae
570 659 606 682 ut
619 646 661 680 ab
671 658 791 695 agente
803 645 1013 695 proficiscitur
1025 676 1034 690 ‚
1050 652 1083 684 &
1096 647 1141 695 ph
1167 645 1224 682 sica
1237 648 1282 682 est
1296 677 1305 692 ,
1316 649 1452 684 influxus

69 695 113 729 est
121 699 245 744 agentis
258 713 266 739 3
280 709 315 732 ut
327 696 364 732 fit
373 698 495 732 intuitu
509 696 637 744 alicujus
653 694 891 743 bonitatis,quae
901 695 1106 731 voluntatem
1122 695 1144 729 il
1160 698 1214 730 icit
1227 725 1236 739 ‚
1256 697 1298 732 est
1314 697 1454 733 influxus

68 743 162 778 causae
174 744 296 790 finalis3
315 757 351 781 ut
366 747 404 780 ad
418 745 546 792 alicujus
558 746 774 779 imitationem
787 744 990 792 dirigitur‚ad
1003 743 1128 780 causam
1141 745 1363 793 exemplarem
1375 758 1449 796 per-

70 794 173 830 tinet:
187 794 349 830 esttamen
362 794 476 829 eadem
486 793 610 841 ubique
618 796 705 828 actio
715 822 724 836 ,
737 793 963 830 &formaliter
976 804 1102 829 tantum
1116 794 1248 831 diversa.

91 841 184 891 ‘'Opp.
200 856 221 878 ι.
240 843 397 892 Cognitio
411 841 482 878 finis
492 854 606 878 movet
619 841 744 877 causam
753 842 952 879 effectricem
965 843 1004 877 ad
1014 843 1192 892 agendum:
1205 856 1284 893 ergo
1296 843 1367 880 finis
1376 857 1447 881 rno-

67 901 125 925 vet
149 902 273 926 tantum
289 904 345 940 per
358 893 591 940 cognitionem.

104 940 193 985 Resp.
209 939 294 985 Dist.
310 942 425 986 conseq.
443 942 564 976 Movet
574 939 643 975 finis
662 952 720 988 per
735 942 957 989 cognitionem
973 940 1173 990 objectivam
1187 943 1247 987 ,C.
1264 955 1322 992 per
1335 945 1446 992 cogni-

70 989 197 1022 tionem
219 987 391 1024 formalem
405 1017 416 1032 ,
433 991 486 1024 N.

103 1037 231 1071 Contra
243 1066 252 1080 ,
264 1040 388 1084 inquies
402 1067 411 1081 ‚
423 1036 501 1086 saepe
512 1037 581 1073 finis
593 1050 659 1073 non
673 1036 774 1072 habet
783 1035 843 1073 else
852 1037 938 1072 reale
948 1066 957 1081 ‚
976 1050 1036 1073 nec
1048 1038 1147 1074 ullam
1164 1038 1345 1078 bonitatem
1360 1071 1370 1085 ‚
1393 1040 1446 1075 sed

69 1096 194 1120 tantum
211 1084 272 1121 ess'e
284 1086 499 1123 intentionale
517 1102 526 1124 ι
546 1099 625 1136 ergo
641 1099 831 1122 non-movet
845 1098 904 1135 per
921 1085 982 1122 esse
996 1086 1081 1122 reale
1097 1093 1131 1124 &
1152 1087 1352 1135 obJ'ectivum
1365 1118 1374 1132 ‚
1393 1090 1447 1124 sed

67 1145 124 1182 pet
138 1133 198 1169 effe
208 1135 434 1171 intentionale.

99 1183 191 1232 Resp.
207 1182 276 1227 dist.
292 1194 360 1219 ant.
376 1185 460 1220 finis
474 1184 551 1234 liepe
563 1197 630 1221 non
643 1183 848 1222 habetullam
865 1182 1050 1219 bonitatem
1068 1197 1178 1220 veram
1189 1214 1199 1229 ,
1223 1187 1261 1221 C.
1287 1198 1304 1220 a
1330 1197 1447 1234 paren-

68 1243 137 1266 tem
150 1259 161 1273 ,
173 1233 224 1268 N.
234 1230 423 1268 Nec'habet
431 1232 493 1269 effe
502 1234 588 1269 reale
599 1262 609 1277 ‚
630 1245 786 1282 quatenus
795 1232 881 1268 reale
891 1235 1066 1281 opponitut
1085 1233 1253 1282 objectivo
1268 1249 1276 1270 :
1306 1236 1346 1269 ed
1360 1234 1446 1269 reale

65 1280 130 1315 hoc
145 1279 220 1315 loco
235 1280 462 1330 intelligimus,
475 1283 565 1331 qnod
590 1282 824 1325 intentionali,
838 1282 890 1317 seu
907 1282 1039 1317 formali
1060 1285 1237 1331 cognitioni
1259 1286 1444 1332 opponitur.

67 1330 152 1364 finis
172 1327 252 1364 veto
268 1328 392 1378 semper
407 1331 549 1380 aliquam
562 1330 663 1367 habet
683 1330 867 1366 bonitatem
881 1330 1019 1374 realem,
1044 1330 1098 1365 seu
1119 1330 1319 1379 objectivam
1342 1346 1350 1367 :
1379 1346 1446 1368 non

65 1380 155 1414 enim
171 1380 318 1424 cognitio
337 1378 409 1413 finis
423 1408 433 1422 ,
451 1392 487 1414 ut
497 1380 639 1415 sanitatis
650 1408 662 1422 ‚
683 1379 736 1414 sed
747 1379 862 1414 samms
881 1378 946 1426 ipsa
963 1381 1117 1426 quaeritur.

100 1426 202 1474 Qod
218 1438 325 1461 autem
337 1427 497 1475 superiore
517 1428 698 1476 quae‘stione
711 1427 753 1462 de
775 1426 867 1462 causa
887 1427 1067 1474 exemplari
1087 1426 1214 1475 physica
1232 1429 1366 1464 diximus
1380 1458 1390 1472 ,
1414 1431 1447 1464 id

65 1475 168 1510 multo
182 1476 310 1522 potiore
320 1479 386 1523 jure
395 1477 434 1510 ad
447 1475 545 1511 finem
557 1475 720 1525 physicum
732 1488 838 1511 rerum
858 1475 1050 1511 naturalium
1067 1477 1307 1511 accommodari
1325 1479 1441 1526 potest.

64 1526 154 1560 Nam
164 1535 212 1557 res
222 1536 336 1558 omnes
355 1526 453 1559 etiam
464 1527 659 1572 cognitionis
672 1537 818 1573 expertes
828 1536 928 1573 agunt
940 1536 1070 1572 propter
1083 1524 1181 1560 finem
1194 1553 1206 1568 ‚
1227 1538 1325 1572 quem
1339 1539 1381 1561 ex
1393 1527 1446 1562 usu

64 1571 284 1620 cognoscimus
297 1572 432 1608 taurum.
445 1576 551 1622 Atque
570 1573 657 1609 hunc
678 1573 777 1609 finem
789 1576 930 1608 maxime
944 1578 976 1607 in
990 1585 1097 1608 rerum
1117 1574 1323 1656 indapatione
1336 1576 1444 1623 perse-

64 1624 193 1667 quimur
207 1634 214 1655 :
230 1632 267 1655 ut
284 1634 355 1656 curn
375 1622 558 1657 structuram
576 1625 715 1671 partium
726 1623 872 1658 animalis
891 1623 1076 1670 indagamus
1092 1651 1101 1665 ,
1122 1625 1173 1656 uti
1200 1635 1246 1657 uo
1262 1623 1335 1658 loco
1348 1624 1443 1660 fufius

64 1670 198 1705 dicetur.
213 1670 300 1704 Cum
311 1682 359 1703 res
371 1669 468 1705 finem
482 1670 571 1707 suum
585 1671 736 1717 consequi
747 1684 811 1707 non
827 1671 953 1720 poffunt
963 1700 973 1713 ,
995 1682 1064 1705 tum
1082 1671 1194 1705 frustra
1210 1673 1361 1707 videntur
1372 1676 1442 1708 exi⁴

64 1718 155 1754 stere.
168 1720 251 1753 Finis
269 1717 347 1753 vero
359 1718 414 1752 ille
431 1722 548 1768 cuique
560 1722 606 1755 rei
620 1722 663 1755 est
677 1719 719 1754 a'b
735 1721 880 1756 Authore
893 1731 1016 1755 natura:
1032 1720 1160 1756 inditus.
1186 1720 1234 1754 Ac
1246 1720 1349 1769 plures
1363 1722 1444 1771 eJ'us..

64 1767 140 1801 dem
154 1769 199 1801 tei
209 1764 332 1815 possunt
347 1767 406 1802 effe
417 1767 496 1803 fines
517 1769 537 1804 ὲ
557 1772 717 1805 creatore
735 1768 804 1816 ipso
819 1769 986 1817 praestituti
999 1797 1007 1810 ,
1027 1769 1110 1803 adeo
1130 1780 1166 1803 ut
1187 1782 1252 1804 uno
1271 1768 1445 1806 deficiente

64 1815 145 1849 alter
155 1828 219 1850 non
233 1814 317 1850 desit.
339 1818 433 1863 Qu
453 1823 486 1854 ὅ(
507 1816 578 1852 finis
589 1817 643 1852 ille
659 1819 706 1852 est
726 1818 969 1865 quodammodo
989 1817 1081 1851 causa
1099 1816 1228 1866 physica
1245 1833 1253 1854 :
1274 1831 1349 1853 nain
1373 1823 1441 1867 pti-

64 1876 151 1898 marn
164 1865 521 1901 naturaeinstitutionem
538 1866 763 1913 consequitur:
780 1868 865 1901 unde
883 1867 929 1900 est
940 1868 1025 1914 prior
1037 1868 1071 1901 in
1089 1868 1291 1910 intentione,
1308 1879 1368 1902 nec
1381 1868 1440 1902 ha-

64 1912 123 1946 bet
132 1911 192 1947 effe
205 1912 425 1959 objectivum:
444 1928 512 1950 non
529 1918 615 1951 enim
624 1913 826 1963 cognoscitur
843 1915 863 1950 Ξι
879 1926 1032 1950 creatura.
1043 1917 1075 1949 Si
1090 1915 1249 1951 referatur
1263 1917 1303 1951 ad
1325 1927 1441 1953 natutae

66 1961 301 2006 Conditorem,
315 1974 429 1998 tumea
442 1966 564 2001 tatione
573 1963 816 2012 quodammodo
828 1975 943 2000 movet
963 1961 1143 2011 objective.

554 2064 634 2111 Q
645 2065 683 2098 ΑΞ
693 2064 751 2100 ST
765 2065 825 2100 10
860 2067 891 2098 V
906 2064 929 2096 1.

399 2159 452 2193 De
464 2159 620 2207 effec‘iricis
634 2164 723 2209 causi
737 2163 860 2196 notione
873 2159 912 2196 ἀ
930 2161 1106 2206 ιτὶβεηιῐα.

70 2254 100 2334 I
115 2256 147 2287 D
161 2264 261 2288 unum
277 2255 370 2290 restat
382 2268 415 2290 ut
426 2256 466 2290 de
481 2255 567 2291 causa
586 2256 746 2293 effectrice
764 2258 859 2306 paulo
883 2257 1010 2293 uberius
1031 2258 1209 2294 disseramus
1224 2274 1232 2295 :
1258 2261 1326 2294 haec
1349 2263 1437 2298 enim

115 2300 178 2335 sola
189 2330 198 2342 ,
218 2300 238 2335 fi
248 2306 375 2350 proprie
386 2305 473 2353 loqui
486 2306 634 2341 volumus
645 2337 653 2350 ‚
672 2307 766 2341 causae
780 2306 914 2355 physicae
928 2319 1047 2342 nomen
1068 2314 1101 2345 &
1121 2310 1280 2343 rationem
1294 2307 1350 2344 fibi
1364 2312 1436 2346 vin-

66 2350 259 2398 dicat.Nam
269 2352 456 2399 exemplaris
468 2360 500 2390 δε
520 2352 621 2390 finalis
638 2355 808 2398 objectivae
827 2368 952 2391 tantum
970 2385 978 2398 ‚
1001 2370 1067 2392 non
1089 2355 1222 2406 phyficae
1241 2357 1309 2392 sunt
1326 2359 1438 2403 cauffe3

66 2400 200 2433 nia-teria
217 2405 249 2436 δε
265 2400 369 2435 forma
384 2404 482 2450 magis
493 2416 599 2451 partes
617 2400 782 2454 conipoliti
797 2435 805 2451 ,
830 2417 883 2442 aut
906 2407 1062 2454 principia
1086 2407 1234 2443 videntur
1260 2406 1319 2445 esse
1341 2408 1438 2456 quiin}
