1857 2745
668 160 696 195 L
715 161 750 197 Ο
773 160 803 195 G
823 161 836 195 1
852 158 883 195 C
900 160 949 195 Αἰ.
1462 176 1474 199 1

113 212 206 251 vultu
216 208 364 248 candido.
390 211 474 246 Haec
486 220 596 246 autem
607 209 768 258 postrema
786 208 987 245 definitionis
1009 206 1121 257 regula
1135 209 1281 245 omnium
1299 211 1440 246 maxime
1456 177 1501 247 est

112 260 301 300 neceffaria:
316 260 465 297 definitio
475 262 562 296 enim
573 258 737 308 pardulum
751 258 803 295 vel
815 259 956 307 longior,
969 257 1024 293 vel
1043 256 1209 294 obscurior
1233 270 1396 308 utcunque
1413 260 1499 296 tole-

112 311 221 347 rabilis
235 312 300 356 est-‚
318 325 384 347 non
405 312 569 358 reciproca
587 306 668 343 vero
690 308 767 343 ferri
783 308 871 344 nullo
885 307 986 343 modo
1003 307 1116 356 potest.

143 361 309 397 Caeterum
321 359 522 396 definitionis
536 357 641 393 facilis
652 358 694 392 est
705 360 851 407 cognitio
862 387 873 401 ‚
886 359 994 406 praxis
1010 356 1090 391 vero
1107 352 1322 392 difficillima:
1341 360 1418 404 quia
1435 359 1498 394 dif-

109 409 196 446 ficile
206 411 249 444 est
273 411 306 444 id
321 409 411 456 quod
428 409 472 443 est
487 406 652 443 effentiale
665 436 675 450 ‚
687 406 729 442 ab
743 421 783 441 eo
798 407 888 455 quod
908 407 952 440 est
972 406 1224 441 accidentarium
1239 421 1246 440 ;
1279 418 1454 443 commune
1477 408 1500 443 ὲ

109 461 242 509 proprio
265 458 427 495 secernere
442 475 451 501 ;
467 469 521 493 aut
539 459 688 492 invenire
704 469 804 505 genus
822 458 1025 505 proximum,
1050 460 1083 490 &
1101 453 1250 489 ultimam
1270 456 1316 488 rei
1340 456 1495 491 differem-

108 512 199 544 tiam.
214 509 287 544 Nec
300 509 410 556 magni
424 508 456 541 id
471 505 592 550 refert,
616 507 794 541 dummodo
824 504 975 540 definitio
999 502 1225 551 qualiscunque
1245 501 1302 546 fit,
1323 504 1440 540 claram
1462 512 1496 543 &

109 558 290 592 diffinitam
308 559 356 592 rei
368 557 475 591 ideam
488 553 620 592 efficiat.
637 556 736 592 Unde
752 555 807 590 ubi
827 553 964 602 qualitas
983 554 1030 587 rei
1050 551 1219 587 effentialis
1242 565 1306 587 non
1329 558 1468 588 occurrit
1484 584 1494 597 ,

106 606 211 656 plures
220 606 450 642 accidentarias
464 605 637 640 commode
655 604 835 640 affirimus:
854 614 890 638 ut
907 605 939 638 in
949 602 1129 651 plantarum
1139 599 1353 649 descriptione
1371 602 1425 638 usu
1436 616 1494 638 ve-

107 657 178 692 nit:
197 658 264 691 imo
282 666 317 690 ut
336 653 358 692 ὲ
372 657 443 692 viro
461 653 583 692 dofflls
599 654 644 690 est
660 653 884 697 observatum,
899 665 946 688 res
967 662 1103 700 quaeque
1124 648 1258 686 visibilis
1285 653 1410 700 optime
1439 664 1494 701 per

106 703 243 754 figuram
266 702 430 740 definitur.

605 785 636 820 C
657 785 684 820 A
709 785 732 820 Ρ
761 784 795 819 U
820 786 852 820 T
917 786 988 821 112-

656 868 712 900 De
729 866 896 912 divzfione.
910 893 913 895 —

107 948 298 1034 DIvisio
310 949 353 984 est
375 950 474 985 totius
486 951 519 984 in
531 959 637 996 patres
656 946 846 983 distributio.
878 949 965 984 Illius
982 949 1074 983 idem
1086 950 1130 984 est
1144 949 1214 984 usus
1230 978 1238 992 ‚
1251 951 1308 996 qui
1327 949 1493 985 definitio-

207 1000 403 1047 nis:nempe
416 1010 451 1033 ut
473 1011 541 1032 rem
562 998 662 1044 magis
677 997 823 1031 distincte
841 1001 1072 1046 concipiamus,
1098 998 1201 1044 Qod
1216 1000 1327 1045 utique
1350 998 1405 1042 fit,
1419 1012 1492 1034 cum

105 1058 155 1080 res
170 1059 242 1094 quae
261 1060 326 1082 uno
343 1047 514 1095 prospedru
532 1047 635 1079 videri
653 1057 718 1078 non
737 1046 852 1091 potest,
867 1046 960 1079 velut
975 1058 1031 1092 per
1053 1058 1161 1093 partes
1180 1046 1402 1092 cognoscenda
1417 1060 1494 1094 pro-

103 1098 341 1144 ponitur:nam
359 1094 504 1131 universa
518 1099 551 1131 &
567 1092 727 1142 generalis
741 1095 838 1128 totius
862 1096 907 1127 rei
921 1095 1068 1143 cognitio
1087 1094 1261 1128 admodum
1282 1095 1324 1129 est
1338 1095 1494 1144 imperfe.

105 1147 175 1189 eka,
189 1149 231 1182 &·
243 1143 388 1181 obscura.

138 1193 559 1243 Divifionemapartitione
576 1192 706 1229 differre
718 1205 776 1227 nos
797 1193 955 1228 admonet
979 1192 1097 1227 Cicero
1114 1194 1210 1240 :quia
1233 1191 1301 1226 haec
1322 1194 1365 1228 est
1391 1196 1491 1229 totius

104 1247 139 1280 in
151 1254 257 1292 partes
271 1272 281 1286 ,
295 1243 350 1278 illa
366 1244 493 1292 generis
505 1244 538 1277 in
556 1240 687 1289 species.
711 1243 850 1278 Par-titio
863 1242 906 1276 est
921 1245 1019 1277 totius
1031 1241 1163 1277 actualis
1178 1270 1186 1284 ,
1199 1240 1312 1276 divisio
1324 1245 1419 1278 totius
1432 1257 1492 1292 po-

105 1292 256 1329 tentialis.
273 1293 358 1328 Cum
371 1304 483 1340 corpus
493 1292 668 1327 humanum
678 1293 709 1326 in
725 1302 840 1340 caput,
854 1302 1000 1327 truncum
1011 1321 1020 1335 ,
1039 1297 1072 1329 &
1086 1303 1172 1326 artus
1189 1291 1361 1336 dividitur,
1375 1304 1443 1327 tum
1454 1305 1490 1327 ea

104 1344 220 1378 dicitur
233 1345 366 1391 partitio
378 1345 476 1376 totius
493 1344 524 1376 in
537 1352 644 1389 partes
663 1343 882 1389 integrante53
900 1341 951 1375 seu
969 1353 1079 1376 eorum
1096 1353 1165 1388 quae
1184 1340 1228 1373 ad>
1242 1343 1341 1375 totius
1355 1344 1493 1390 integri-

104 1402 226 1434 tatem,
237 1405 303 1428 non
314 1393 444 1439 proprie
455 1391 495 1424 ad
511 1390 594 1425 illius
613 1388 779 1426 effentiam
803 1393 976 1438 pertinent.
1007 1391 1057 1426 Ad
1072 1392 1284 1439 partitionem
1301 1390 1416 1425 referri
1430 1404 1492 1440 po-

105 1441 162 1476 test
172 1443 271 1476 totius
283 1443 316 1476 in
330 1452 436 1488 partes
451 1439 629 1475 essentiales
645 1445 678 1476 δε
689 1438 832 1487 physicas
853 1439 1058 1475 distributio:
1073 1451 1108 1474 ut
1127 1439 1268 1473 hominis
1280 1441 1313 1474 in
1331 1452 1445 1489 corpus
1459 1445 1500 1477 &-

104 1491 259 1526 animam.
272 1490 340 1525 Sed*
350 1488 463 1524 divifio
475 1490 602 1523 numeri
616 1491 647 1522 in
658 1501 770 1535 parem
780 1490 980 1535 &imparem
993 1506 1002 1532 3
1017 1488 1108 1523 lineae
1124 1490 1157 1522 in
1167 1499 1299 1521 curvam
1312 1494 1345 1524 ὃ(
1358 1491 1492 1532 restam,

104 1537 289 1574 universalis
301 1541 338 1572 in
348 1538 398 1571 sua
415 1537 586 1579 inferiora,
601 1535 653 1570 seu
670 1539 701 1570 in
716 1548 822 1583 partes
842 1535 1011 1584 subjectas,
1026 1549 1061 1571 ut
1080 1538 1207 1584 generis
1228 1537 1261 1570 in
1280 1535 1421 1583 species,
1440 1538 1492 1572 di-

104 1585 182 1623 vifio
204 1586 396 1634 appellatur.

142 1644 187 1672 2³.
200 1635 273 1670 Ali-a
285 1636 328 1669 est
343 1632 456 1668 divisio
466 1631 596 1680 subjecti
608 1636 640 1667 in
652 1633 851 1668 accidentia:
867 1643 905 1667 ut-
921 1644 1095 1680 corporum
1112 1632 1256 1680 quaedam
1274 1632 1492 1671 lucem-emit-

104 1696 176 1720 tunt
188 1712 199 1727 ,
213 1695 249 1718 ut
262 1682 307 1718 sol
322 1689 354 1719 δι
369 1682 463 1716 stellae
478 1698 488 1724 ·,
504 1680 569 1714 alia
591 1681 780 1725 reflectunt,
796 1693 832 1716 ut
850 1693 932 1716 terra
951 1687 984 1719 ὃ(
1011 1681 1145 1729 plantae,
1163 1687 1196 1718 ὃς
1228 1695 1331 1730 opaca
1354 1696 1491 1731 quaeque

102 1744 241 1782 corpora
254 1748 262 1775 3
276 1730 433 1768 nonnulla
452 1728 673 1766 transmittunt
686 1760 698 1775 ‚
718 1743 753 1765 ut
770 1733 1098 1778 a‘c'r,aqua‚vitrum,
1111 1737 1144 1769 ὃ(
1165 1743 1235 1779 quae
1253 1732 1402 1768 dicuntur
1423 1735 1492 1769 dia-

103 1782 222 1831 phana.
476 1821 479 1824 Α

141 1839 185 1875 3⁰.
226 1829 302 1866 Alia
318 1831 361 1865 est
372 1829 485 1865 divisio
508 1830 682 1865 accidentis
697 1834 729 1866 in
748 1830 887 1880 subjesta
904 1843 912 1865 ε
928 1842 964 1866 ut
978 1829 1065 1865 bona
1078 1829 1150 1864 sunt
1160 1832 1307 1878 corporis
1318 1856 1327 1868 ,
1342 1829 1394 1864 vel
1420 1833 1492 1866 ani-

106 1894 164 1917 mi.

161 1933 244 1966 Tres
265 1930 333 1965 sunt
355 1932 518 1978 praecipuae
536 1928 623 1977 leges
636 1927 723 1964 bene
739 1928 906 1964 dividendi
925 1947 934 1968 ·,
948 1931 1051 1975 prima
1064 1958 1073 1972 ,
1090 1941 1128 1964 ut
1142 1926 1254 1963 divisio
1273 1939 1418 1975 exaequet
1430 1939 1491 1963 to-

107 1992 174 2015 tum
185 1979 321 2015 divisum
342 1993 349 2015 ε
362 1982 408 2013 ita
425 1991 460 2013 ut
476 1991 535 2013 nec
546 1978 637 2026 plura
649 2007 657 2020 ,
667 1990 726 2011 nec
738 1980 888 2025 pauciora
902 1977 1050 2013 membra
1060 1977 1117 2013 sint
1127 1981 1160 2012 in
1171 1976 1324 2012 divisione
1336 1976 1434 2023 quam
1458 1980 1490 2013 in

105 2040 177 2064 toto
187 2027 300 2064 diviso.
325 2027 484 2062 Adversus
495 2027 577 2063 hanc
592 2026 697 2075 legem
713 2038 862 2074 peccatur
875 2057 883 2071 ‚
901 2030 1029 2075 quoties
1052 2030 1216 2062 omittitur
1230 2025 1411 2060 membrum
1430 2025 1492 2060 ali-

106 2078 193 2126 quod
211 2076 435 2120 necessarium,
453 2076 508 2110 vel
529 2077 676 2124 adjicitur
692 2088 901 2112 extraneum:
923 2089 958 2111 ut
982 2075 1002 2110 si
1021 2077 1186 2112 dividatur
1204 2075 1324 2111 animal
1340 2077 1371 2110 in
1392 2086 1492 2109 terre-

104 2140 183 2163 num
195 2132 228 2164 δε
240 2139 378 2173 aqueum
395 2144 403 2169 3
420 2125 474 2161 vel
487 2127 518 2160 in
534 2138 697 2160 terrenum
709 2155 717 2167 ,
729 2128 870 2168 aereum,
888 2138 1029 2173 aqueum
1040 2131 1073 2163 δε
1085 2129 1212 2175 igneum
1225 2140 1231 2160 :
1245 2128 1276 2159 in
1286 2126 1383 2172 priori
1398 2136 1491 2158 nam-

105 2188 170 2224 que
188 2175 344 2211 divisione
359 2176 445 2210 deest
454 2178 583 2209 a'e‘teum
600 2177 654 2217 3111
666 2175 838 2223 posteriore
858 2176 1156 2223 redundatigneum
1172 2190 1179 2210 :
1199 2173 1218 2209 fi
1239 2173 1338 2208 modo
1356 2186 1426 2220 quae
1449 2174 1491 2207 est

107 2237 191 2260 certa
203 2224 388 2272 hypothesis
403 2255 413 2269 ‚
431 2223 556 2259 nullum
570 2226 685 2260 vivere
695 2226 727 2257 in
743 2225 816 2271 igne
837 2224 955 2259 animal
975 2224 1078 2272 posfit.

148 2281 192 2308 2².
224 2277 274 2310 Ut
293 2273 406 2309 divifio
426 2276 533 2322 paucis
555 2274 677 2308 constet
691 2272 855 2320 partibus:
880 2273 1006 2321 alioqui
1027 2271 1189 2322 proposito
1207 2271 1331 2306 carebit
1349 2271 1490 2315 effeetu,

108 2334 318 2367 mentemque
340 2323 520 2358 confundet
533 2352 542 2365 ,
560 2334 596 2356 ac
614 2324 806 2357 memorium
825 2322 961 2358 obruet:
981 2336 1054 2358 cum
1074 2322 1242 2356 tszmemad
1256 2334 1426 2368 utramque
1439 2327 1490 2369 ju-

107 2372 246 2406 vandam
256 2371 293 2406 sit
305 2373 448 2407 instituta
464 2371 588 2406 divifio.
608 2371 694 2404 Μῶφι
709 2373 827 2405 vitium
845 2371 1075 2418 habet,inquit
1096 2374 1228 2409 Seneca,
1241 2373 1339 2404 nimia
1361 2371 1490 2415 diviſsa,

108 2418 206 2467 qm‘zm
224 2420 329 2457 nulla,
353 2422 464 2454 Simile
475 2420 516 2466 est
541 2420 660 2468 confifi)
674 2447 684 2463 ,
708 2420 870 2468 quidquid
885 2423 917 2455 in
933 2420 1100 2469 pulverem
1114 2420 1232 2468 ftHum
1251 2420 1300 2455 ess?
1314 2435 1323 2452 :
1349 2425 1382 2456 ὃ(
1406 2419 1487 2453 adeo

250 2470 342 2505 Tom.
361 2471 392 2504 Ι.
1305 2468 1335 2504 C
