1857 2745
334 133 381 167 118
547 124 549 127 ¹
782 123 1215 164 TRACTATUS

331 178 369 213 sit
382 179 555 226 cognitum.
579 173 679 211 Unde
696 175 896 223 privationes
911 187 980 210 non
995 173 1064 209 sunt
1079 178 1169 211 entia
1185 179 1320 214 rationis
1337 191 1346 213 ι
1363 174 1436 213 sunt
1457 176 1544 211 enirn
1587 176 1729 212 rivatic-¹

335 239 390 263 nes
402 255 412 270 ‚
436 228 512 260 licet
529 238 595 259 non
608 221 858 272 cognoscantur:
876 225 947 258 imo
964 236 1025 259 nec.
1042 222 1179 259 secundae
1197 228 1397 262 intentiones
1419 224 1530 274 logicae
1566 237 1623 260 unt
1652 238 1730 274 pro-

334 278 403 323 prie
429 275 513 307 entia
545 273 690 307 rationis.
722 273 805 306 Sunt
824 274 911 307 enim
932 272 1214 309 denominationes
1240 273 1438 318 extrinsecae,
1458 286 1526 320 quse
1551 274 1730 323 subjectum

335 323 610 357 denominationis
622 320 800 357 includunt.
816 323 906 358 Nam
923 319 986 356 effe
1007 325 1176 366 cognitum
1196 325 1228 360 in
1251 337 1317 360 non
1340 336 1416 360 ente
1436 323 1483 358 est
1500 336 1555 360 ens
1571 325 1729 367 rationis,

336 385 402 406 non
422 372 503 404 item
522 372 553 403 in
572 381 645 404 ente
665 369 757 409 reali,

374 419 458 462 Sed,
479 419 649 465 inquiunt,
675 418 763 452 causa
777 417 868 453 realis
884 417 1009 468 semper
1025 421 1175 469 producit
1191 420 1246 458 effi
1257 423 1344 456 <stum
1371 420 1492 456 realem
1512 434 1520 457 :
1549 419 1732 456 intellectus

337 468 381 503 est
392 467 484 502 causa
499 467 592 500 realis
607 482 615 502 ε
630 467 801 516 ergoillius
818 467 951 504 effictus
966 468 1090 518 semper
1106 471 1149 504 est
1160 471 1265 506 realis,

372 517 458 562 Rsp.
475 516 558 560 Dis).
571 521 650 560 maj.
664 516 768 550 Causa
786 517 879 550 realis
892 516 1046 553 cffidhim
1060 518 1181 553 realem
1192 529 1361 567 procreat,
1375 530 1449 551 cum
1460 517 1609 564 producit
1625 529 1661 552 ut
1682 518 1737 554 ef-

340 565 485 607 fecitusn,
506 565 632 600 Cxum
642 566 788 613 producit
807 577 840 600 ut
853 564 1023 613 objectum
1039 596 1048 611 ,
1067 570 1112 604 N.
1132 571 1192 603 Ens
1211 570 1347 602 rationis
1365 567 1408 600 est
1422 576 1548 600 tantum
1566 566 1736 613 objeCmm

340 613 525 650 intellectus
545 642 553 656 ‚
576 627 642 648 non
657 614 741 648 illius
752 613 897 650 effictus.
918 617 1001 665 Q
1022 629 1131 652 autem
1150 617 1190 651 de
1205 628 1279 652 ente
1292 616 1427 651 rationis
1446 613 1548 648 solent
1562 613 1735 663 disputare,

341 675 418 698 cum
441 662 556 698 nullius
569 661 628 698 sint
639 663 709 697 usus
723 692 732 706 ‚
754 661 878 711 potsunt
901 664 922 700 ὰ
945 666 1040 700 nobis
1063 667 1283 714 praetermitti„

377 714 474 749 Nunc
485 724 555 759 quae
572 711 608 746 sit
625 711 679 745 illa
693 714 775 746 entis
789 711 1093 756 divisi0‚videamus.

376 764 440 797 Ens
452 761 538 795 reale
553 761 709 795 dividitur
728 763 761 796 in
777 760 980 796 substantiam
995 768 1031 799 δε
1047 763 1195 798 accidens
1214 777 1223 798 t
1251 763 1423 799 substantia
1440 759 1494 796 vel
1512 760 1555 794 est
1574 762 1738 803 increata,

343 809 400 845 vel
417 821 536 846 creata.
548 812 730 858 Qaerimus
743 812 854 857 itaque
865 809 1014 845 hocloco
1026 824 1172 859 quaenam
1187 811 1223 847 sit
1241 811 1296 847 illa
1310 813 1393 847 entis
1410 807 1524 844 divifio
1536 837 1546 852 ‚
1576 811 1714 844 univoca
1727 837 1738 852 ‚

344 870 387 894 an
401 858 546 907 analoga.
568 861 618 893 An
639 860 723 892 ratio
739 861 821 893 entis
841 861 917 895 Deo
931 865 965 896 &
977 863 1126 894 creaturis
1141 889 1150 904 ‚
1168 860 1343 896 substantiae
1357 865 1390 896 δε
1403 859 1564 892 accidenti
1591 870 1628 892 ex
1645 870 1747 905 aequo

345 909 521 941 conveniat
537 923 545 950 3
571 913 603 943 8<
618 906 727 941 utrum
751 920 805 942 ens
836 906 872 942 fit
887 919 989 956 genus
1023 921 1095 942 curn
1126 908 1334 943 inferioribus
1364 917 1594 954 comparatum.
1630 909 1677 942 Ac
1699 918 1741 940 ne

347 956 382 989 in
400 954 557 1003 ambiguo
571 954 756 990 laboremus
769 985 779 999 ‚
796 955 829 989 id
845 956 1024 991 notandum
1042 957 1105 1000 est,
1130 969 1186 992 ens
1204 957 1304 1006 ipsum
1329 956 1492 1004 duplicem
1504 955 1626 989 habere
1645 954 1741 1003 signi-

349 1002 537 1040 ficationem
555 1017 562 1039 :
579 1003 635 1039 vel
652 1007 739 1039 enim
752 1016 811 1052 pro
822 1002 954 1039 effentia
962 1007 1009 1039 rei
1024 1007 1179 1053 accipitur
1191 1035 1202 1049 ‚
1227 1017 1360 1052 tumque
1384 1003 1485 1039 habet
1507 1006 1572 1038 vim
1592 1006 1741 1040 nominis

349 1050 536 1086 substantivi
553 1069 562 1095 3
586 1051 640 1086 vel
655 1051 786 1086 sumitur
801 1053 964 1100 adjetffive
979 1080 990 1093 ‚
1023 1064 1079 1087 aut
1091 1053 1183 1088 velut
1198 1055 1403 1101 participium
1422 1050 1515 1086 verbi
1533 1051 1720 1087 substantivi
1732 1069 1751 1096 3⁴

351 1111 486 1145 tumque
506 1102 552 1133 rei
570 1100 817 1146 quodammodo
829 1101 956 1136 accidit.
974 1102 1063 1136 Nam
1080 1113 1222 1135 creatura
1248 1104 1357 1136 omnis
1379 1101 1485 1135 existit
1499 1103 1740 1148 contingenter.

354 1150 401 1183 Ac
411 1159 534 1181 certum
544 1148 590 1182 est
602 1160 657 1183 ens
673 1148 736 1183 hoc
755 1149 857 1182 modo
868 1147 1030 1197 sumptum
1043 1161 1111 1183 non
1125 1149 1246 1185 habere
1259 1152 1420 1185 rationem
1431 1151 1570 1198 generis,
1581 1162 1652 1184 cum
1666 1162 1745 1198 prae-

353 1197 451 1231 dicari
467 1209 533 1230 non
548 1195 641 1244 possit
658 1199 690 1231 in
708 1197 785 1243 quid
802 1197 842 1230 de
860 1196 925 1231 ulla
941 1208 1100 1235 creatura..
1115 1199 1152 1232 ld
1167 1202 1254 1234 enim
1267 1202 1323 1234 uni
1339 1201 1414 1234 Deo
1426 1200 1592 1246 proprium
1615 1199 1662 1233 est
1677 1228 1687 1243 ,
1706 1209 1744 1233 ut

356 1242 530 1281 neceffario
545 1253 580 1282 ὃς
597 1245 802 1280 ellentialiter
820 1246 944 1282 existat.

379 1294 518 1328 Certum
531 1295 576 1328 est
590 1309 630 1332 ιο.
641 1297 723 1329 entis
740 1296 901 1329 rationem
919 1308 984 1330 non
1002 1298 1176 1331 convenire
1188 1299 1328 1331 univoce
1342 1299 1411 1332 enti
1423 1294 1500 1330 reali
1517 1301 1552 1332 &
1564 1298 1629 1330 enti
1644 1297 1747 1330 ratio-

355 1345 403 1376 nis
419 1371 427 1384 ,
445 1354 482 1376 ut
499 1346 582 1376 ratio
595 1343 734 1378 hominis
745 1356 811 1378 non
825 1355 864 1378 ex
884 1356 976 1392 aequo
992 1347 1147 1380 convenit
1162 1345 1286 1380 homini
1301 1357 1380 1380 vero
1402 1351 1436 1382 ἃς
1449 1345 1538 1391 picto
1557 1355 1574 1377 ε.
1592 1356 1648 1380 ens
1664 1356 1745 1380 vero

359 1393 494 1426 rationis
507 1392 549 1426 est
561 1403 686 1426 tantum
705 1390 824 1426 umbra
839 1395 920 1430 entis
940 1393 1044 1429 realis.
1074 1396 1136 1429 His
1157 1396 1266 1442 itaque
1284 1393 1394 1442 positis
1406 1423 1421 1438 „
1443 1393 1479 1428 sit

899 1443 1014 1477 Prima
1030 1442 1197 1487 conclusio..

361 1490 482 1573 ENs
499 1489 584 1523 reale
597 1491 752 1524 convenit
770 1492 908 1524 univoce
924 1493 1000 1525 Deo
1019 1495 1053 1526 δε
1067 1493 1218 1525 creaturis
1230 1518 1239 1532 ,
1261 1489 1434 1525 substantiae
1447 1494 1480 1526 δέ
1494 1491 1671 1526 accidenti..

472 1536 633 1570 Probatur
647 1539 807 1583 conclnfio.
821 1538 904 1573 Illud
915 1537 961 1572 est
973 1541 1150 1573 univocum
1164 1566 1173 1581 ,
1197 1544 1285 1588 cujus
1301 1539 1347 1573 est
1366 1539 1452 1572 idem
1473 1551 1594 1574 nomen
1609 1568 1619 1583 ,
1644 1545 1678 1576 &
1698 1550 1751 1573 ra-

362 1587 408 1620 tio
428 1588 551 1620 nomini
568 1584 760 1633 respondens
773 1586 868 1634 plane
887 1586 1016 1622 eadem.
1031 1587 1095 1620 Sed
1106 1598 1161 1621 ens
1175 1589 1261 1622 reale
1271 1589 1427 1623 convenit
1440 1590 1515 1622 Deo
1528 1594 1562 1625 ὃς
1574 1590 1727 1624 creaturis
1737 1616 1752 1631 ,

359 1633 536 1668 substantia:
547 1640 579 1671 &
589 1635 746 1669 accidenti
757 1634 929 1670 secundum
950 1636 1036 1670 idem
1051 1648 1185 1679 nomen,
1195 1642 1234 1672 δε
1247 1636 1391 1670 eandem
1404 1639 1543 1672 nominis
1562 1640 1723 1672 rationem
1736 1665 1748 1680 ,

361 1695 433 1717 cum
450 1695 540 1729 aeque
558 1683 577 1717 a
592 1683 695 1717 nihilo
705 1684 961 1733 distinguantur3
981 1690 1014 1721 δε
1024 1686 1237 1732 proprietates
1247 1686 1330 1719 entis
1343 1713 1352 1727 ,
1371 1686 1476 1718 unitas
1486 1714 1496 1728 ‚
1511 1687 1629 1720 veritas
1641 1692 1674 1722 δε
1685 1685 1749 1719 bo-

365 1734 450 1766 nitas
463 1733 500 1764 iis
515 1734 625 1778 ntique
641 1735 899 1769 conveniant.Er
924 1747 943 1767 o
955 1733 1037 1768 nihil
1053 1732 1161 1767 obstat
1180 1734 1352 1780 quominus
1368 1744 1424 1767 ens
1442 1730 1478 1766 sit
1494 1736 1667 1770 univocum
1687 1733 1752 1769 res-

360 1782 462 1822 pediu
485 1783 550 1814 Dei
568 1787 601 1817 δε
625 1793 843 1816 creaturarum
859 1811 869 1825 ,
895 1747 1078 1817 {bstantiae
1095 1787 1128 1819 &
1141 1783 1325 1817 accidentis.

404 1827 552 1873 Confi-rm.
565 1828 624 1864 Etfi
635 1828 781 1878 spiritalis
793 1829 965 1866 substantia
980 1829 1122 1866 nobilior
1138 1829 1175 1866 stt
1187 1842 1343 1878 corporea
1358 1857 1368 1872 ,
1399 1834 1432 1865 δέ
1450 1831 1571 1866 animai
1588 1831 1748 1867 rationale

364 1876 399 1912 sit
411 1877 603 1925 praestantius
613 1879 802 1921 irrationali,
817 1879 880 1914 hoc
893 1893 959 1914 non
971 1879 1110 1927 impedit
1119 1882 1292 1925 quominus
1301 1880 1385 1912 ratio
1401 1876 1584 1913 substantiae
1596 1892 1638 1915 ex
1655 1892 1750 1927 aequo

365 1928 540 1960 conveniat
552 1939 714 1975 corporeae
731 1927 907 1974 &spiritali
923 1955 934 1970 ‚
950 1939 1005 1961 aut
1023 1927 1142 1961 animal
1155 1925 1190 1961 fit
1207 1928 1382 1961 univocum
1402 1924 1544 1974 respectu
1558 1928 1699 1963 hominis
1714 1934 1750 1965 &

366 1973 469 2010 bruti:
492 1976 580 2023 quod
595 1979 700 2010 omnis
714 1974 913 2022 inaequalitas
925 1977 1047 2009 oriatur
1059 1987 1099 2009 ex
1108 1974 1299 2010 differentiis
1311 2003 1320 2018 ‚
1344 1986 1411 2009 non
1424 1986 1462 2011 ex
1478 1987 1597 2024 genere
1611 1976 1751 2022 substanss

368 2035 420 2059 11ae
439 2054 447 2068 ,
474 2023 526 2058 vel
540 2023 686 2059 animalis
699 2041 707 2067 3
726 2026 773 2058 ita
783 2023 803 2059 a
815 2025 884 2072 pari
898 2053 909 2067 ,
928 2023 1004 2059 licet
1015 2026 1103 2060 Deus
1112 2021 1148 2058 sit
1158 2036 1211 2060 ens
1221 2023 1425 2060 infinitum&
1435 2025 1654 2073 independens
1665 2054 1674 2068 ‚
1688 2026 1754 2060 hoc

367 2086 432 2107 non
446 2072 551 2107 obstat
561 2075 733 2120 quominus
745 2075 829 2107 ratio
844 2075 926 2108 entis
941 2074 1081 2108 univoce
1090 2075 1346 2109 conveniatDeo
1361 2077 1395 2109 ὃ(
1410 2076 1578 2118 creaturis,
1592 2087 1665 2110 cum
1675 2087 1750 2109 om-

367 2123 414 2156 nis
426 2121 618 2169 inaequalitas
633 2135 671 2158 ex
685 2121 876 2158 differentiis
895 2121 930 2156 fit
944 2122 1131 2169 repetenda.

400 2172 425 2202 C
428 2170 549 2215 onfirm.
567 2178 598 2206 2⁰
614 2174 705 2207 Deus
721 2177 755 2208 δε
771 2182 925 2214 creatura,
938 2169 1110 2205 substantia
1124 2176 1158 2208 δε
1173 2171 1319 2207 accidens
1331 2172 1533 2206 conveniunt
1547 2172 1578 2206 in
1590 2181 1752 2218 conceptu

367 2221 449 2251 entis
465 2247 474 2260 ‚
495 2222 635 2266 quicum
651 2219 957 2268 fitfimpliciffimns‚
977 2221 1079 2255 dividi
1099 2234 1164 2256 non
1185 2221 1289 2268 potest
1311 2235 1318 2257 ς
1339 2232 1416 2269 ergo
1430 2222 1535 2255 omnis
1549 2219 1749 2267 inaequalitas

367 2278 431 2299 non
443 2278 480 2299 ex
497 2271 619 2303 ratione
639 2271 805 2304 communi
820 2272 901 2303 entis
918 2298 926 2312 ‚
944 2282 1016 2316 quse
1038 2268 1154 2303 cadem
1170 2268 1290 2317 ubique
1315 2269 1361 2304 est
1391 2275 1423 2306 &
1449 2267 1667 2311 indivisibilis,
1696 2266 1750 2302 sed

367 2325 404 2347 ex
424 2314 609 2351 dfferentiis
629 2321 711 2353 entis
743 2318 786 2352 est
814 2319 1008 2354 deducenda.
1032 2322 1111 2354 Non
1129 2320 1216 2354 enim
1250 2331 1305 2354 ens
1329 2321 1363 2352 in
1380 2316 1434 2356 suo
1463 2330 1622 2368 conceptu
1644 2315 1747 2360 inclu-¹

365 2361 410 2397 d.t
432 2366 590 2412 principia
618 2366 808 2404 diversitatis
823 2396 835 2412 ‚
865 2366 919 2405 sed
945 2370 1136 2416 principium
1159 2367 1385 2405 firnilimdinis.
