1857 2745
299 141 357 178 652.
758 133 1242 171 METAPHYSICAE
1306 170 1311 175 .

299 182 504 228 cujufitmodi
513 183 590 226 fimo
604 210 614 224 ‚
642 184 675 215 in
683 182 837 230 pisturis,
856 193 956 230 atque
966 182 1149 231 figrnenti53
1174 195 1222 219 tot
1230 186 1378 233 gentium
1397 185 1526 234 linguas
1542 213 1550 225 ,
1574 197 1622 223 tot
1637 191 1686 223 in-
1726 206 1729 210 ·

290 232 424 274 stitnta,
446 240 491 264 tot
501 242 585 265 nova
600 259 610 274 ,
632 240 679 264 tot
690 230 896 276 instauratas
923 243 1048 266 tantum
1069 231 1222 268 librorum
1236 245 1416 273 numerum,
1441 234 1480 270 ό
1495 238 1682 281 ειιῙκῙὲενηο-

294 279 330 313 di
337 291 607 315 monumentorum
629 279 675 314 ad
685 280 918 325 custodiendam
933 283 1116 316 memoriam
1125 309 1135 321 ,
1155 294 1344 330 tantamque
1354 296 1464 319 curam
1474 284 1682 334 posteritatis,

293 328 478 373 officiorum,
501 329 692 379 potestatum
708 357 718 368 ,
736 329 904 374 honorum,
924 330 1190 379 dignitatumque
1216 333 1360 372 ordines,
1376 333 1450 379 five
1466 336 1499 368 in
1515 334 1658 383 proftcnis
1670 364 1681 376 ‚

286 378 358 421 sive
371 379 511 426 inficeris
523 378 735 427 apparatibus
750 393 758 414 ,·
774 381 842 413 vim
854 381 1069 415 ratiocinandi
1082 378 1122 414 &³
1133 380 1350 430 excogitandi5
1348 382 1472 428 fluvios
1486 384 1679 430 eloquentiis,

290 429 468 461 carminum
491 431 688 467 varietates,
707 427 844 463 ludendi
868 441 925 463 aut
953 430 1082 472 jocandi
1097 432 1190 476 causta
1209 431 1299 465 mille
1306 430 1425 475 formis
1431 432 1652 478 simulationes
1666 458 1678 475 -,

290 475 475 510 modulandi
487 479 658 526 peritiam,
685 477 873 512 dimetiendi
879 477 1099 525 fhbtilitatem
1113 508 1125 523 ,
1144 479 1339 514 numerandi
1353 480 1550 529 disciplinam
1569 508 1579 524 ‚
1601 493 1680 531 pra-

288 528 454 559 teritorttm
466 554 475 568 ,
499 540 537 560 ac
548 525 740 572 fitturorum
762 540 803 560 ex
819 527 1018 576 presentibus
1038 529 1257 573 consessuram,
1283 530 1415 578 Magna
1431 529 1490 565 haec
1505 529 1544 564 ῥ’
1559 533 1680 568 omnino

285 573 436 611 hnmana.
454 578 497 611 Ex
509 575 626 625 quibus
639 575 713 612 sane
725 574 865 611 efficitur
876 576 975 613 aliam
988 576 1049 614 esse
1061 578 1204 613 hominis
1219 607 1230 622 ‚
1254 577 1352 613 aliam
1370 576 1552 616 belluarum
1562 583 1679 630 cogni·-

286 625 411 659 tionem
418 652 426 660 .
1563 641 1581 657 u

756 677 942 711 Solvuntur
969 675 1167 718 objeffiones.

317 773 400 822 Opp.
412 786 434 809 1.
452 785 604 822 magnam
616 776 651 811 in
668 774 777 810 bestiis
787 773 979 823 quibusdam
999 773 1060 810 else
1073 775 1276 811 docilitatem
1290 805 1301 820 ,
1323 787 1396 823 quae
1417 776 1497 811 citra
1511 777 1673 813 rationem

280 825 409 873 concipi
424 836 490 858 non
504 824 616 872 potest.
627 824 719 872 Qin
729 830 763 862 δε
778 825 885 860 futura
893 837 967 859 cnm
979 828 1147 873 praeteritis
1164 829 1365 875 conjungunt
1375 854 1385 869 ‚
1402 838 1475 860 cum
1488 837 1527 861 ex
1543 825 1674 862 inflictis

278 870 382 921 plagis
396 884 514 908 cavent
523 871 580 908 fibi
594 872 636 908 ab
648 876 686 908 iis
694 887 768 922 quse
781 875 984 922 impendent.
1002 876 1103 922 Qod
1118 875 1215 910 semel
1236 875 1275 909 ad
1295 875 1451 909 tuendam
1473 877 1572 909 vitam
1590 876 1674 911 utile

278 920 350 956 sunt
362 934 503 970 expertae
520 952 530 966 ,
551 923 583 957 id
602 925 745 960 maxime
755 924 980 960 consectantur
991 952 1002 967 ,
1018 935 1054 958 ut
1066 936 1160 960 canes
1170 925 1257 973 ignis
1272 923 1414 958 calorem
1426 926 1460 959 in
1474 922 1600 959 summo
1614 925 1673 961 fti-

277 983 358 1017 gore
367 1000 376 1015 ,
394 971 488 1007 fluvii
498 984 618 1021 aquam
631 975 663 1009 in
673 986 794 1023 magno
807 975 893 1010 aestu.

311 1022 402 1070 Kasp.
417 1020 488 1066 dist.
502 1026 580 1066 maj.
603 1026 639 1058 In
652 1021 769 1059 belluis
783 1025 827 1059 est
837 1022 984 1059 docilitas
999 1022 1146 1071 quaedam
1170 1022 1349 1070 improprie
1360 1022 1453 1056 dista
1465 1051 1476 1066 ,
1492 1033 1592 1070 quam
1606 1023 1672 1060 ob·-

273 1069 433 1116 jectorum
448 1069 567 1119 species
579 1101 589 1116 ‚
619 1078 653 1110 δε
665 1075 829 1122 appetitus
840 1071 996 1109 naturalis
1022 1069 1169 1107 efficiunt
1182 1100 1192 1115 ,
1218 1075 1255 1108 C.
1269 1070 1418 1106 docilitas
1440 1074 1570 1120 proprie
1582 1073 1670 1111 dieta

276 1123 310 1154 &
324 1119 482 1166 perfeffli,
496 1122 547 1157 N.
560 1123 677 1169 Itaque
694 1122 835 1158 fatemur
853 1125 1000 1157 innatam
1014 1121 1198 1157 belluarum
1216 1122 1440 1169 cognitionem
1454 1134 1497 1157 ex
1515 1124 1606 1157 varia
1619 1134 1670 1159 re·-

275 1179 347 1202 rum
361 1168 554 1204 sensibilium
563 1169 772 1218 impressione
789 1171 928 1207 multum
938 1173 1048 1219 augeri
1067 1176 1100 1207 &
1111 1169 1266 1206 roborati.
1280 1173 1368 1206 Nam
1383 1182 1490 1205 retum
1509 1172 1667 1221 imagines

273 1228 331 1265 per
344 1221 521 1253 exteriores
537 1217 641 1254 sensus
653 1231 814 1269 acceptae,
836 1231 937 1266 atque
956 1218 1131 1254 adsensum
1153 1221 1341 1254 interiorem
1354 1218 1491 1267 perlatae
1502 1248 1512 1262 ,
1539 1232 1576 1255 ut
1589 1232 1668 1258 con-

271 1278 356 1314 gruae
371 1278 427 1301 aut
437 1269 542 1302 noxiae
551 1269 631 1302 citra
641 1268 742 1304 ullum
757 1267 963 1304 ratiocinium
975 1266 1018 1302 ab
1035 1270 1073 1302 iis
1095 1269 1325 1316 percipiuntur.
1337 1270 1400 1303 Hae.
1410 1270 1589 1317 appetitum
1605 1271 1666 1306 sta..

272 1317 331 1350 tim
342 1327 574 1358 commovent,
587 1316 641 1351 hic
650 1316 776 1365 spiritus
795 1330 853 1365 per
862 1329 980 1353 nervos
998 1317 1164 1360 demittit,
1187 1319 1245 1363 qui
1259 1319 1306 1350 rei
1321 1316 1527 1361 insecutioni,
1544 1330 1601 1354 aut
1609 1319 1665 1355 fu*-

271 1377 319 1412 gae
333 1362 481 1400 serviant.
498 1364 587 1400 Cum
596 1378 704 1402 rerum
715 1365 908 1402 sensibilium
921 1367 1076 1413 imagines
1090 1367 1252 1400 memoriae
1262 1364 1371 1413 saepius
1380 1365 1559 1415 infiguntur
1571 1397 1581 1411 ‚
1592 1380 1664 1405 tum

270 1414 541 1462 imaginationem
553 1418 778 1464 &appetitum
787 1415 971 1451 identidem
986 1416 1137 1450 excitant.
1158 1417 1274 1462 Itaque
1289 1412 1432 1462 impressi
1450 1416 1471 1451 a
1486 1427 1600 1451 natura
1614 1430 1664 1453 re-

270 1474 340 1498 rum
355 1461 549 1498 senfibilium
561 1476 634 1512 quae
653 1475 802 1515 congruae
818 1465 889 1500 sunt
900 1494 910 1509 ‚
928 1475 982 1499 aut
998 1466 1103 1499 noxiae
1116 1493 1127 1508 ,
1155 1464 1355 1499 characteres
1366 1493 1376 1507 ,
1400 1477 1473 1499 cum
1497 1467 1535 1499 iis
1550 1468 1606 1513 qui
1622 1478 1663 1504 ex

268 1511 478 1562 objedtorum
488 1512 623 1558 incursu,
636 1516 835 1564 experientia
846 1520 880 1552 &
893 1512 1140 1558 consuetudine,
1149 1513 1310 1563 exemplis
1321 1516 1420 1548 etiam
1433 1518 1469 1551 &
1481 1515 1663 1553 eruditione

267 1561 410 1608 quadam
420 1563 570 1610 quotidie
579 1565 804 1610 accedunt,ita
819 1563 1111 1614 complicantur,ut
1120 1564 1275 1612 judicium
1287 1568 1320 1600 &
1336 1565 1544 1599 ratiocinium
1553 1577 1660 1613 quan-

269 1611 602 1658 doquernentiantur-

301 1660 426 1697 Verum
435 1663 541 1697 omnis
553 1661 609 1698 illa
622 1664 762 1700 eruditio
777 1676 849 1712 quae
863 1666 896 1700 in
907 1663 1017 1700 bestiis
1036 1664 1188 1706 cernitur,
1198 1674 1238 1698 ex
1259 1664 1462 1698 connexione
1476 1665 1659 1712 imaginum

266 1722 339 1758 quae
353 1711 437 1746 inter
451 1710 481 1746 se
495 1710 567 1747 sunt
577 1711 840 1762 co’lligatae,'non
857 1726 896 1749 ex
909 1717 1036 1750 ratione
1057 1712 1122 1762 ipsa
1139 1714 1274 1748 ducitur.
1295 1714 1406 1759 Atque
1423 1712 1511 1747 idem
1525 1712 1604 1762 saepe
1621 1717 1658 1750 in

264 1758 359 1795 nobis
372 1761 492 1796 accidit
503 1789 512 1805 ‚
527 1774 608 1797 <cum
623 1760 745 1810 aliquid
758 1776 798 1799 ex
808 1763 1138 1801 consuetudinecitra
1150 1764 1369 1797 attentionem
1378 1764 1503 1809 agimus
1513 1791 1523 1806 ‚
1538 1774 1572 1798 ut
1583 1775 1656 1799 cum

265 1821 376 1857 preces
387 1810 552 1846 consuetas
565 1814 737 1847 recitamus
753 1827 762 1849 ε
783 1825 852 1849 tum
870 1815 958 1848 enim
983 1813 1145 1848 interdum
1162 1810 1228 1846 sola
1255 1823 1360 1846 rerum
1377 1810 1512 1859 ipsarum
1545 1812 1656 1848 conse-

263 1861 412 1904 cutione,
431 1873 497 1895 non
506 1863 633 1897 ratione
645 1863 803 1898 ducimur.
826 1862 946 1899 Nullus
958 1865 1044 1898 enim
1061 1865 1094 1898 in
1106 1862 1154 1897 his
1174 1859 1339 1895 reflexioni
1354 1866 1388 1897 δε
1405 1860 1653 1896 reminiscentiae

264 1908 311 1942 est
327 1908 415 1943 locus
434 1923 441 1944 :
459 1910 760 1960 sedimagina'tione
775 1917 808 1949 &
826 1913 983 1947 memoria
1008 1913 1122 1948 cundia
1143 1908 1366 1959 perficiuntur.
1390 1912 1530 1957 Optime
1542 1921 1652 1945 autem

262 1970 321 1991 nos
337 1958 718 2009 admonet‘Philosophus
726 1963 762 1996 in
776 1960 843 2010 ipso
856 1961 968 1997 limine
986 1961 1042 1998 lib.
1059 1975 1081 1999 1.
1096 1962 1137 1996 de
1156 1960 1306 1996 Historia
1322 1958 1512 1996 animalium
1524 1987 1535 2002 ,
1559 1958 1649 2006 quod

262 2007 365 2041 multa
378 2009 531 2044 animalia
542 2013 709 2046 memoriae
725 2015 759 2048 &
770 2010 942 2061 disciplinae
964 2010 1025 2047 fint
1040 2012 1170 2060 capacia
1184 2038 1194 2053 ,
1216 2007 1464 2044 reministentiae
1480 2006 1559 2042 vero
1578 2008 1652 2044 nul—

260 2056 329 2091 lum
347 2069 462 2104 praeter
476 2059 664 2096 hominem:
678 2061 723 2095 est
738 2063 827 2096 enim
844 2061 1081 2097 reminiscentia
1092 2073 1168 2096 cum
1175 2060 1298 2107 judicio
1317 2064 1352 2095 &
1369 2059 1497 2093 ratione
1509 2062 1647 2107 conjun-

260 2106 312 2140 ἂει
326 2120 334 2141 :
346 2108 435 2154 quod
444 2107 524 2142 olim
543 2109 711 2144 didicimus
724 2139 734 2153 ‚
756 2113 947 2158 inquirimus
963 2139 973 2154 ,
991 2123 1065 2146 cum
1080 2122 1121 2144 eo
1136 2109 1226 2156 quod
1244 2109 1382 2143 occurrit
1400 2119 1622 2155 comparamus
1637 2108 1662 2144 :⁸

259 2168 330 2202 quae
341 2157 374 2191 in
384 2156 502 2192 abdito
516 2157 607 2194 velut
619 2158 812 2195 delitescunt
823 2189 833 2204 ,
850 2162 885 2195 in
893 2160 997 2195 lucem
1008 2159 1204 2209 proferimus
1219 2187 1229 2201 ‚
1251 2170 1323 2206 quae
1335 2156 1404 2191 sunt
1419 2168 1457 2190 ex
1472 2155 1526 2190 usu
1539 2157 1647 2192 nostro

259 2204 417 2254 seligimus
431 2224 439 2249 ;
454 2206 699 2255 phantasmata,
713 2208 881 2245 scutetum
892 2212 1049 2259 imagines
1062 2212 1095 2244 in
1109 2208 1257 2244 ordinem
1273 2206 1464 2254 digerimus:
1481 2205 1560 2240 nihil
1584 2205 1646 2240 ho-

260 2266 329 2290 rum
341 2258 375 2290 in
395 2254 507 2291 bestiis
525 2257 698 2306 perficitur.
731 2261 897 2295 Memoria
914 2262 1029 2308 utique
1044 2259 1186 2308 praeditae
1199 2257 1289 2298 sunt,
1313 2267 1382 2302 quae
1405 2254 1485 2289 serie
1502 2255 1643 2302 quadam

259 2303 514 2350 phantasmatum
531 2310 720 2343 continetur
734 2338 745 2352 ‚
764 2308 816 2344 sed
829 2312 943 2343 animae
956 2311 1093 2358 imperio
1110 2321 1174 2343 non
1185 2304 1326 2341 subditur
1339 2318 1346 2339 :
1358 2304 1442 2338 unde
1460 2306 1570 2339 omnia
1583 2306 1643 2340 im.

258 2364 335 2399 petu
343 2366 449 2401 agunt.
464 2356 566 2403 Qod
578 2355 707 2406 fiigitur
719 2370 772 2393 aut
786 2357 1022 2407 propositiones
1041 2387 1051 2402 ,
1071 2354 1329 2404 autimperfetsta
1346 2354 1515 2388 ratiocinia
1533 2351 1642 2388 effice-

258 2413 294 2436 re
301 2403 469 2440 videantur
478 2435 488 2450 ‚
513 2406 544 2441 id
557 2404 598 2442 eo
611 2407 730 2443 accidit
743 2436 753 2451 ,
773 2407 862 2456 quod
872 2420 960 2444 certa
973 2405 1233 2457 phantasmatum
1244 2402 1324 2441 serie
1342 2403 1508 2439 ducantur.
1529 2402 1640 2446 Quane
