1857 2745
576 111 937 149 TRACTATUS
978 112 1244 148 TERTIUS.
1492 118 1546 155 617

192 161 335 207 ‘Inflann
353 161 402 198 Est
413 163 447 197 in
460 159 554 196 nobis
578 163 737 196 memoria
753 173 859 196 rerum
878 160 1147 197 intellectualium
1161 190 1172 205 ,
1187 162 1254 196 imo
1273 164 1307 197 &
1322 158 1544 203 afstffionm,

152 216 199 248 ’δε
230 213 468 260 cogitationum
500 210 701 252 nostrarum,
722 222 792 257 quae
811 222 869 258 per
921 209 1121 245 hantasmata
1153 211 1289 258 exprimi
1313 221 1380 244 non
1405 207 1543 256 polsunt.

162 262 252 297 Nam
266 261 471 295 meminimus
483 271 543 293 nos
559 257 708 308 cogitall'e
720 287 730 302 ,
744 271 798 294 aut
811 224 927 294 amasse
938 287 948 301 ‚
964 270 1020 293 aut
1031 257 1182 294 doluiffe:
1200 270 1278 306 ergo
1296 269 1429 292 manent
1447 259 1480 292 in
1493 260 1542 305 ip-

150 308 195 344 so
214 308 384 345 intellectu
411 308 526 356 species
545 306 713 356 impressae,
730 319 809 355 quas
831 307 1015 343 intellectus
1035 318 1135 356 agens
1156 318 1195 341 ex
1218 306 1287 355 ipsis
1313 305 1541 355 phantasmatis

162 357 313 405 exculpit.

190 407 371 454 Responsum
383 409 449 453 jam
469 403 548 439 alibi
571 401 634 438 fuit
647 415 719 440 cum
733 407 754 440 S
767 406 815 441 Au
840 433 848 441 .
870 416 920 439 res
940 403 1172 439 intelleetuales
1184 431 1195 447 ,
1215 415 1252 439 ut
1265 405 1405 438 rationes
1425 413 1540 438 nume-

163 466 272 489 rorum
284 456 402 489 animis
419 455 535 489 nostris
546 451 667 500 semper
677 452 738 489 effe
752 418 920 501 praesentes
934 467 942 488 :
967 452 1020 488 sed
1037 465 1089 487 eas
1100 465 1166 488 non
1183 450 1245 487 esse
1265 454 1297 487 in
1315 453 1472 487 memoria
1488 454 1540 487 ni-

162 501 359 551 sipostquam
370 515 422 537 eas
439 503 617 537 didicimus,
639 503 711 538 Nos
729 505 840 550 itaque
850 515 958 538 earum
967 514 1075 537 rerum
1093 503 1314 544 meminimus,
1333 512 1407 535 cum
1418 499 1541 535 nostra-

163 563 234 586 rum
245 553 479 600 cogitationum
489 580 499 595 ‚
520 562 590 597 quae
606 549 731 600 semper
749 551 820 587 sunt
837 564 910 586 cum
918 551 1030 598 aliqua
1040 549 1164 585 cerebri
1175 548 1397 598 impreffione‚
1412 559 1466 583 aut
1476 546 1541 596 spi-

165 602 284 634 rituum
295 611 386 635 motu
396 599 593 648 conjunCtae,
613 604 648 636 δε
663 600 775 643 modi,
802 613 870 647 quo
888 611 935 634 res
961 599 1040 648 ipsas
1059 599 1297 642 intelleximus,
1324 597 1539 633 recordamur.

161 650 297 697 Semper
307 651 394 684 enim
409 661 457 683 res
469 647 704 684 intellectuales
715 662 786 684 cum
799 648 891 697 signis
907 677 917 692 ‚
933 648 1051 695 quibus
1063 647 1216 684 involutae
1233 649 1377 682 animum
1388 644 1520 680 *subiere
1530 675 1540 690 ‚

162 696 226 732 [ese
240 695 474 734 offerunt.rNec
484 697 570 733 forte
588 708 694 732 rerum
716 697 903 745 spiritalium
921 695 1040 745 species
1055 699 1088 732 in
1102 698 1261 732 memoria
1272 694 1342 730 sunt
1353 694 1538 730 reconditae:

161 758 232 793 quae
248 748 335 781 enim
352 747 455 794 potest
467 746 527 781 effe
541 756 597 780 aut
612 748 757 781 veritatis
767 775 776 790 ,
792 757 848 781 aut
862 745 1042 781 dilectionis
1057 773 1067 787 ,
1091 757 1148 781 aut
1158 745 1187 781 sa
1212 746 1319 779 ientiae
1334 746 1398 778 ima
1422 753 1468 780 o?
1486 742 1540 778 sed

161 795 329 842 vestigium
342 795 508 842 quoddam
520 805 651 837 manet,
666 795 755 842 quod
769 797 929 843 praeterita
944 797 1103 843 cogitatio
1115 758 1252 829 cerebro
1266 796 1368 841 impre
1408 804 1420 826 t
1439 806 1447 827 :
1471 804 1539 840 quo

162 843 295 890 quidem
308 844 441 891 vestigio
450 844 492 878 ad
505 855 575 877 rem
587 842 685 891 ipsam
694 845 768 880 ante
785 855 973 892 perceptam
990 844 1136 878 ducimur
1150 842 1195 878 ob
1208 855 1278 878 eam
1297 843 1539 877 connexionem

161 904 261 939 quam
275 890 354 939 saepe
366 891 542 928 attulimus.
566 894 679 939 Itaque
696 905 763 928 non
772 895 927 940 imagines
939 921 949 936 ,
964 891 1017 927 sed
1029 904 1079 926 res
1099 891 1167 940 ipsae
1179 889 1413 927 intellectuales
1429 891 1539 924 animo

161 940 233 975 sunt
246 940 425 988 praesentes.
434 941 533 977 Unde
548 952 619 975 cum
635 942 714 988 Aug.
730 941 753 976 l.
775 955 822 977 10.
842 941 948 976 Conf.
961 939 1112 989 quaesill'et
1127 943 1161 976 in
1182 952 1247 988 qua
1264 951 1355 988 parte
1374 940 1538 974 memoriae

161 989 272 1024 nostrae
285 993 372 1024 Deus
389 1001 520 1025 maneat
531 1018 541 1032 ‚
569 987 710 1037 primum
719 1002 818 1038 negat
835 1001 910 1025 eum
929 992 1066 1026 inveniri
1078 992 1162 1025 inter
1173 991 1330 1037 imagines
1344 999 1451 1022 rerum
1468 999 1540 1021 cor-

161 1037 319 1085 poralium
343 1037 562 1085 quas-habent
581 1043 614 1074 &
635 1036 752 1075 bestiae.
773 1039 903 1073 Deinde
927 1051 969 1074 ne
988 1041 1020 1073 in
1038 1038 1093 1072 illa
1110 1038 1244 1085 quidem
1262 1048 1355 1086 parte
1371 1037 1537 1070 memoriae

162 1087 273 1122 Deum
285 1089 427 1130 invenit,
444 1089 495 1122 cui
507 1087 774 1123 commendantur
787 1086 977 1122 affeffiones
988 1089 1085 1122 animi
1095 1087 1208 1129 nostri,
1225 1085 1314 1133 quod
1332 1097 1377 1119 eae
1392 1083 1450 1119 sint
1468 1097 1540 1119 mu-

162 1133 298 1169 tabiles:
314 1134 366 1169 sed
380 1137 414 1170 in
425 1147 465 1169 ea
481 1147 572 1183 parte
582 1137 682 1170 animi
695 1139 760 1172 Dei
777 1135 916 1184 speciem
929 1134 989 1171 esse
999 1135 1164 1177 decernit,
1175 1134 1232 1169 ubi
1249 1133 1320 1169 sunt
1328 1145 1539 1168 numerorum

159 1181 461 1231 dimensionumque
482 1186 621 1218 rationes
631 1183 886 1221 innumerabiles
902 1211 912 1227 ,
929 1196 1085 1230 quarum,
1106 1185 1230 1230 inquit,
1256 1183 1380 1216 nullam
1401 1184 1539 1229 corporis

151 1233 259 1277 finfhs
271 1231 420 1280 impreffit
431 1247 441 1265 .·
459 1235 536 1279 quia
547 1245 600 1266 nec
616 1233 681 1280 ipsc
701 1233 922 1278 colorataefimt
934 1259 943 1270 ‚
965 1242 1023 1266 aut
1030 1233 1147 1278 sbnant
1160 1243 1218 1265 aut
1228 1231 1313 1265 olent
1326 1257 1335 1268 ,
1361 1239 1418 1263 aut
1429 1228 1539 1277 gusta-

160 1289 196 1313 tae
209 1307 220 1322 ,
238 1291 295 1313 aut
308 1281 494 1315 contreHatae
513 1282 602 1328 fimt.
626 1281 735 1329 Atque
747 1281 804 1317 ubi
826 1292 937 1315 earum
949 1292 1055 1314 rerum
1070 1282 1238 1322 meminit,
1267 1290 1320 1313 eas
1338 1280 1463 1313 invenit
1480 1276 1537 1311 ubi

159 1327 305 1376 primum
321 1331 491 1363 invenerat
502 1357 511 1371 ,
530 1332 562 1362 in
576 1329 630 1363 illa
643 1328 763 1366 scilicet
775 1332 964 1376 incorporea
980 1330 1133 1371 veritate,
1155 1328 1239 1362 unde
1253 1326 1354 1361 rursus
1372 1324 1458 1373 quafi
1469 1324 1539 1360 des-

161 1378 270 1424 criptae
284 1379 450 1411 memoria:
470 1376 653 1425 infiguntur.

197 1426 255 1460 Ista
271 1424 405 1471 quidem
417 1438 458 1460 ex
471 1426 551 1474 Aug.
567 1423 677 1473 paffim
694 1423 874 1467 attulimus,
889 1425 939 1459 cui
958 1424 1061 1460 visum
1080 1423 1125 1458 est
1144 1423 1331 1471 &dignitate
1355 1433 1473 1457 naturae
1491 1425 1541 1458 in-

157 1472 353 1510 ‚tellestualis
368 1471 447 1516 else,
472 1486 508 1508 ut
521 1486 625 1508 rerum
648 1475 874 1520 cognitione-m.
886 1486 952 1508 non
969 1473 989 1508 ὲ.
1003 1471 1095 1507 rebus
1112 1470 1180 1520 ipsis
1208 1483 1387 1514 mutuetur,
1405 1477 1438 1508 δι
1453 1471 1540 1518 quasi

161 1522 344 1557 emendicet
357 1550 367 1565 ‚
383 1521 436 1557 sed
453 1522 494 1556 ab
510 1521 576 1570 ipso
591 1522 683 1557 fonte
696 1522 818 1556 hauriat
829 1551 838 1565 ,
853 1527 887 1558 &
898 1521 939 1556 ab
964 1533 1001 1554 ea
1018 1532 1085 1554 arte
1120 1533 1184 1568 qua
1204 1519 1297 1555 faetae
1314 1518 1383 1554 sunt
1400 1548 1409 1562 ‚
1433 1520 1540 1556 discat.

154 1573 239 1608 Eam
253 1570 313 1605 esse
323 1571 522 1607 constantem
536 1570 775 1606 Platonicorum
785 1571 968 1606 doetrinam
981 1569 1111 1604 subinde
1123 1571 1316 1604 monuimus.
1327 1568 1361 1602 Id
1372 1570 1457 1603 enim
1470 1568 1539 1615 ipfis

162 1618 264 1654 visum
282 1620 325 1653 est
339 1621 481 1655 animam
495 1620 667 1655 humanam
679 1618 739 1654 effe
756 1618 844 1654 velut
858 1622 892 1654 in
903 1618 1047 1655 confinio
1066 1616 1341 1665 intelligibilium,
1359 1621 1393 1653 δε
1411 1616 1539 1651 sensibi-

164 1668 244 1703 lium
280 1667 420 1714 utrisque
452 1681 642 1705 connexam.
664 1667 801 1704 Necesse
815 1668 898 1703 adeo
916 1668 962 1702 est
979 1679 1014 1702 ut
1033 1666 1087 1701 illa
1101 1665 1356 1714 contempletur,
1381 1669 1415 1700 ὅ(
1431 1677 1468 1699 ex
1485 1678 1542 1700 eo-

164 1729 235 1751 rum
246 1717 401 1752 nutuhaec
410 1718 604 1754 moderetur.
628 1716 870 1754 Acficredimus
882 1717 1030 1757 Platoni,
1053 1727 1143 1749 mens
1163 1728 1228 1750 non
1247 1714 1354 1762 potest
1376 1713 1507 1760 pulchra
1521 1713 1542 1750 ὲ

163 1778 230 1801 non
254 1765 390 1813 pulchris
422 1763 608 1809 secernere,
641 1764 696 1801 nisi
721 1765 863 1814 regulam
889 1764 1134 1814 pulchritudinis
1158 1793 1168 1807 ,
1193 1774 1248 1798 aut
1272 1761 1462 1810 aequalitatis
1492 1764 1540 1798 in.

171 1825 305 1848 tueatur.

211 1863 248 1896 id
267 1862 344 1898 vero
369 1863 478 1912 passim
494 1863 636 1912 probant
659 1866 713 1900 SS.
742 1865 853 1898 Patres
871 1891 882 1906 ,
907 1874 942 1898 ut
965 1876 1027 1912 prae
1043 1863 1163 1898 caeteris
1181 1871 1326 1896 accurate
1344 1860 1484 1908 explicat
1505 1861 1541 1897 P.

162 1910 400 1955 Thornaffinus,
412 1925 450 1947 ex
469 1912 521 1948 ins
537 1915 666 1948 cerione
684 1915 833 1948 veritaris
851 1911 1124 1949 incommutabilis
1149 1921 1358 1945 numerorum
1375 1914 1409 1945 &
1427 1908 1448 1944 fi
1472 1921 1544 1943 ura-

166 1966 282 2004 tum‚&
293 1973 336 1996 ex
350 1961 431 1996 illius
443 1926 861 2008 consultationeQidquid
874 1963 959 1995 enim
976 1960 1121 1995 audimus
1132 1957 1173 1993 ab
1186 1958 1331 2001 homine,
1339 1922 1470 1994 etiami}
1474 1969 1546 1992 ‚ma-

156 2008 250 2055 .gistri
261 2009 490 2045 authoritatem
501 2009 621 2045 habear
637 2039 646 2053 ‚
663 2023 705 2046 an
720 2010 752 2044 id
766 2022 877 2044 verum
889 2007 925 2044 fit
936 2038 945 2052 ,
965 2012 1046 2045 intus
1056 2006 1284 2050 consultamus,
1307 2012 1341 2044 &
1351 2006 1414 2041 luci
1423 2008 1543 2041 verita-

168 2058 208 2090 tis
220 2057 531 2103 inrimelaffentimur.
550 2060 649 2095 Unde
661 2058 826 2107 &regulas
834 2056 1137 2106 juffitiae,sapientiae
1153 2056 1220 2091 &a
1233 2054 1475 2102 quodammodo
1489 2057 1542 2090 in-

169 2103 324 2152 spicimus;
336 2107 459 2142 Oculus
474 2108 605 2155 quidem
619 2110 803 2156 mentisper
820 2119 988 2154 peccatum
1003 2104 1159 2140 sauciatus
1173 2104 1215 2139 est
1228 2132 1238 2146 ‚
1257 2117 1322 2139 non
1342 2101 1478 2138 effoffus.
1498 2105 1542 2138 Ex

154 2160 160 2176 r
169 2153 240 2187 luce
260 2153 420 2202 superstite
432 2163 465 2194 ὃς
477 2155 559 2204 quafi
570 2156 753 2204 crepusculo
770 2156 841 2204 post
858 2156 973 2191 Adami
987 2165 1154 2202 peccatum
1166 2181 1176 2194 ,
1196 2151 1431 2186 coruscationes
1452 2163 1542 2198 quae-

168 2202 244 2235 dam
258 2215 492 2240 momentaneae
506 2204 599 2240 nobis
613 2204 769 2251 affiilgenr
781 2218 789 2239 ε
802 2216 876 2238 nam
889 2203 995 2238 oculus
1012 2204 1128 2236 mentis
1152 2199 1340 2235 sensibilium
1357 2199 1479 2235 umbris
1494 2202 1541 2235 in-

170 2252 305 2285 nutritus
323 2250 399 2285 lucis
413 2255 611 2301 impatientia
624 2252 763 2295 laborat;
778 2254 809 2286 in
825 2250 973 2286 tenebras
993 2250 1156 2284 consuetas
1171 2248 1332 2284 relabitur.

208 2298 428 2347 intelligibilia
437 2302 515 2336 vero
533 2315 588 2350 pei·
604 2301 696 2350 seipsa
714 2300 929 2348 intelligi,non
947 2311 1004 2347 per
1022 2301 1154 2332 vicarias
1169 2296 1212 2331 sui
1234 2296 1351 2345 species
1366 2297 1545 2332 constanter

170 2348 267 2384 docet
285 2350 364 2397 Aug.
381 2350 467 2384 Nam
481 2349 598 2397 ubique
609 2350 677 2386 sunt
689 2380 698 2394 ‚
713 2352 857 2388 &menti
868 2350 991 2385 intima.
1003 2384 1006 2386 ,
1016 2347 1116 2385 Unde
1129 2346 1394 2394 supervacaneum
1405 2344 1485 2385 ,eiset
1499 2347 1545 2379 rei

1149 2394 1288 2430 Hhhh
1315 2397 1355 2443 ἰὴ
