1857 2745
350 132 407 179 556
778 131 1283 169 METAPHYSICAE.

350 192 424 228 get,
435 180 475 214 ab
489 180 622 228 objecto
643 180 765 228 pendet
779 180 1002 216 essentialiter.
1022 182 1085 216 Sed
1098 193 1256 217 creaturas
1269 181 1410 230 pendete
1424 180 1444 220 ὲ
1462 186 1538 221 Deo
1547 184 1668 222 lumine
1683 199 1743 223 na-

337 272 340 274 v
352 229 442 264 rurali
459 231 581 264 constat
595 242 687 265 :cum
705 227 764 264 fint
776 232 863 264 entia
873 242 933 279 per
945 232 1225 279 participationem
1236 260 1247 275 ‚
1257 243 1328 279 qux
1339 243 1374 266 ut
1386 235 1544 282 incipiunt
1552 233 1617 269 esse
1628 264 1638 279 ‚
1647 238 1691 270 ita
1704 241 1740 273 &t

348 277 481 326 possunt
508 277 670 315 definere:
693 290 754 314 nec
772 283 875 328 major
894 282 1023 329 concipi
1051 281 1156 328 potest
1186 280 1405 329 dependentia
1430 294 1530 330 quam
1550 295 1700 319 creaturae
1718 284 1740 321 ὲ.

347 327 403 361 suo
426 339 578 363 creatore.
594 328 882 378 Ergojugiinfluxu
889 341 1046 365 creaturas
1059 329 1102 365 ab
1123 342 1165 365 eo
1176 329 1356 366 conservari
1370 331 1507 367 naturali
1521 331 1643 368 lumine
1661 346 1742 370 con.

346 388 495 413 vincitur.

390 426 540 472 Confirm.
556 426 754 473 Qiodnunc
776 427 925 472 existam,
939 429 1140 464 nonidcirco
1147 434 1194 478 jus
1209 429 1318 465 habeo
1330 459 1338 473 ‚
1350 442 1406 466 aut
1424 433 1492 466 vim
1513 460 1523 476 ,
1541 444 1606 480 qua
1627 431 1740 481 possim

345 475 418 524 post
434 475 549 511 horam
567 477 718 521 existere,
735 476 960 513 nisiaCtualem
972 479 1172 514 existentiam
1181 479 1224 514 ab
1234 491 1275 514 eo
1288 479 1374 526 ipso,
1389 482 1479 528 quod
1500 482 1544 515 est
1563 493 1620 529 per
1636 481 1742 517 essen-

347 529 427 561 tiam
440 554 450 570 ‚
459 528 627 574 accipiam.
648 529 770 576 Neque
784 528 872 562 enim
883 528 1060 564 existentia
1071 541 1138 577 qua
1154 541 1239 565 nunc
1252 529 1340 564 fruor
1352 559 1361 573 ‚
1377 532 1483 565 minus
1496 531 1537 566 est
1553 531 1741 579 dependens

346 573 476 623 &quasi
490 578 631 623 precaria
643 606 654 620 ‚
668 589 767 625 quam
779 589 818 612 ea
831 589 902 624 quae
913 576 977 613 fuit
986 579 1020 613 in
1036 577 1189 626 quolibet
1199 579 1331 613 instanti
1341 582 1507 627 praeterito
1517 609 1527 623 ‚
1536 592 1590 615 aut
1603 593 1670 628 quae
1685 579 1741 616 vel

343 626 452 672 primo
465 625 591 660 instanti
600 629 774 663 creationis
783 626 864 662 mihi
875 626 938 662 fuit
951 627 1121 672 concessa3
1138 640 1245 675 neque
1259 628 1315 663 illa
1329 630 1434 677 potest
1446 627 1590 664 sufficere
1609 640 1646 664 ut
1657 642 1743 665 nunc

346 678 381 709 &
395 674 547 723 deinceps
559 675 693 710 existam
704 704 715 719 ,
725 676 780 712 nifi
791 676 907 711 eadem
927 676 1019 712 causa
1036 677 1120 713 hanc
1134 676 1354 713 indefinenter
1370 678 1452 713 mihi
1468 678 1617 728 largiatur
1632 693 1640 715 :
1655 679 1739 714 adeo

346 733 383 757 ut
405 735 470 759 non
486 723 589 759 solum
599 737 758 772 quantum
769 726 810 760 ad
822 723 904 769 fieri,
917 726 972 761 sed
983 729 1082 762 etiam
1100 739 1259 775 quantum
1270 728 1310 761 ad
1321 726 1387 762 esse
1401 727 1421 763 a
1433 727 1538 777 prima
1551 727 1640 763 causa
1658 727 1741 763 effe-

346 774 444 808 &rice
462 773 665 822 dependeam
689 776 774 824 Qae
785 775 922 823 quidem
932 775 1023 811 causa
1034 778 1202 825 postquam
1211 777 1305 811 dedit
1316 776 1378 811 effe
1387 806 1396 821 ‚
1417 777 1525 812 feriari
1542 791 1610 813 non
1623 777 1740 825 potest,

345 821 397 857 sed
410 824 479 871 jugi
495 823 614 860 influxu
624 824 757 873 largitur
780 824 867 874 quod
893 827 1033 873 primum
1053 827 1144 860 dedit
1158 837 1213 869 ‚ut
1232 825 1381 861 Christus
1400 828 1562 863 Dominus
1584 827 1739 872 testatur;

348 872 448 906 Parer
462 886 546 908 mens
557 902 568 913 ,
579 875 709 923 inquit,
721 876 916 923 usquemodo
925 885 1076 925 operatur
1086 905 1096 920 ,
1118 875 1156 910 ὠ·
1176 888 1229 925 ego
1245 886 1362 924 operor·

854 972 1037 1008 Solvuntur
1063 971 1256 1018 objestiones.

380 1069 466 1116 Opp.
483 1085 504 1105 1.
517 1072 610 1119 Opus
624 1072 822 1108 artefachim
839 1072 902 1108 sine
912 1071 1038 1107 artifice
1056 1083 1248 1121 permanet:
1268 1075 1351 1122 Ergo
1363 1078 1396 1110 &
1408 1086 1486 1122 opus
1505 1073 1647 1109 naturale
1659 1075 1740 1109 stare

345 1119 448 1164 potest
460 1122 540 1153 citra
554 1120 765 1161 influxumsui
777 1123 931 1157 authoris.
951 1122 1054 1170 Qod
1070 1121 1090 1156 fi
1104 1123 1193 1156 enim
1205 1122 1237 1155 id
1249 1122 1301 1158 suo
1313 1125 1403 1171 operi
1414 1122 1564 1158 conferre
1574 1125 1679 1172 potest
1690 1136 1738 1159 ar-

345 1166 446 1209 tifex,
464 1180 498 1202 ut
511 1180 699 1215 permaneat
711 1200 721 1213 ‚
741 1171 845 1206 multo
861 1172 893 1206 id
911 1174 1014 1220 magis
1029 1170 1167 1205 summus
1182 1183 1290 1207 rerum
1313 1172 1428 1221 opifex
1448 1174 1551 1220 potest
1578 1170 1710 1208 efficere
1725 1202 1738 1218 ‚

343 1227 468 1262 quanto
479 1217 564 1251 illius
583 1230 681 1266 opera
696 1219 767 1254 sunt
783 1222 886 1269 magis
901 1220 1048 1254 absoluta
1062 1226 1095 1256 δι
1106 1219 1197 1253 firma
1210 1248 1220 1263 ‚
1237 1233 1336 1268 quarn
1349 1234 1419 1270 quae
1431 1221 1472 1256 ab
1492 1221 1617 1258 artifice
1634 1222 1739 1271 profi-

344 1263 510 1302 ciscuntur.
742 1270 745 1273 ’

393 1314 483 1363 Resp.
501 1329 570 1365 neg.
580 1319 660 1363 conſs
669 1319 777 1364 Atque
790 1319 823 1352 in
836 1319 899 1354 hoc
910 1318 1008 1367 longe
1021 1316 1123 1365 dispar
1139 1315 1183 1350 est
1196 1318 1276 1352 ratio
1289 1346 1298 1360 ,
1313 1319 1400 1366 quod
1413 1321 1520 1367 operis
1540 1320 1715 1356 artificialis
1727 1330 1742 1365 ,'

343 1373 379 1396 ut
392 1362 505 1399 domus
527 1377 631 1413 partes
659 1371 726 1414 jam
756 1365 899 1402 habeant
917 1367 976 1401 esse
993 1365 1197 1412 (impliciter,
1213 1377 1391 1413 antequam
1407 1371 1440 1402 in
1458 1368 1599 1404 formam
1620 1370 1734 1404 domus

342 1415 602 1462 compingantur.
621 1415 722 1451 Unde
737 1427 804 1450 non
821 1417 935 1451 mirum
954 1416 998 1449 est
1010 1444 1019 1458 ‚
1036 1412 1056 1448 si
1072 1412 1129 1448 ubi
1147 1415 1181 1448 in
1197 1414 1282 1450 hanc
1301 1415 1442 1450 formam
1459 1416 1626 1460 coaluere,
1643 1421 1675 1453 in
1695 1431 1737 1454 eo
1765 1461 1771 1465 .

342 1460 423 1496 statu
434 1465 513 1496 citra
522 1463 682 1499 artificem
693 1476 918 1512 permaneant.
936 1465 1000 1500 Sed
1020 1475 1069 1498 res
1092 1475 1205 1498 omnes
1224 1462 1246 1497 ὸ.
1271 1467 1346 1499 Deo
1369 1463 1430 1499 else
1441 1465 1629 1513 [impliciter
1642 1495 1651 1509 ‚
1669 1480 1738 1503 non

343 1509 407 1544 tale
430 1511 492 1547 effe
515 1525 732 1562 acceperunt,
751 1518 785 1550 &
800 1513 843 1548 ab
868 1527 908 1549 eo
922 1513 1127 1549 effentialiter
1144 1513 1311 1562 pendent:
1336 1514 1424 1549 unde
1436 1518 1503 1563 jugi
1530 1517 1596 1551 Dei
1618 1516 1739 1551 influxu

342 1571 440 1608 egent
456 1575 463 1596 :
482 1563 569 1609 quod
583 1576 651 1599 non
666 1563 768 1598 modo
797 1576 958 1611 quantum
977 1564 1017 1598 ad
1037 1562 1105 1597 fieri
1117 1591 1126 1605 ‚
1148 1573 1185 1596 ut
1207 1562 1322 1598 domus
1340 1563 1382 1597 ab
1399 1563 1543 1608 artifice,
1562 1563 1616 1600 sed
1638 1568 1737 1602 etiarn

341 1621 497 1656 quantum
507 1612 548 1646 ad
564 1611 625 1648 effe
639 1642 648 1656 ‚
663 1612 683 1648 ξι
699 1612 752 1648 suo
761 1613 933 1649 conditore
952 1613 1125 1663 pendeant.

398 1660 522 1695 Contra
545 1662 699 1708 inquiunt
714 1690 722 1701 ‚
745 1663 863 1698 Multae
886 1663 958 1699 sunt
971 1675 1019 1697 res
1034 1675 1101 1710 quae
1129 1661 1150 1697 ὲ
1170 1661 1267 1697 caufis
1282 1660 1422 1697 secundis
1442 1673 1601 1710 quantum
1621 1663 1661 1698 ad
1676 1661 1737 1698 effe

342 1709 498 1757 pendent,
513 1721 548 1745 ut
563 1723 681 1756 motuS,
696 1724 730 1747 ut
743 1712 871 1756 lumen,
884 1711 1004 1761 species
1017 1724 1087 1760 quae
1104 1711 1169 1745 dici
1188 1710 1291 1747 solent
1311 1711 1542 1746 intentionales
1557 1742 1567 1756 ,
1581 1712 1670 1747 astus
1684 1714 1738 1748 vi..

342 1758 421 1793 tales
433 1789 442 1802 ‚
456 1764 489 1795 ὃ(
505 1759 574 1795 aliae
585 1759 605 1795 fi
617 1775 686 1809 quae
703 1761 764 1796 sint
779 1761 961 1811 hujusmodi
975 1777 983 1798 :
998 1765 1081 1809 Ergo
1092 1773 1137 1794 eae
1149 1759 1261 1796 saltem
1278 1774 1346 1797 non
1365 1761 1384 1797 ἓι
1403 1764 1478 1797 Deo
1490 1791 1499 1804 ‚
1523 1760 1575 1797 sed
1598 1762 1619 1798 ὲ.
1637 1761 1735 1797 caufis

342 1807 483 1844 secundis
497 1809 738 1848 conservantur.

378 1859 464 1907 Κεφ.
479 1871 526 1893 res
537 1859 625 1907 hujus
637 1863 763 1909 generis
774 1890 784 1904 ,
805 1859 894 1897 fifint
908 1872 956 1894 res
974 1862 1105 1909 proprie
1125 1860 1219 1896 dictae
1232 1889 1241 1903 ‚
1262 1872 1328 1894 non
1344 1860 1437 1894 modi
1452 1859 1582 1907 quidam
1594 1888 1604 1902 ‚
1621 1870 1675 1894 aut
1691 1859 1734 1893 ad

342 1906 498 1942 fimirnum
509 1909 690 1945 accidentia
704 1939 714 1954 ‚
733 1909 772 1944 sic
788 1910 807 1946 ὲ
821 1910 914 1944 causis
937 1908 1080 1944 secundis
1095 1909 1275 1945 conservari
1291 1938 1301 1951 ‚
1320 1921 1356 1943 ut
1372 1909 1392 1944 ὲ.
1409 1911 1512 1957 prima
1533 1920 1666 1955 quoque
1685 1906 1734 1942 es-

342 1957 514 1992 sentialiter
528 1959 704 2006 pendeant.
723 1960 824 2010 Qod
838 1963 926 1994 enim
946 1958 991 1993 sol
1012 1959 1179 1994 illuminet
1195 1988 1203 2002 ,
1222 1959 1311 2005 quod
1330 1970 1446 2006 corpus
1460 1957 1544 1993 aliud
1568 1956 1642 1991 loco
1660 1970 1733 1992 mo-

342 2019 417 2041 veat
429 2036 437 2048 ,
464 2009 552 2055 quod
571 2010 717 2044 viventia
734 2012 821 2045 adl-us
840 2008 959 2046 vitales
983 2021 1119 2043 exerant
1131 2037 1140 2051 ,
1166 2008 1229 2044 hoc,
1241 2006 1365 2042 habent
1381 2007 1401 2043 ὲ
1418 2010 1492 2043 Deo
1504 2035 1513 2048 ‚
1529 2007 1585 2053 qui
1600 2018 1675 2041 cum
1693 2008 1734 2041 iis

340 2055 435 2090 caufis
454 2069 509 2090 aut
522 2060 683 2092 concurrit
698 2087 708 2101 ‚
724 2072 779 2094 aut
793 2071 846 2093 eas
864 2069 1052 2106 praeniovet.
1080 2059 1126 2092 Ac
1144 2056 1253 2092 nescio
1262 2069 1303 2092 an
1318 2056 1383 2091 ulla
1398 2069 1446 2091 res
1460 2056 1528 2090 dari
1546 2052 1644 2102 poffit
1657 2067 1732 2103 quae

340 2105 360 2140 a
376 2104 466 2140 causa
484 2104 619 2141 secunda
637 2107 854 2143 conservetur.
869 2110 948 2143 Non
963 2109 1052 2141 enim
1067 2107 1153 2141 idern
1166 2105 1252 2140 calor
1265 2135 1274 2149 ,
1285 2118 1341 2140 aut
1354 2106 1466 2139 eadem
1480 2103 1531 2139 lux
1550 2104 1570 2139 ἐι
1581 2103 1647 2139 sole
1658 2117 1733 2153 pro<

342 2153 490 2190 ficiscitur
501 2184 510 2198 ,
526 2169 591 2191 non
607 2159 708 2206 magis
719 2160 831 2206 utique
842 2170 940 2204 quam
953 2156 1066 2190 eadem
1077 2168 1163 2202 aqua
1173 2168 1211 2189 ex
1225 2154 1319 2189 fonte
1339 2155 1492 2189 dimanat.

375 2205 460 2252 Oop.
479 2219 506 2241 2.
527 2209 607 2241 Sunt
626 2207 772 2254 quaedam
794 2219 842 2241 res
861 2217 970 2241 natura
990 2204 1041 2240 sua
1055 2203 1318 2252 incorruptibiles
1332 2215 1383 2246 ,ut
1397 2202 1537 2251 Angelus
1554 2232 1561 2246 ‚
1577 2208 1609 2239 δε
1621 2205 1730 2238 anima

340 2254 502 2288 rationalis
517 2270 524 2291 :
538 2258 621 2305 Ergo
631 2269 667 2290 ea
682 2270 748 2291 non
760 2267 858 2306 egent
872 2257 941 2303 jugi
957 2257 1022 2290 Dei·
1038 2254 1157 2289 influxu
1170 2265 1207 2288 ut
1219 2264 1438 2301 permaneant.

378 2303 464 2346 Res‘p„
480 2305 550 2342 diff.
561 2316 630 2341 ant.
655 2308 736 2341 Sunt
749 2319 793 2341 eae
808 2317 856 2339 res
868 2296 1132 2351 incorruptibiles
1147 2332 1155 2345 ‚
1169 2314 1224 2337 aut
1246 2299 1474 2336 indiffolubiles
1493 2300 1672 2344 intrinsece,
1692 2301 1729 2335 C.

342 2353 417 2395 qiua
433 2356 465 2387 in
479 2352 507 2387 se
530 2368 595 2389 non
610 2354 733 2390 hibent
752 2357 950 2403 principium
976 2352 1187 2389 diffolutionis
1199 2380 1209 2394 ‚
1227 2363 1300 2384 cum
1316 2349 1373 2384 sint
1385 2348 1617 2397 simplicissimae
1633 2363 1641 2384 t
1658 2348 1728 2384 sunt

342 2401 600 2450 incorruptibiles
618 2405 793 2441 extrinsece
804 2434 814 2448 ,
828 2404 890 2438 hoc
902 2403 946 2438 est
959 2432 968 2445 ,
987 2416 1053 2438 non
1068 2401 1242 2451 egentjugi
1258 2402 1319 2435 Dei
1334 2398 1474 2444 influxu,
1490 2401 1539 2435 N.
1553 2401 1627 2434 Hoc
1639 2399 1727 2433 enim
