<?xml version="1.0" encoding="UTF-8"?>
<!DOCTYPE html PUBLIC "-//W3C//DTD XHTML 1.0 Transitional//EN"
    "http://www.w3.org/TR/xhtml1/DTD/xhtml1-transitional.dtd">
<html xmlns="http://www.w3.org/1999/xhtml" xml:lang="en" lang="en">
 <head>
  <title>
</title>
<meta http-equiv="Content-Type" content="text/html;charset=utf-8" />
  <meta name='ocr-system' content='tesseract 3.04.00' />
  <meta name='ocr-capabilities' content='ocr_page ocr_carea ocr_par ocr_line ocrx_word'/>
</head>
<body>
  <div class='ocr_page' id='page_1' title='image "./philosophiavetus01duhauoft_0137.png"; bbox 0 0 1857 2745; ppageno 0'>
   <div class='ocr_carea' id='block_1_1' title="bbox 71 125 1467 2365">
    <p class='ocr_par' dir='ltr' id='par_1_1' title="bbox 455 125 1423 166">
     <span class='ocr_line' id='line_1_1' title="bbox 455 125 1423 166; baseline -0.005 -1"><span class='ocrx_word' id='word_1_1' title='bbox 455 129 527 165; x_wconf 83' lang='lat' dir='ltr'>DE</span> <span class='ocrx_word' id='word_1_2' title='bbox 564 125 1063 164; x_wconf 79' lang='lat' dir='ltr'>PRAEDICAMENTIS.</span> <span class='ocrx_word' id='word_1_3' title='bbox 1399 144 1423 166; x_wconf 79' lang='lat'>11</span> 
     </span>
    </p>

    <p class='ocr_par' dir='ltr' id='par_1_2' title="bbox 71 146 1456 518">
     <span class='ocr_line' id='line_1_2' title="bbox 103 146 1446 229; baseline -0.003 -13"><span class='ocrx_word' id='word_1_4' title='bbox 103 192 142 222; x_wconf 79' lang='lat'>2⁰</span> <span class='ocrx_word' id='word_1_5' title='bbox 160 180 338 229; x_wconf 82' lang='lat' dir='ltr'>Categoria</span> <span class='ocrx_word' id='word_1_6' title='bbox 359 177 402 212; x_wconf 88' lang='lat' dir='ltr'>est</span> <span class='ocrx_word' id='word_1_7' title='bbox 425 175 517 212; x_wconf 85' lang='lat' dir='ltr'>series</span> <span class='ocrx_word' id='word_1_8' title='bbox 535 177 696 212; x_wconf 62' lang='lat' dir='ltr'>naturaiis.</span> <span class='ocrx_word' id='word_1_9' title='bbox 731 176 894 223; x_wconf 79' lang='lat' dir='ltr'>Qamvis</span> <span class='ocrx_word' id='word_1_10' title='bbox 920 178 1007 211; x_wconf 84' lang='lat' dir='ltr'>enim</span> <span class='ocrx_word' id='word_1_11' title='bbox 1025 175 1115 210; x_wconf 78' lang='lat' dir='ltr'>series</span> <span class='ocrx_word' id='word_1_12' title='bbox 1131 177 1313 223; x_wconf 82' lang='lat' dir='ltr'>categorica</span> <span class='ocrx_word' id='word_1_13' title='bbox 1337 146 1446 225; x_wconf 57' lang='lat' dir='ltr'>aliqui)</span> 
     </span>
     <span class='ocr_line' id='line_1_3' title="bbox 72 222 1449 276; baseline -0.007 -9"><span class='ocrx_word' id='word_1_14' title='bbox 72 232 172 268; x_wconf 79' lang='lat' dir='ltr'>modo</span> <span class='ocrx_word' id='word_1_15' title='bbox 188 231 207 265; x_wconf 76' lang='grc' dir='ltr'>ὲ</span> <span class='ocrx_word' id='word_1_16' title='bbox 220 240 332 264; x_wconf 84' lang='lat' dir='ltr'>mente</span> <span class='ocrx_word' id='word_1_17' title='bbox 350 226 458 263; x_wconf 85' lang='lat' dir='ltr'>nostra</span> <span class='ocrx_word' id='word_1_18' title='bbox 470 226 628 276; x_wconf 75' lang='lat' dir='ltr'>pendeat,</span> <span class='ocrx_word' id='word_1_19' title='bbox 646 237 717 273; x_wconf 81' lang='lat' dir='ltr'>quae</span> <span class='ocrx_word' id='word_1_20' title='bbox 736 237 784 259; x_wconf 82' lang='lat' dir='ltr'>res</span> <span class='ocrx_word' id='word_1_21' title='bbox 797 222 875 272; x_wconf 80' lang='lat' dir='ltr'>ipsas</span> <span class='ocrx_word' id='word_1_22' title='bbox 884 226 917 260; x_wconf 88' lang='lat' dir='ltr'>in</span> <span class='ocrx_word' id='word_1_23' title='bbox 935 236 1059 260; x_wconf 86' lang='lat' dir='ltr'>certum</span> <span class='ocrx_word' id='word_1_24' title='bbox 1079 222 1226 258; x_wconf 77' lang='lat' dir='ltr'>ordinem</span> <span class='ocrx_word' id='word_1_25' title='bbox 1250 229 1283 261; x_wconf 89' lang='lat'>&amp;</span> <span class='ocrx_word' id='word_1_26' title='bbox 1303 224 1392 260; x_wconf 73' lang='lat' dir='ltr'>velut</span> <span class='ocrx_word' id='word_1_27' title='bbox 1415 229 1449 261; x_wconf 82' lang='lat' dir='ltr'>in</span> 
     </span>
     <span class='ocr_line' id='line_1_4' title="bbox 73 270 1455 322; baseline -0.004 -7"><span class='ocrx_word' id='word_1_28' title='bbox 73 278 176 315; x_wconf 80' lang='lat' dir='ltr'>claffes</span> <span class='ocrx_word' id='word_1_29' title='bbox 190 277 352 312; x_wconf 86' lang='lat' dir='ltr'>distribuit</span> <span class='ocrx_word' id='word_1_30' title='bbox 364 276 434 311; x_wconf 85' lang='lat' dir='ltr'>:hic</span> <span class='ocrx_word' id='word_1_31' title='bbox 448 287 559 310; x_wconf 85' lang='lat' dir='ltr'>tamen</span> <span class='ocrx_word' id='word_1_32' title='bbox 572 277 652 310; x_wconf 92' lang='lat' dir='ltr'>ordo</span> <span class='ocrx_word' id='word_1_33' title='bbox 668 287 775 309; x_wconf 84' lang='lat' dir='ltr'>rerum</span> <span class='ocrx_word' id='word_1_34' title='bbox 788 284 908 308; x_wconf 64' lang='lat' dir='ltr'>naturae</span> <span class='ocrx_word' id='word_1_35' title='bbox 920 285 1012 322; x_wconf 84' lang='lat' dir='ltr'>aptus</span> <span class='ocrx_word' id='word_1_36' title='bbox 1025 279 1058 311; x_wconf 89' lang='lat'>&amp;</span> <span class='ocrx_word' id='word_1_37' title='bbox 1072 270 1302 307; x_wconf 73' lang='lat' dir='ltr'>consentaneus</span> <span class='ocrx_word' id='word_1_38' title='bbox 1318 272 1377 309; x_wconf 80' lang='lat' dir='ltr'>effe</span> <span class='ocrx_word' id='word_1_39' title='bbox 1390 275 1455 309; x_wconf 83' lang='lat' dir='ltr'>de·-</span> 
     </span>
     <span class='ocr_line' id='line_1_5' title="bbox 74 319 1451 374; baseline -0.006 -12"><span class='ocrx_word' id='word_1_40' title='bbox 74 327 131 364; x_wconf 86' lang='lat' dir='ltr'>bet</span> <span class='ocrx_word' id='word_1_41' title='bbox 148 338 303 374; x_wconf 71' lang='lat' dir='ltr'>3quaeque</span> <span class='ocrx_word' id='word_1_42' title='bbox 316 324 388 359; x_wconf 90' lang='lat' dir='ltr'>sunt</span> <span class='ocrx_word' id='word_1_43' title='bbox 401 326 501 372; x_wconf 60' lang='lat' dir='ltr'>magis</span> <span class='ocrx_word' id='word_1_44' title='bbox 517 323 882 370; x_wconf 73' lang='lat' dir='ltr'>universales‚supe1iore</span> <span class='ocrx_word' id='word_1_45' title='bbox 897 323 971 356; x_wconf 86' lang='lat' dir='ltr'>loco</span> <span class='ocrx_word' id='word_1_46' title='bbox 980 322 1050 358; x_wconf 87' lang='lat' dir='ltr'>sunt</span> <span class='ocrx_word' id='word_1_47' title='bbox 1061 319 1275 356; x_wconf 67' lang='lat' dir='ltr'>toliocandae:</span> <span class='ocrx_word' id='word_1_48' title='bbox 1294 321 1379 356; x_wconf 86' lang='lat' dir='ltr'>secus</span> <span class='ocrx_word' id='word_1_49' title='bbox 1398 336 1451 357; x_wconf 80' lang='lat' dir='ltr'>ca-</span> 
     </span>
     <span class='ocr_line' id='line_1_6' title="bbox 73 369 1456 425; baseline -0.004 -15"><span class='ocrx_word' id='word_1_50' title='bbox 73 378 195 425; x_wconf 81' lang='lat' dir='ltr'>tegotia</span> <span class='ocrx_word' id='word_1_51' title='bbox 205 374 258 409; x_wconf 90' lang='lat' dir='ltr'>suo</span> <span class='ocrx_word' id='word_1_52' title='bbox 276 374 341 409; x_wconf 82' lang='lat' dir='ltr'>fine</span> <span class='ocrx_word' id='word_1_53' title='bbox 356 372 557 407; x_wconf 65' lang='lat' dir='ltr'>frustrabitur</span> <span class='ocrx_word' id='word_1_54' title='bbox 574 390 583 416; x_wconf 82' lang='lat'>3</span> <span class='ocrx_word' id='word_1_55' title='bbox 600 385 708 420; x_wconf 83' lang='lat' dir='ltr'>neque</span> <span class='ocrx_word' id='word_1_56' title='bbox 722 373 802 406; x_wconf 74' lang='lat' dir='ltr'>ordo</span> <span class='ocrx_word' id='word_1_57' title='bbox 813 399 821 413; x_wconf 87' lang='lat'>,</span> <span class='ocrx_word' id='word_1_58' title='bbox 831 383 887 405; x_wconf 82' lang='lat' dir='ltr'>aut</span> <span class='ocrx_word' id='word_1_59' title='bbox 896 371 989 405; x_wconf 85' lang='lat' dir='ltr'>series</span> <span class='ocrx_word' id='word_1_60' title='bbox 1006 384 1112 405; x_wconf 84' lang='lat' dir='ltr'>tetum</span> <span class='ocrx_word' id='word_1_61' title='bbox 1122 398 1131 412; x_wconf 81' lang='grc'>,</span> <span class='ocrx_word' id='word_1_62' title='bbox 1146 369 1197 404; x_wconf 81' lang='lat' dir='ltr'>sed</span> <span class='ocrx_word' id='word_1_63' title='bbox 1208 369 1350 405; x_wconf 65' lang='lat' dir='ltr'>confusio</span> <span class='ocrx_word' id='word_1_64' title='bbox 1362 370 1456 417; x_wconf 70' lang='lat' dir='ltr'>qute-¹</span> 
     </span>
     <span class='ocr_line' id='line_1_7' title="bbox 71 418 1451 469; baseline -0.005 -10"><span class='ocrx_word' id='word_1_65' title='bbox 71 425 146 459; x_wconf 86' lang='lat' dir='ltr'>dam</span> <span class='ocrx_word' id='word_1_66' title='bbox 164 424 269 458; x_wconf 86' lang='lat' dir='ltr'>futura</span> <span class='ocrx_word' id='word_1_67' title='bbox 278 421 343 464; x_wconf 85' lang='lat' dir='ltr'>est·‚</span> <span class='ocrx_word' id='word_1_68' title='bbox 357 433 418 456; x_wconf 88' lang='lat' dir='ltr'>nec</span> <span class='ocrx_word' id='word_1_69' title='bbox 428 421 560 457; x_wconf 85' lang='lat' dir='ltr'>demum</span> <span class='ocrx_word' id='word_1_70' title='bbox 570 424 672 469; x_wconf 82' lang='lat' dir='ltr'>magis</span> <span class='ocrx_word' id='word_1_71' title='bbox 689 421 871 455; x_wconf 57' lang='lat' dir='ltr'>distinct-im</span> <span class='ocrx_word' id='word_1_72' title='bbox 880 449 890 464; x_wconf 91' lang='lat'><strong><em>,</em></strong></span> <span class='ocrx_word' id='word_1_73' title='bbox 911 419 962 454; x_wconf 85' lang='lat' dir='ltr'>sed</span> <span class='ocrx_word' id='word_1_74' title='bbox 973 418 1196 469; x_wconf 72' lang='lat' dir='ltr'>perturbatam</span> <span class='ocrx_word' id='word_1_75' title='bbox 1221 423 1254 454; x_wconf 88' lang='lat'>&amp;</span> <span class='ocrx_word' id='word_1_76' title='bbox 1275 419 1451 454; x_wconf 84' lang='lat' dir='ltr'>tumultua-</span> 
     </span>
     <span class='ocr_line' id='line_1_8' title="bbox 72 469 655 518; baseline -0.002 -11"><span class='ocrx_word' id='word_1_77' title='bbox 72 475 153 508; x_wconf 85' lang='lat' dir='ltr'>riam</span> <span class='ocrx_word' id='word_1_78' title='bbox 170 484 275 506; x_wconf 87' lang='lat' dir='ltr'>rerum</span> <span class='ocrx_word' id='word_1_79' title='bbox 292 472 516 518; x_wconf 82' lang='lat' dir='ltr'>cogmtionem</span> <span class='ocrx_word' id='word_1_80' title='bbox 531 469 655 506; x_wconf 78' lang='lat' dir='ltr'>afferet.</span> 
     </span>
    </p>

    <p class='ocr_par' dir='ltr' id='par_1_3' title="bbox 72 515 1457 1002">
     <span class='ocr_line' id='line_1_9' title="bbox 109 515 1456 567; baseline -0.001 -14"><span class='ocrx_word' id='word_1_81' title='bbox 109 534 138 566; x_wconf 64' lang='lat'>3³</span> <span class='ocrx_word' id='word_1_82' title='bbox 164 520 264 567; x_wconf 82' lang='lat' dir='ltr'>Qod</span> <span class='ocrx_word' id='word_1_83' title='bbox 279 520 406 552; x_wconf 80' lang='lat' dir='ltr'>additur</span> <span class='ocrx_word' id='word_1_84' title='bbox 417 547 426 561; x_wconf 91' lang='lat'>,</span> <span class='ocrx_word' id='word_1_85' title='bbox 439 532 609 566; x_wconf 84' lang='lat' dir='ltr'>generum,</span> <span class='ocrx_word' id='word_1_86' title='bbox 615 521 791 567; x_wconf 77' lang='lat' dir='ltr'>specierum</span> <span class='ocrx_word' id='word_1_87' title='bbox 802 544 809 554; x_wconf 88' lang='lat'><em>,</em></span> <span class='ocrx_word' id='word_1_88' title='bbox 828 518 866 552; x_wconf 52' lang='grc' dir='ltr'><em>Θ</em></span> <span class='ocrx_word' id='word_1_89' title='bbox 885 516 1124 551; x_wconf 76' lang='lat' dir='ltr'>individuorum</span> <span class='ocrx_word' id='word_1_90' title='bbox 1138 544 1147 554; x_wconf 91' lang='lat'><em>,</em></span> <span class='ocrx_word' id='word_1_91' title='bbox 1166 515 1333 550; x_wconf 73' lang='lat' dir='ltr'>manifeste</span> <span class='ocrx_word' id='word_1_92' title='bbox 1345 518 1456 551; x_wconf 81' lang='lat' dir='ltr'>innuit</span> 
     </span>
     <span class='ocr_line' id='line_1_10' title="bbox 72 564 1451 618; baseline -0.002 -15"><span class='ocrx_word' id='word_1_93' title='bbox 72 571 269 618; x_wconf 74' lang='lat' dir='ltr'>categoriam</span> <span class='ocrx_word' id='word_1_94' title='bbox 281 580 346 602; x_wconf 87' lang='lat' dir='ltr'>non</span> <span class='ocrx_word' id='word_1_95' title='bbox 358 566 419 602; x_wconf 84' lang='lat' dir='ltr'>effe</span> <span class='ocrx_word' id='word_1_96' title='bbox 432 579 462 601; x_wconf 84' lang='lat' dir='ltr'>te</span> <span class='ocrx_word' id='word_1_97' title='bbox 516 569 640 601; x_wconf 82' lang='lat' dir='ltr'>&#39;norum</span> <span class='ocrx_word' id='word_1_98' title='bbox 651 596 661 610; x_wconf 92' lang='lat'>,</span> <span class='ocrx_word' id='word_1_99' title='bbox 672 578 727 601; x_wconf 82' lang='lat' dir='ltr'>aut</span> <span class='ocrx_word' id='word_1_100' title='bbox 738 568 985 614; x_wconf 82' lang='lat' dir='ltr'>cogitationum,</span> <span class='ocrx_word' id='word_1_101' title='bbox 995 565 1045 599; x_wconf 85' lang='lat' dir='ltr'>sed</span> <span class='ocrx_word' id='word_1_102' title='bbox 1058 577 1164 599; x_wconf 76' lang='lat' dir='ltr'>retum</span> <span class='ocrx_word' id='word_1_103' title='bbox 1178 564 1311 613; x_wconf 58' lang='lat' dir='ltr'>ipsarum</span> <span class='ocrx_word' id='word_1_104' title='bbox 1326 565 1451 600; x_wconf 82' lang='lat' dir='ltr'>scriem:</span> 
     </span>
     <span class='ocr_line' id='line_1_11' title="bbox 73 579 1452 664; baseline -0.004 -13"><span class='ocrx_word' id='word_1_105' title='bbox 73 629 185 653; x_wconf 84' lang='lat' dir='ltr'>contra</span> <span class='ocrx_word' id='word_1_106' title='bbox 202 628 300 664; x_wconf 82' lang='lat' dir='ltr'>atque</span> <span class='ocrx_word' id='word_1_107' title='bbox 313 579 715 652; x_wconf 50' lang='lat' dir='ltr'>Noimnaffexistimanit.</span> <span class='ocrx_word' id='word_1_108' title='bbox 736 616 934 661; x_wconf 76' lang='lat' dir='ltr'>Qianquam</span> <span class='ocrx_word' id='word_1_109' title='bbox 947 627 1011 650; x_wconf 90' lang='lat' dir='ltr'>non</span> <span class='ocrx_word' id='word_1_110' title='bbox 1024 626 1177 662; x_wconf 67' lang='lat' dir='ltr'>negamus</span> <span class='ocrx_word' id='word_1_111' title='bbox 1195 616 1347 648; x_wconf 76' lang='lat' dir='ltr'>terminos</span> <span class='ocrx_word' id='word_1_112' title='bbox 1365 625 1452 647; x_wconf 65' lang='lat' dir='ltr'>cate-</span> 
     </span>
     <span class='ocr_line' id='line_1_12' title="bbox 74 662 1453 714; baseline -0.001 -14"><span class='ocrx_word' id='word_1_113' title='bbox 74 668 201 714; x_wconf 76' lang='lat' dir='ltr'>geticos</span> <span class='ocrx_word' id='word_1_114' title='bbox 216 693 225 708; x_wconf 88' lang='lat'>,</span> <span class='ocrx_word' id='word_1_115' title='bbox 251 670 284 700; x_wconf 61' lang='grc' dir='ltr'>δέ</span> <span class='ocrx_word' id='word_1_116' title='bbox 298 666 512 712; x_wconf 81' lang='lat' dir='ltr'>cogitationes</span> <span class='ocrx_word' id='word_1_117' title='bbox 528 666 647 699; x_wconf 81' lang='lat' dir='ltr'>nostras</span> <span class='ocrx_word' id='word_1_118' title='bbox 662 666 752 699; x_wconf 59' lang='lat' dir='ltr'>teoto</span> <span class='ocrx_word' id='word_1_119' title='bbox 770 663 884 697; x_wconf 86' lang='lat' dir='ltr'>ordine</span> <span class='ocrx_word' id='word_1_120' title='bbox 902 662 1026 709; x_wconf 68' lang='lat' dir='ltr'>diiponi</span> <span class='ocrx_word' id='word_1_121' title='bbox 1037 692 1047 706; x_wconf 85' lang='lat'>‚</span> <span class='ocrx_word' id='word_1_122' title='bbox 1058 674 1215 709; x_wconf 86' lang='lat' dir='ltr'>quatenus</span> <span class='ocrx_word' id='word_1_123' title='bbox 1234 665 1386 697; x_wconf 77' lang='lat' dir='ltr'>nimirum</span> <span class='ocrx_word' id='word_1_124' title='bbox 1404 675 1453 698; x_wconf 82' lang='lat' dir='ltr'>res</span> 
     </span>
     <span class='ocr_line' id='line_1_13' title="bbox 74 711 1450 762; baseline -0.002 -15"><span class='ocrx_word' id='word_1_125' title='bbox 74 712 154 761; x_wconf 83' lang='lat' dir='ltr'>ipsas</span> <span class='ocrx_word' id='word_1_126' title='bbox 167 711 353 762; x_wconf 84' lang='lat' dir='ltr'>significant.</span> <span class='ocrx_word' id='word_1_127' title='bbox 367 716 405 747; x_wconf 85' lang='lat' dir='ltr'>Et</span> <span class='ocrx_word' id='word_1_128' title='bbox 414 724 501 747; x_wconf 82' lang='lat' dir='ltr'>certe</span> <span class='ocrx_word' id='word_1_129' title='bbox 511 726 588 759; x_wconf 81' lang='lat' dir='ltr'>quas</span> <span class='ocrx_word' id='word_1_130' title='bbox 602 711 748 760; x_wconf 76' lang='lat' dir='ltr'>cujusque</span> <span class='ocrx_word' id='word_1_131' title='bbox 761 711 1004 758; x_wconf 70' lang='lat' dir='ltr'>praedicamenti</span> <span class='ocrx_word' id='word_1_132' title='bbox 1022 714 1238 759; x_wconf 68' lang='lat' dir='ltr'>proprietates</span> <span class='ocrx_word' id='word_1_133' title='bbox 1259 711 1353 746; x_wconf 64' lang='lat' dir='ltr'>affert</span> <span class='ocrx_word' id='word_1_134' title='bbox 1371 711 1450 746; x_wconf 84' lang='lat' dir='ltr'>Phi-</span> 
     </span>
     <span class='ocr_line' id='line_1_14' title="bbox 74 759 1454 809; baseline -0.001 -14"><span class='ocrx_word' id='word_1_135' title='bbox 74 760 222 809; x_wconf 89' lang='lat' dir='ltr'>losophus</span> <span class='ocrx_word' id='word_1_136' title='bbox 233 775 241 796; x_wconf 92' lang='lat'><strong>:</strong></span> <span class='ocrx_word' id='word_1_137' title='bbox 254 771 291 795; x_wconf 89' lang='grc' dir='ltr'>ιιι</span> <span class='ocrx_word' id='word_1_138' title='bbox 305 759 512 795; x_wconf 83' lang='lat' dir='ltr'>substantiam</span> <span class='ocrx_word' id='word_1_139' title='bbox 520 774 588 795; x_wconf 89' lang='lat' dir='ltr'>non</span> <span class='ocrx_word' id='word_1_140' title='bbox 599 760 749 807; x_wconf 73' lang='lat' dir='ltr'>suscipere</span> <span class='ocrx_word' id='word_1_141' title='bbox 760 760 863 808; x_wconf 75' lang='lat' dir='ltr'>magis</span> <span class='ocrx_word' id='word_1_142' title='bbox 874 764 908 795; x_wconf 85' lang='lat'>&amp;</span> <span class='ocrx_word' id='word_1_143' title='bbox 919 762 1034 804; x_wconf 86' lang='lat' dir='ltr'>minus,</span> <span class='ocrx_word' id='word_1_144' title='bbox 1052 766 1085 797; x_wconf 60' lang='grc' dir='ltr'><strong>ἃ</strong></span> <span class='ocrx_word' id='word_1_145' title='bbox 1101 760 1177 794; x_wconf 80' lang='lat' dir='ltr'>alias</span> <span class='ocrx_word' id='word_1_146' title='bbox 1194 760 1385 807; x_wconf 79' lang='lat' dir='ltr'>hujusmodi,</span> <span class='ocrx_word' id='word_1_147' title='bbox 1395 771 1454 803; x_wconf 84' lang='lat' dir='ltr'>eae,</span> 
     </span>
     <span class='ocr_line' id='line_1_15' title="bbox 74 806 1457 857; baseline -0.001 -14"><span class='ocrx_word' id='word_1_148' title='bbox 74 812 208 857; x_wconf 85' lang='lat' dir='ltr'>inquam</span> <span class='ocrx_word' id='word_1_149' title='bbox 222 838 232 853; x_wconf 90' lang='lat'>,</span> <span class='ocrx_word' id='word_1_150' title='bbox 245 822 312 845; x_wconf 87' lang='lat' dir='ltr'>non</span> <span class='ocrx_word' id='word_1_151' title='bbox 329 807 477 851; x_wconf 75' lang='lat' dir='ltr'>vocibUS‚</span> <span class='ocrx_word' id='word_1_152' title='bbox 493 820 547 843; x_wconf 83' lang='lat' dir='ltr'>aut</span> <span class='ocrx_word' id='word_1_153' title='bbox 557 806 810 856; x_wconf 78' lang='lat' dir='ltr'>cogitationibus</span> <span class='ocrx_word' id='word_1_154' title='bbox 828 809 941 843; x_wconf 71' lang='lat' dir='ltr'>nostris</span> <span class='ocrx_word' id='word_1_155' title='bbox 955 839 963 851; x_wconf 84' lang='lat'>‚</span> <span class='ocrx_word' id='word_1_156' title='bbox 977 807 1146 844; x_wconf 78' lang='lat' dir='ltr'>sedrebus</span> <span class='ocrx_word' id='word_1_157' title='bbox 1163 808 1231 856; x_wconf 72' lang='lat' dir='ltr'>ipsis</span> <span class='ocrx_word' id='word_1_158' title='bbox 1245 811 1457 846; x_wconf 78' lang='lat' dir='ltr'>conveniunt.</span> 
     </span>
     <span class='ocr_line' id='line_1_16' title="bbox 76 855 1456 906; baseline -0.001 -12"><span class='ocrx_word' id='word_1_159' title='bbox 76 860 162 894; x_wconf 74' lang='lat' dir='ltr'>Hinc</span> <span class='ocrx_word' id='word_1_160' title='bbox 174 860 206 894; x_wconf 85' lang='lat' dir='ltr'>S.</span> <span class='ocrx_word' id='word_1_161' title='bbox 218 857 356 905; x_wconf 79' lang='lat' dir='ltr'>Aug.vel</span> <span class='ocrx_word' id='word_1_162' title='bbox 364 857 504 905; x_wconf 85' lang='lat' dir='ltr'>quisquis</span> <span class='ocrx_word' id='word_1_163' title='bbox 515 856 593 893; x_wconf 86' lang='lat' dir='ltr'>alius</span> <span class='ocrx_word' id='word_1_164' title='bbox 606 860 640 892; x_wconf 88' lang='lat' dir='ltr'>in</span> <span class='ocrx_word' id='word_1_165' title='bbox 653 856 722 905; x_wconf 86' lang='lat' dir='ltr'>ipso</span> <span class='ocrx_word' id='word_1_166' title='bbox 738 855 811 891; x_wconf 81' lang='lat' dir='ltr'>libri</span> <span class='ocrx_word' id='word_1_167' title='bbox 825 885 833 898; x_wconf 91' lang='lat'>‚</span> <span class='ocrx_word' id='word_1_168' title='bbox 853 869 952 902; x_wconf 71' lang='lat' dir='ltr'>quem</span> <span class='ocrx_word' id='word_1_169' title='bbox 973 858 1013 893; x_wconf 89' lang='lat' dir='ltr'>de</span> <span class='ocrx_word' id='word_1_170' title='bbox 1023 861 1192 906; x_wconf 82' lang='lat' dir='ltr'>categoriis</span> <span class='ocrx_word' id='word_1_171' title='bbox 1211 856 1400 905; x_wconf 78' lang='lat' dir='ltr'>conscripsit,</span> <span class='ocrx_word' id='word_1_172' title='bbox 1417 856 1456 891; x_wconf 87' lang='lat' dir='ltr'>li-</span> 
     </span>
     <span class='ocr_line' id='line_1_17' title="bbox 76 903 1454 955; baseline 0 -15"><span class='ocrx_word' id='word_1_173' title='bbox 76 909 175 942; x_wconf 84' lang='lat' dir='ltr'>mine:</span> <span class='ocrx_word' id='word_1_174' title='bbox 194 906 402 951; x_wconf 78' lang='lat' dir='ltr'>Aristoteles,</span> <span class='ocrx_word' id='word_1_175' title='bbox 417 908 522 954; x_wconf 87' lang='lat' dir='ltr'>inquit</span> <span class='ocrx_word' id='word_1_176' title='bbox 532 935 542 950; x_wconf 87' lang='lat'>,</span> <span class='ocrx_word' id='word_1_177' title='bbox 557 907 596 941; x_wconf 86' lang='lat' dir='ltr'>de</span> <span class='ocrx_word' id='word_1_178' title='bbox 610 907 646 940; x_wconf 78' lang='lat' dir='ltr'>iis</span> <span class='ocrx_word' id='word_1_179' title='bbox 658 918 721 952; x_wconf 76' lang='lat' dir='ltr'>qnae</span> <span class='ocrx_word' id='word_1_180' title='bbox 729 903 971 955; x_wconf 78' lang='lat' dir='ltr'>fignificamur,</span> <span class='ocrx_word' id='word_1_181' title='bbox 990 921 1047 942; x_wconf 73' lang='lat'><em>71071</em></span> <span class='ocrx_word' id='word_1_182' title='bbox 1061 907 1100 941; x_wconf 83' lang='lat' dir='ltr'>de</span> <span class='ocrx_word' id='word_1_183' title='bbox 1110 910 1149 941; x_wconf 74' lang='lat' dir='ltr'>iis</span> <span class='ocrx_word' id='word_1_184' title='bbox 1160 934 1170 946; x_wconf 92' lang='lat'><em>,</em></span> <span class='ocrx_word' id='word_1_185' title='bbox 1184 905 1454 955; x_wconf 74' lang='lat' dir='ltr'>quaeſsgmficant,</span> 
     </span>
     <span class='ocr_line' id='line_1_18' title="bbox 76 956 446 1002; baseline -0.005 -13"><span class='ocrx_word' id='word_1_186' title='bbox 76 956 281 1002; x_wconf 80' lang='lat' dir='ltr'>disserendum</span> <span class='ocrx_word' id='word_1_187' title='bbox 301 956 446 1001; x_wconf 80' lang='lat' dir='ltr'>putavit.</span> 
     </span>
    </p>

    <p class='ocr_par' dir='ltr' id='par_1_4' title="bbox 77 1001 1459 1294">
     <span class='ocr_line' id='line_1_19' title="bbox 124 1001 1454 1051; baseline 0 -14"><span class='ocrx_word' id='word_1_188' title='bbox 124 1006 234 1049; x_wconf 82' lang='lat' dir='ltr'>Itaque</span> <span class='ocrx_word' id='word_1_189' title='bbox 245 1003 386 1037; x_wconf 85' lang='lat' dir='ltr'>fatemur</span> <span class='ocrx_word' id='word_1_190' title='bbox 396 1015 444 1037; x_wconf 88' lang='lat' dir='ltr'>res</span> <span class='ocrx_word' id='word_1_191' title='bbox 459 1002 537 1050; x_wconf 85' lang='lat' dir='ltr'>ipsas</span> <span class='ocrx_word' id='word_1_192' title='bbox 550 1005 582 1038; x_wconf 87' lang='lat' dir='ltr'>in</span> <span class='ocrx_word' id='word_1_193' title='bbox 600 1014 702 1037; x_wconf 86' lang='lat' dir='ltr'>certas</span> <span class='ocrx_word' id='word_1_194' title='bbox 714 1001 820 1037; x_wconf 77' lang='lat' dir='ltr'>claffes</span> <span class='ocrx_word' id='word_1_195' title='bbox 835 1003 877 1038; x_wconf 89' lang='lat' dir='ltr'>ab</span> <span class='ocrx_word' id='word_1_196' title='bbox 893 1003 1060 1039; x_wconf 66' lang='lat' dir='ltr'>intelled&#39;m</span> <span class='ocrx_word' id='word_1_197' title='bbox 1074 1004 1184 1037; x_wconf 85' lang='lat' dir='ltr'>nostro</span> <span class='ocrx_word' id='word_1_198' title='bbox 1201 1004 1322 1051; x_wconf 73' lang='lat' dir='ltr'>digeri,</span> <span class='ocrx_word' id='word_1_199' title='bbox 1334 1009 1368 1040; x_wconf 73' lang='grc' dir='ltr'>δε</span> <span class='ocrx_word' id='word_1_200' title='bbox 1382 1016 1454 1050; x_wconf 67' lang='lat' dir='ltr'>qux</span> 
     </span>
     <span class='ocr_line' id='line_1_20' title="bbox 77 1050 1459 1099; baseline -0.001 -12"><span class='ocrx_word' id='word_1_201' title='bbox 77 1051 238 1087; x_wconf 68' lang='lat' dir='ltr'>dissimiles</span> <span class='ocrx_word' id='word_1_202' title='bbox 253 1051 342 1094; x_wconf 87' lang='lat' dir='ltr'>sunt,</span> <span class='ocrx_word' id='word_1_203' title='bbox 360 1050 499 1094; x_wconf 82' lang='lat' dir='ltr'>secerni,</span> <span class='ocrx_word' id='word_1_204' title='bbox 514 1063 549 1085; x_wconf 89' lang='grc' dir='ltr'>ιιι</span> <span class='ocrx_word' id='word_1_205' title='bbox 563 1051 744 1085; x_wconf 63' lang='lat' dir='ltr'>distinctam</span> <span class='ocrx_word' id='word_1_206' title='bbox 763 1062 874 1086; x_wconf 80' lang='lat' dir='ltr'>earum</span> <span class='ocrx_word' id='word_1_207' title='bbox 900 1054 1124 1099; x_wconf 80' lang='lat' dir='ltr'>cognitionem</span> <span class='ocrx_word' id='word_1_208' title='bbox 1138 1051 1252 1098; x_wconf 75' lang='lat' dir='ltr'>affcqui</span> <span class='ocrx_word' id='word_1_209' title='bbox 1282 1051 1376 1099; x_wconf 84' lang='lat' dir='ltr'>poffit</span> <span class='ocrx_word' id='word_1_210' title='bbox 1393 1067 1401 1092; x_wconf 83' lang='lat'>3</span> <span class='ocrx_word' id='word_1_211' title='bbox 1419 1062 1459 1085; x_wconf 90' lang='lat' dir='ltr'>ut</span> 
     </span>
     <span class='ocr_line' id='line_1_21' title="bbox 77 1097 1458 1148; baseline -0.002 -13"><span class='ocrx_word' id='word_1_212' title='bbox 77 1101 165 1136; x_wconf 67' lang='lat' dir='ltr'>recte</span> <span class='ocrx_word' id='word_1_213' title='bbox 178 1099 331 1142; x_wconf 84' lang='lat' dir='ltr'>definiat,</span> <span class='ocrx_word' id='word_1_214' title='bbox 349 1099 491 1143; x_wconf 88' lang='lat' dir='ltr'>dividat,</span> <span class='ocrx_word' id='word_1_215' title='bbox 506 1101 735 1134; x_wconf 82' lang='lat' dir='ltr'>ratiocinetur:</span> <span class='ocrx_word' id='word_1_216' title='bbox 751 1111 822 1133; x_wconf 82' lang='lat' dir='ltr'>eam</span> <span class='ocrx_word' id='word_1_217' title='bbox 838 1100 922 1133; x_wconf 82' lang='lat' dir='ltr'>adeo</span> <span class='ocrx_word' id='word_1_218' title='bbox 940 1097 1000 1134; x_wconf 81' lang='lat' dir='ltr'>effe</span> <span class='ocrx_word' id='word_1_219' title='bbox 1019 1099 1220 1134; x_wconf 65' lang='lat' dir='ltr'>effectricem</span> <span class='ocrx_word' id='word_1_220' title='bbox 1242 1099 1331 1148; x_wconf 85' lang='lat' dir='ltr'>hujus</span> <span class='ocrx_word' id='word_1_221' title='bbox 1353 1100 1458 1134; x_wconf 85' lang='lat' dir='ltr'>distri-</span> 
     </span>
     <span class='ocr_line' id='line_1_22' title="bbox 78 1146 1458 1184; baseline 0 0"><span class='ocrx_word' id='word_1_222' title='bbox 78 1148 220 1184; x_wconf 86' lang='lat' dir='ltr'>butionis</span> <span class='ocrx_word' id='word_1_223' title='bbox 235 1147 377 1183; x_wconf 85' lang='lat' dir='ltr'>causam:</span> <span class='ocrx_word' id='word_1_224' title='bbox 392 1147 516 1183; x_wconf 76' lang='lat' dir='ltr'>tametsi</span> <span class='ocrx_word' id='word_1_225' title='bbox 534 1148 600 1183; x_wconf 83' lang='lat' dir='ltr'>haec</span> <span class='ocrx_word' id='word_1_226' title='bbox 613 1146 704 1182; x_wconf 83' lang='lat' dir='ltr'>series</span> <span class='ocrx_word' id='word_1_227' title='bbox 715 1147 852 1183; x_wconf 82' lang='lat' dir='ltr'>naturali</span> <span class='ocrx_word' id='word_1_228' title='bbox 867 1149 970 1182; x_wconf 87' lang='lat' dir='ltr'>ordini</span> <span class='ocrx_word' id='word_1_229' title='bbox 984 1150 1122 1183; x_wconf 79' lang='lat' dir='ltr'>maxime</span> <span class='ocrx_word' id='word_1_230' title='bbox 1137 1149 1182 1182; x_wconf 84' lang='lat' dir='ltr'>est</span> <span class='ocrx_word' id='word_1_231' title='bbox 1202 1149 1458 1184; x_wconf 79' lang='lat' dir='ltr'>accommodata.</span> 
     </span>
     <span class='ocr_line' id='line_1_23' title="bbox 79 1195 1456 1245; baseline -0.001 -13"><span class='ocrx_word' id='word_1_232' title='bbox 79 1199 142 1232; x_wconf 88' lang='lat' dir='ltr'>Sed</span> <span class='ocrx_word' id='word_1_233' title='bbox 160 1199 292 1231; x_wconf 83' lang='lat' dir='ltr'>materia</span> <span class='ocrx_word' id='word_1_234' title='bbox 304 1196 351 1231; x_wconf 87' lang='lat' dir='ltr'>his</span> <span class='ocrx_word' id='word_1_235' title='bbox 362 1199 528 1245; x_wconf 82' lang='lat' dir='ltr'>categoriis</span> <span class='ocrx_word' id='word_1_236' title='bbox 545 1195 685 1245; x_wconf 62' lang='lat' dir='ltr'>subjeffih</span> <span class='ocrx_word' id='word_1_237' title='bbox 695 1226 704 1240; x_wconf 92' lang='lat'>‚</span> <span class='ocrx_word' id='word_1_238' title='bbox 721 1209 757 1230; x_wconf 90' lang='lat' dir='ltr'>ac</span> <span class='ocrx_word' id='word_1_239' title='bbox 769 1195 881 1240; x_wconf 81' lang='lat' dir='ltr'>series,</span> <span class='ocrx_word' id='word_1_240' title='bbox 896 1209 993 1244; x_wconf 80' lang='lat' dir='ltr'>quam</span> <span class='ocrx_word' id='word_1_241' title='bbox 1007 1199 1196 1245; x_wconf 87' lang='lat' dir='ltr'>inquirimus</span> <span class='ocrx_word' id='word_1_242' title='bbox 1207 1226 1217 1240; x_wconf 92' lang='lat'>,</span> <span class='ocrx_word' id='word_1_243' title='bbox 1231 1198 1274 1231; x_wconf 80' lang='lat' dir='ltr'>cst</span> <span class='ocrx_word' id='word_1_244' title='bbox 1288 1211 1391 1232; x_wconf 77' lang='lat' dir='ltr'>rerum</span> <span class='ocrx_word' id='word_1_245' title='bbox 1404 1199 1456 1244; x_wconf 88' lang='lat' dir='ltr'>ip-</span> 
     </span>
     <span class='ocr_line' id='line_1_24' title="bbox 80 1245 757 1294; baseline -0.001 -13"><span class='ocrx_word' id='word_1_246' title='bbox 80 1245 180 1281; x_wconf 81' lang='lat' dir='ltr'>sarum</span> <span class='ocrx_word' id='word_1_247' title='bbox 190 1275 199 1290; x_wconf 86' lang='lat'>‚</span> <span class='ocrx_word' id='word_1_248' title='bbox 211 1258 277 1280; x_wconf 87' lang='lat' dir='ltr'>non</span> <span class='ocrx_word' id='word_1_249' title='bbox 290 1257 407 1280; x_wconf 81' lang='lat' dir='ltr'>vocum</span> <span class='ocrx_word' id='word_1_250' title='bbox 418 1266 430 1289; x_wconf 84' lang='lat'>-,</span> <span class='ocrx_word' id='word_1_251' title='bbox 446 1258 500 1280; x_wconf 85' lang='lat' dir='ltr'>ant</span> <span class='ocrx_word' id='word_1_252' title='bbox 510 1248 757 1294; x_wconf 79' lang='lat' dir='ltr'>cogitationum.</span> 
     </span>
    </p>

    <p class='ocr_par' dir='ltr' id='par_1_5' title="bbox 80 1293 1457 1476">
     <span class='ocr_line' id='line_1_25' title="bbox 113 1293 1455 1344; baseline -0.002 -14"><span class='ocrx_word' id='word_1_253' title='bbox 113 1296 175 1330; x_wconf 85' lang='lat' dir='ltr'>His</span> <span class='ocrx_word' id='word_1_254' title='bbox 192 1294 359 1342; x_wconf 78' lang='lat' dir='ltr'>explicatis</span> <span class='ocrx_word' id='word_1_255' title='bbox 369 1308 434 1329; x_wconf 89' lang='lat' dir='ltr'>non</span> <span class='ocrx_word' id='word_1_256' title='bbox 445 1293 575 1329; x_wconf 86' lang='lat' dir='ltr'>difficile</span> <span class='ocrx_word' id='word_1_257' title='bbox 587 1296 649 1329; x_wconf 88' lang='lat' dir='ltr'>erit</span> <span class='ocrx_word' id='word_1_258' title='bbox 662 1296 836 1342; x_wconf 68' lang='lat' dir='ltr'>praecipuas</span> <span class='ocrx_word' id='word_1_259' title='bbox 846 1295 933 1344; x_wconf 85' lang='lat' dir='ltr'>leges</span> <span class='ocrx_word' id='word_1_260' title='bbox 948 1307 1003 1330; x_wconf 83' lang='lat' dir='ltr'>aut</span> <span class='ocrx_word' id='word_1_261' title='bbox 1016 1294 1219 1329; x_wconf 80' lang='lat' dir='ltr'>conditiones</span> <span class='ocrx_word' id='word_1_262' title='bbox 1233 1324 1241 1338; x_wconf 86' lang='lat'>‚</span> <span class='ocrx_word' id='word_1_263' title='bbox 1251 1304 1323 1342; x_wconf 77' lang='lat' dir='ltr'>quae</span> <span class='ocrx_word' id='word_1_264' title='bbox 1344 1293 1389 1327; x_wconf 78' lang='lat' dir='ltr'>ad</span> <span class='ocrx_word' id='word_1_265' title='bbox 1402 1306 1455 1327; x_wconf 77' lang='lat' dir='ltr'>ca-</span> 
     </span>
     <span class='ocr_line' id='line_1_26' title="bbox 80 1342 1456 1392; baseline -0.002 -13"><span class='ocrx_word' id='word_1_266' title='bbox 80 1346 218 1392; x_wconf 81' lang='lat' dir='ltr'>tegorias</span> <span class='ocrx_word' id='word_1_267' title='bbox 239 1345 442 1390; x_wconf 85' lang='lat' dir='ltr'>requiruntur</span> <span class='ocrx_word' id='word_1_268' title='bbox 456 1371 465 1385; x_wconf 85' lang='lat'>,</span> <span class='ocrx_word' id='word_1_269' title='bbox 481 1343 676 1391; x_wconf 85' lang='lat' dir='ltr'>expendere.</span> <span class='ocrx_word' id='word_1_270' title='bbox 705 1346 792 1379; x_wconf 75' lang='lat' dir='ltr'>Nam</span> <span class='ocrx_word' id='word_1_271' title='bbox 814 1356 931 1392; x_wconf 79' lang='lat' dir='ltr'>magna</span> <span class='ocrx_word' id='word_1_272' title='bbox 952 1356 992 1378; x_wconf 85' lang='lat' dir='ltr'>ex</span> <span class='ocrx_word' id='word_1_273' title='bbox 1008 1355 1098 1392; x_wconf 74' lang='lat' dir='ltr'>parte</span> <span class='ocrx_word' id='word_1_274' title='bbox 1121 1342 1163 1377; x_wconf 78' lang='lat' dir='ltr'>ab</span> <span class='ocrx_word' id='word_1_275' title='bbox 1183 1344 1351 1378; x_wconf 85' lang='lat' dir='ltr'>hominurn</span> <span class='ocrx_word' id='word_1_276' title='bbox 1375 1355 1456 1390; x_wconf 85' lang='lat' dir='ltr'>pen-</span> 
     </span>
     <span class='ocr_line' id='line_1_27' title="bbox 81 1391 1457 1441; baseline -0.001 -15"><span class='ocrx_word' id='word_1_277' title='bbox 81 1393 159 1426; x_wconf 85' lang='lat' dir='ltr'>dent</span> <span class='ocrx_word' id='word_1_278' title='bbox 177 1392 332 1435; x_wconf 87' lang='lat' dir='ltr'>arbitrio,</span> <span class='ocrx_word' id='word_1_279' title='bbox 346 1394 404 1438; x_wconf 87' lang='lat' dir='ltr'>qui</span> <span class='ocrx_word' id='word_1_280' title='bbox 414 1391 491 1426; x_wconf 73' lang='lat' dir='ltr'>alias</span> <span class='ocrx_word' id='word_1_281' title='bbox 513 1392 598 1440; x_wconf 81' lang='lat' dir='ltr'>leges</span> <span class='ocrx_word' id='word_1_282' title='bbox 616 1404 818 1441; x_wconf 81' lang='lat' dir='ltr'>proponere,</span> <span class='ocrx_word' id='word_1_283' title='bbox 836 1393 933 1427; x_wconf 82' lang='lat' dir='ltr'>aliam</span> <span class='ocrx_word' id='word_1_284' title='bbox 951 1404 1054 1427; x_wconf 88' lang='lat' dir='ltr'>rerum</span> <span class='ocrx_word' id='word_1_285' title='bbox 1066 1391 1178 1427; x_wconf 88' lang='lat' dir='ltr'>seriem</span> <span class='ocrx_word' id='word_1_286' title='bbox 1200 1394 1384 1441; x_wconf 76' lang='lat' dir='ltr'>excogitare</span> <span class='ocrx_word' id='word_1_287' title='bbox 1395 1404 1457 1440; x_wconf 86' lang='lat' dir='ltr'>po-</span> 
     </span>
     <span class='ocr_line' id='line_1_28' title="bbox 83 1439 219 1476; baseline 0 -1"><span class='ocrx_word' id='word_1_288' title='bbox 83 1439 219 1476; x_wconf 74' lang='lat' dir='ltr'>tuiffent.</span> 
     </span>
    </p>

    <p class='ocr_par' dir='ltr' id='par_1_6' title="bbox 84 1489 1459 1728">
     <span class='ocr_line' id='line_1_29' title="bbox 130 1489 1455 1536; baseline -0.003 -13"><span class='ocrx_word' id='word_1_289' title='bbox 130 1491 235 1523; x_wconf 78' lang='lat' dir='ltr'>Prima</span> <span class='ocrx_word' id='word_1_290' title='bbox 252 1490 396 1523; x_wconf 83' lang='lat' dir='ltr'>conditio</span> <span class='ocrx_word' id='word_1_291' title='bbox 408 1517 417 1531; x_wconf 88' lang='lat'>,</span> <span class='ocrx_word' id='word_1_292' title='bbox 439 1501 535 1534; x_wconf 74' lang='lat' dir='ltr'>quam</span> <span class='ocrx_word' id='word_1_293' title='bbox 554 1491 685 1536; x_wconf 82' lang='lat' dir='ltr'>exigunt</span> <span class='ocrx_word' id='word_1_294' title='bbox 699 1500 735 1522; x_wconf 88' lang='grc' dir='ltr'>ιιι</span> <span class='ocrx_word' id='word_1_295' title='bbox 749 1500 797 1522; x_wconf 85' lang='lat' dir='ltr'>res</span> <span class='ocrx_word' id='word_1_296' title='bbox 810 1491 843 1524; x_wconf 87' lang='lat' dir='ltr'>in</span> <span class='ocrx_word' id='word_1_297' title='bbox 861 1490 1024 1536; x_wconf 74' lang='lat' dir='ltr'>categoria</span> <span class='ocrx_word' id='word_1_298' title='bbox 1036 1500 1225 1536; x_wconf 80' lang='lat' dir='ltr'>reponatur,</span> <span class='ocrx_word' id='word_1_299' title='bbox 1236 1500 1273 1521; x_wconf 87' lang='lat' dir='ltr'>ea</span> <span class='ocrx_word' id='word_1_300' title='bbox 1286 1489 1327 1521; x_wconf 86' lang='lat' dir='ltr'>est</span> <span class='ocrx_word' id='word_1_301' title='bbox 1338 1500 1374 1522; x_wconf 91' lang='lat' dir='ltr'>ut</span> <span class='ocrx_word' id='word_1_302' title='bbox 1389 1499 1455 1521; x_wconf 87' lang='lat' dir='ltr'>ter-</span> 
     </span>
     <span class='ocr_line' id='line_1_30' title="bbox 84 1535 1459 1583; baseline -0.001 -12"><span class='ocrx_word' id='word_1_303' title='bbox 84 1536 187 1571; x_wconf 77' lang='lat' dir='ltr'>minus</span> <span class='ocrx_word' id='word_1_304' title='bbox 205 1535 268 1583; x_wconf 84' lang='lat' dir='ltr'>ipse</span> <span class='ocrx_word' id='word_1_305' title='bbox 284 1537 365 1570; x_wconf 75' lang='lat' dir='ltr'>nihil</span> <span class='ocrx_word' id='word_1_306' title='bbox 378 1535 495 1569; x_wconf 67' lang='lat' dir='ltr'>habeat</span> <span class='ocrx_word' id='word_1_307' title='bbox 504 1536 722 1583; x_wconf 70' lang='lat' dir='ltr'>ambiguitatis</span> <span class='ocrx_word' id='word_1_308' title='bbox 739 1563 747 1577; x_wconf 87' lang='lat'>‚</span> <span class='ocrx_word' id='word_1_309' title='bbox 759 1548 865 1582; x_wconf 88' lang='lat' dir='ltr'>neque</span> <span class='ocrx_word' id='word_1_310' title='bbox 877 1537 918 1569; x_wconf 87' lang='lat' dir='ltr'>ad</span> <span class='ocrx_word' id='word_1_311' title='bbox 931 1537 1050 1570; x_wconf 51' lang='lat' dir='ltr'>differia</span> <span class='ocrx_word' id='word_1_312' title='bbox 1060 1538 1221 1583; x_wconf 80' lang='lat' dir='ltr'>pertineat</span> <span class='ocrx_word' id='word_1_313' title='bbox 1232 1537 1459 1582; x_wconf 66' lang='lat' dir='ltr'>praedicamen-</span> 
     </span>
     <span class='ocr_line' id='line_1_31' title="bbox 86 1582 1458 1631; baseline 0.001 -13"><span class='ocrx_word' id='word_1_314' title='bbox 86 1595 129 1620; x_wconf 77' lang='lat' dir='ltr'>ta.</span> <span class='ocrx_word' id='word_1_315' title='bbox 143 1586 229 1619; x_wconf 83' lang='lat' dir='ltr'>Hinc</span> <span class='ocrx_word' id='word_1_316' title='bbox 245 1584 432 1619; x_wconf 77' lang='lat' dir='ltr'>Aristoteles</span> <span class='ocrx_word' id='word_1_317' title='bbox 449 1591 481 1619; x_wconf 76' lang='grc' dir='ltr'>ιο</span> <span class='ocrx_word' id='word_1_318' title='bbox 494 1582 627 1617; x_wconf 80' lang='lat' dir='ltr'>definire</span> <span class='ocrx_word' id='word_1_319' title='bbox 637 1582 741 1617; x_wconf 87' lang='lat' dir='ltr'>voluit</span> <span class='ocrx_word' id='word_1_320' title='bbox 752 1582 962 1631; x_wconf 75' lang='lat' dir='ltr'>homonyma,</span> <span class='ocrx_word' id='word_1_321' title='bbox 973 1595 1009 1618; x_wconf 91' lang='lat' dir='ltr'>ut</span> <span class='ocrx_word' id='word_1_322' title='bbox 1022 1596 1058 1617; x_wconf 76' lang='lat' dir='ltr'>ea</span> <span class='ocrx_word' id='word_1_323' title='bbox 1070 1584 1262 1619; x_wconf 79' lang='lat' dir='ltr'>excinderet.</span> <span class='ocrx_word' id='word_1_324' title='bbox 1276 1586 1360 1618; x_wconf 86' lang='lat' dir='ltr'>Cum</span> <span class='ocrx_word' id='word_1_325' title='bbox 1372 1586 1458 1619; x_wconf 80' lang='lat' dir='ltr'>enim</span> 
     </span>
     <span class='ocr_line' id='line_1_32' title="bbox 85 1631 1459 1681; baseline 0 -15"><span class='ocrx_word' id='word_1_326' title='bbox 85 1645 126 1666; x_wconf 85' lang='lat' dir='ltr'>eo</span> <span class='ocrx_word' id='word_1_327' title='bbox 145 1631 208 1667; x_wconf 81' lang='lat' dir='ltr'>fine</span> <span class='ocrx_word' id='word_1_328' title='bbox 220 1633 359 1666; x_wconf 81' lang='lat' dir='ltr'>instituta</span> <span class='ocrx_word' id='word_1_329' title='bbox 375 1631 410 1666; x_wconf 81' lang='lat' dir='ltr'>fit</span> <span class='ocrx_word' id='word_1_330' title='bbox 423 1635 584 1680; x_wconf 76' lang='lat' dir='ltr'>categoria</span> <span class='ocrx_word' id='word_1_331' title='bbox 594 1660 603 1674; x_wconf 88' lang='lat'><strong>‚</strong></span> <span class='ocrx_word' id='word_1_332' title='bbox 621 1644 656 1665; x_wconf 89' lang='lat' dir='ltr'>ur</span> <span class='ocrx_word' id='word_1_333' title='bbox 673 1633 790 1666; x_wconf 85' lang='lat' dir='ltr'>vitetur</span> <span class='ocrx_word' id='word_1_334' title='bbox 801 1631 966 1675; x_wconf 84' lang='lat' dir='ltr'>confusio,</span> <span class='ocrx_word' id='word_1_335' title='bbox 984 1634 1089 1668; x_wconf 85' lang='lat' dir='ltr'>omnis</span> <span class='ocrx_word' id='word_1_336' title='bbox 1102 1634 1236 1667; x_wconf 84' lang='lat' dir='ltr'>omnino</span> <span class='ocrx_word' id='word_1_337' title='bbox 1251 1631 1459 1681; x_wconf 73' lang='lat' dir='ltr'>ambiguitas,</span> 
     </span>
     <span class='ocr_line' id='line_1_33' title="bbox 85 1679 1005 1728; baseline 0.001 -13"><span class='ocrx_word' id='word_1_338' title='bbox 85 1693 156 1728; x_wconf 81' lang='lat' dir='ltr'>quae</span> <span class='ocrx_word' id='word_1_339' title='bbox 171 1679 391 1716; x_wconf 85' lang='lat' dir='ltr'>confusionem</span> <span class='ocrx_word' id='word_1_340' title='bbox 406 1683 486 1728; x_wconf 79' lang='lat' dir='ltr'>parit</span> <span class='ocrx_word' id='word_1_341' title='bbox 496 1709 505 1722; x_wconf 89' lang='lat'>,</span> <span class='ocrx_word' id='word_1_342' title='bbox 523 1679 543 1714; x_wconf 70' lang='grc' dir='ltr'><em>ὰ</em></span> <span class='ocrx_word' id='word_1_343' title='bbox 556 1683 717 1727; x_wconf 80' lang='lat' dir='ltr'>categoria</span> <span class='ocrx_word' id='word_1_344' title='bbox 729 1681 771 1714; x_wconf 86' lang='lat' dir='ltr'>est</span> <span class='ocrx_word' id='word_1_345' title='bbox 783 1682 1005 1716; x_wconf 77' lang='lat' dir='ltr'>removenda.-</span> 
     </span>
    </p>

    <p class='ocr_par' dir='ltr' id='par_1_7' title="bbox 88 1728 1467 2252">
     <span class='ocr_line' id='line_1_34' title="bbox 125 1728 1461 1784; baseline 0.001 -19"><span class='ocrx_word' id='word_1_346' title='bbox 125 1734 159 1765; x_wconf 88' lang='lat'>2⁰</span> <span class='ocrx_word' id='word_1_347' title='bbox 176 1728 234 1765; x_wconf 87' lang='lat' dir='ltr'>Ob</span> <span class='ocrx_word' id='word_1_348' title='bbox 253 1731 401 1763; x_wconf 78' lang='lat' dir='ltr'>eamdem</span> <span class='ocrx_word' id='word_1_349' title='bbox 415 1732 572 1763; x_wconf 76' lang='lat' dir='ltr'>rationem</span> <span class='ocrx_word' id='word_1_350' title='bbox 586 1741 765 1777; x_wconf 78' lang='lat' dir='ltr'>paronyrna</span> <span class='ocrx_word' id='word_1_351' title='bbox 779 1729 798 1762; x_wconf 75' lang='grc' dir='ltr'>ἐι</span> <span class='ocrx_word' id='word_1_352' title='bbox 814 1728 891 1763; x_wconf 85' lang='lat' dir='ltr'>serie</span> <span class='ocrx_word' id='word_1_353' title='bbox 906 1730 1087 1778; x_wconf 77' lang='lat' dir='ltr'>categorica</span> <span class='ocrx_word' id='word_1_354' title='bbox 1109 1729 1320 1769; x_wconf 62' lang='lat' dir='ltr'>excludunt-3:</span> <span class='ocrx_word' id='word_1_355' title='bbox 1333 1765 1341 1779; x_wconf 67' lang='lat'>‚</span> <span class='ocrx_word' id='word_1_356' title='bbox 1360 1736 1396 1770; x_wconf 66' lang='lat' dir='ltr'>m</span> <span class='ocrx_word' id='word_1_357' title='bbox 1409 1729 1461 1784; x_wconf 64' lang='lat' dir='ltr'>ju-</span> 
     </span>
     <span class='ocr_line' id='line_1_35' title="bbox 89 1777 1462 1827; baseline 0.009 -21"><span class='ocrx_word' id='word_1_358' title='bbox 89 1778 163 1821; x_wconf 61' lang='grc' dir='ltr'>(ως,</span> <span class='ocrx_word' id='word_1_359' title='bbox 175 1778 324 1812; x_wconf 70' lang='lat' dir='ltr'>candidus</span> <span class='ocrx_word' id='word_1_360' title='bbox 337 1807 345 1821; x_wconf 67' lang='lat'>‚</span> <span class='ocrx_word' id='word_1_361' title='bbox 364 1783 397 1814; x_wconf 86' lang='lat'>&amp;</span> <span class='ocrx_word' id='word_1_362' title='bbox 420 1777 540 1813; x_wconf 67' lang='lat' dir='ltr'>similia.</span> <span class='ocrx_word' id='word_1_363' title='bbox 560 1780 648 1814; x_wconf 85' lang='lat' dir='ltr'>Nam</span> <span class='ocrx_word' id='word_1_364' title='bbox 663 1790 701 1812; x_wconf 80' lang='lat' dir='ltr'>ea</span> <span class='ocrx_word' id='word_1_365' title='bbox 716 1790 783 1812; x_wconf 84' lang='lat' dir='ltr'>rem</span> <span class='ocrx_word' id='word_1_366' title='bbox 798 1777 975 1827; x_wconf 75' lang='lat' dir='ltr'>significant</span> <span class='ocrx_word' id='word_1_367' title='bbox 998 1778 1215 1816; x_wconf 73' lang='lat' dir='ltr'>modificatam</span> <span class='ocrx_word' id='word_1_368' title='bbox 1228 1812 1238 1825; x_wconf 90' lang='lat'>‚</span> <span class='ocrx_word' id='word_1_369' title='bbox 1259 1783 1462 1819; x_wconf 83' lang='lat' dir='ltr'>substantiam</span> 
     </span>
     <span class='ocr_line' id='line_1_36' title="bbox 88 1826 1463 1878; baseline 0.004 -17"><span class='ocrx_word' id='word_1_370' title='bbox 88 1839 160 1861; x_wconf 86' lang='lat' dir='ltr'>cum</span> <span class='ocrx_word' id='word_1_371' title='bbox 172 1827 336 1861; x_wconf 78' lang='lat' dir='ltr'>accidente</span> <span class='ocrx_word' id='word_1_372' title='bbox 352 1855 360 1869; x_wconf 90' lang='lat'>‚</span> <span class='ocrx_word' id='word_1_373' title='bbox 374 1839 504 1874; x_wconf 80' lang='lat' dir='ltr'>quaeque</span> <span class='ocrx_word' id='word_1_374' title='bbox 522 1826 606 1860; x_wconf 84' lang='lat' dir='ltr'>adeo</span> <span class='ocrx_word' id='word_1_375' title='bbox 619 1826 658 1862; x_wconf 87' lang='lat' dir='ltr'>ad</span> <span class='ocrx_word' id='word_1_376' title='bbox 680 1826 802 1863; x_wconf 78' lang='lat' dir='ltr'>diversa</span> <span class='ocrx_word' id='word_1_377' title='bbox 815 1831 980 1878; x_wconf 85' lang='lat' dir='ltr'>pertinent</span> <span class='ocrx_word' id='word_1_378' title='bbox 1000 1829 1257 1876; x_wconf 76' lang='lat' dir='ltr'>praedicamenta.</span> <span class='ocrx_word' id='word_1_379' title='bbox 1275 1834 1356 1865; x_wconf 86' lang='lat' dir='ltr'>Sunt</span> <span class='ocrx_word' id='word_1_380' title='bbox 1371 1835 1463 1867; x_wconf 72' lang='lat' dir='ltr'>enim&#39;</span> 
     </span>
     <span class='ocr_line' id='line_1_37' title="bbox 88 1875 1459 1927; baseline 0.004 -17"><span class='ocrx_word' id='word_1_381' title='bbox 88 1879 188 1918; x_wconf 77' lang='lat' dir='ltr'>entia,</span> <span class='ocrx_word' id='word_1_382' title='bbox 203 1886 240 1909; x_wconf 90' lang='lat' dir='ltr'>ut</span> <span class='ocrx_word' id='word_1_383' title='bbox 253 1887 371 1912; x_wconf 69' lang='lat' dir='ltr'>vocant</span> <span class='ocrx_word' id='word_1_384' title='bbox 386 1905 394 1920; x_wconf 91' lang='lat'><strong>,</strong></span> <span class='ocrx_word' id='word_1_385' title='bbox 412 1886 468 1925; x_wconf 77' lang='lat' dir='ltr'>per</span> <span class='ocrx_word' id='word_1_386' title='bbox 481 1875 627 1911; x_wconf 77' lang='lat' dir='ltr'>accidens</span> <span class='ocrx_word' id='word_1_387' title='bbox 640 1893 649 1919; x_wconf 87' lang='lat'>;</span> <span class='ocrx_word' id='word_1_388' title='bbox 666 1890 730 1912; x_wconf 88' lang='lat' dir='ltr'>non</span> <span class='ocrx_word' id='word_1_389' title='bbox 743 1880 834 1912; x_wconf 82' lang='lat' dir='ltr'>unius</span> <span class='ocrx_word' id='word_1_390' title='bbox 846 1906 855 1921; x_wconf 89' lang='lat'>,</span> <span class='ocrx_word' id='word_1_391' title='bbox 870 1877 921 1912; x_wconf 84' lang='lat' dir='ltr'>sed</span> <span class='ocrx_word' id='word_1_392' title='bbox 944 1877 1131 1926; x_wconf 70' lang='lat' dir='ltr'>mnitiplicis</span> <span class='ocrx_word' id='word_1_393' title='bbox 1148 1891 1278 1915; x_wconf 76' lang='lat' dir='ltr'>naturae.</span> <span class='ocrx_word' id='word_1_394' title='bbox 1300 1880 1383 1927; x_wconf 72' lang='lat' dir='ltr'>Q</span> <span class='ocrx_word' id='word_1_395' title='bbox 1403 1893 1459 1915; x_wconf 84' lang='lat' dir='ltr'>au-</span> 
     </span>
     <span class='ocr_line' id='line_1_38' title="bbox 89 1924 1463 1974; baseline 0.003 -14"><span class='ocrx_word' id='word_1_396' title='bbox 89 1925 205 1960; x_wconf 50' lang='lat' dir='ltr'>tem‘in</span> <span class='ocrx_word' id='word_1_397' title='bbox 226 1929 390 1974; x_wconf 78' lang='lat' dir='ltr'>categoria</span> <span class='ocrx_word' id='word_1_398' title='bbox 400 1937 615 1974; x_wconf 84' lang='lat' dir='ltr'>reponuntur,</span> <span class='ocrx_word' id='word_1_399' title='bbox 628 1927 719 1961; x_wconf 88' lang='lat' dir='ltr'>unius</span> <span class='ocrx_word' id='word_1_400' title='bbox 733 1924 791 1961; x_wconf 87' lang='lat' dir='ltr'>fint</span> <span class='ocrx_word' id='word_1_401' title='bbox 801 1937 920 1961; x_wconf 79' lang='lat' dir='ltr'>naturae</span> <span class='ocrx_word' id='word_1_402' title='bbox 929 1926 1050 1962; x_wconf 79' lang='lat' dir='ltr'>neceffe</span> <span class='ocrx_word' id='word_1_403' title='bbox 1065 1929 1108 1962; x_wconf 83' lang='lat' dir='ltr'>est</span> <span class='ocrx_word' id='word_1_404' title='bbox 1119 1957 1129 1971; x_wconf 88' lang='lat'>‚</span> <span class='ocrx_word' id='word_1_405' title='bbox 1138 1940 1191 1962; x_wconf 84' lang='lat' dir='ltr'>aut</span> <span class='ocrx_word' id='word_1_406' title='bbox 1204 1927 1370 1962; x_wconf 84' lang='lat' dir='ltr'>substantia</span> <span class='ocrx_word' id='word_1_407' title='bbox 1380 1958 1389 1972; x_wconf 84' lang='lat'>‚</span> <span class='ocrx_word' id='word_1_408' title='bbox 1405 1941 1463 1964; x_wconf 80' lang='lat' dir='ltr'>aut</span> 
     </span>
     <span class='ocr_line' id='line_1_39' title="bbox 92 1974 1462 2023; baseline 0.003 -15"><span class='ocrx_word' id='word_1_409' title='bbox 92 1975 240 2009; x_wconf 80' lang='lat' dir='ltr'>accidens</span> <span class='ocrx_word' id='word_1_410' title='bbox 251 2003 260 2017; x_wconf 89' lang='lat'>‚</span> <span class='ocrx_word' id='word_1_411' title='bbox 273 1986 328 2009; x_wconf 87' lang='lat' dir='ltr'>aut</span> <span class='ocrx_word' id='word_1_412' title='bbox 341 1987 402 2016; x_wconf 81' lang='lat' dir='ltr'>res,</span> <span class='ocrx_word' id='word_1_413' title='bbox 415 1986 470 2009; x_wconf 81' lang='lat' dir='ltr'>aut</span> <span class='ocrx_word' id='word_1_414' title='bbox 487 1975 600 2009; x_wconf 84' lang='lat' dir='ltr'>modus</span> <span class='ocrx_word' id='word_1_415' title='bbox 616 1989 624 2011; x_wconf 91' lang='lat'><strong>:</strong></span> <span class='ocrx_word' id='word_1_416' title='bbox 643 1974 843 2010; x_wconf 84' lang='lat' dir='ltr'>Nominibus</span> <span class='ocrx_word' id='word_1_417' title='bbox 860 1988 990 2023; x_wconf 90' lang='lat' dir='ltr'>quoque</span> <span class='ocrx_word' id='word_1_418' title='bbox 1004 1974 1203 2011; x_wconf 77' lang='lat' dir='ltr'>substantivis</span> <span class='ocrx_word' id='word_1_419' title='bbox 1223 1976 1397 2012; x_wconf 80' lang='lat' dir='ltr'>efferuntur</span> <span class='ocrx_word' id='word_1_420' title='bbox 1408 1989 1462 2013; x_wconf 87' lang='lat' dir='ltr'>:ut</span> 
     </span>
     <span class='ocr_line' id='line_1_40' title="bbox 93 2022 1462 2073; baseline 0.002 -16"><span class='ocrx_word' id='word_1_421' title='bbox 93 2022 209 2057; x_wconf 74' lang='lat' dir='ltr'>animal</span> <span class='ocrx_word' id='word_1_422' title='bbox 224 2051 233 2065; x_wconf 90' lang='lat'><em>,</em></span> <span class='ocrx_word' id='word_1_423' title='bbox 253 2023 351 2058; x_wconf 83' lang='lat' dir='ltr'>homo</span> <span class='ocrx_word' id='word_1_424' title='bbox 362 2053 371 2067; x_wconf 84' lang='lat'><em>‚</em></span> <span class='ocrx_word' id='word_1_425' title='bbox 383 2023 520 2071; x_wconf 83' lang='lat' dir='ltr'>justitia,</span> <span class='ocrx_word' id='word_1_426' title='bbox 535 2026 644 2060; x_wconf 73' lang='lat' dir='ltr'>virtus.</span> <span class='ocrx_word' id='word_1_427' title='bbox 661 2025 742 2058; x_wconf 87' lang='lat' dir='ltr'>Sunt</span> <span class='ocrx_word' id='word_1_428' title='bbox 757 2025 846 2059; x_wconf 88' lang='lat' dir='ltr'>enim</span> <span class='ocrx_word' id='word_1_429' title='bbox 864 2037 981 2072; x_wconf 80' lang='lat' dir='ltr'>genera</span> <span class='ocrx_word' id='word_1_430' title='bbox 993 2030 1026 2060; x_wconf 85' lang='lat'>&amp;</span> <span class='ocrx_word' id='word_1_431' title='bbox 1039 2024 1157 2073; x_wconf 85' lang='lat' dir='ltr'>species</span> <span class='ocrx_word' id='word_1_432' title='bbox 1170 2054 1178 2068; x_wconf 91' lang='lat'>,</span> <span class='ocrx_word' id='word_1_433' title='bbox 1199 2038 1269 2072; x_wconf 80' lang='lat' dir='ltr'>quae</span> <span class='ocrx_word' id='word_1_434' title='bbox 1288 2026 1462 2072; x_wconf 73' lang='lat' dir='ltr'>prce-dican-</span> 
     </span>
     <span class='ocr_line' id='line_1_41' title="bbox 92 2071 1467 2122; baseline 0.004 -18"><span class='ocrx_word' id='word_1_435' title='bbox 92 2083 143 2105; x_wconf 83' lang='lat' dir='ltr'>tur</span> <span class='ocrx_word' id='word_1_436' title='bbox 153 2073 185 2105; x_wconf 89' lang='lat' dir='ltr'>in</span> <span class='ocrx_word' id='word_1_437' title='bbox 198 2071 354 2118; x_wconf 73' lang='lat' dir='ltr'>quid,hoc</span> <span class='ocrx_word' id='word_1_438' title='bbox 363 2073 409 2106; x_wconf 85' lang='lat' dir='ltr'>est</span> <span class='ocrx_word' id='word_1_439' title='bbox 418 2101 427 2115; x_wconf 84' lang='lat'>‚</span> <span class='ocrx_word' id='word_1_440' title='bbox 442 2071 632 2107; x_wconf 84' lang='lat' dir='ltr'>substantive</span> <span class='ocrx_word' id='word_1_441' title='bbox 647 2101 655 2114; x_wconf 89' lang='lat'>‚</span> <span class='ocrx_word' id='word_1_442' title='bbox 671 2085 737 2106; x_wconf 87' lang='lat' dir='ltr'>non</span> <span class='ocrx_word' id='word_1_443' title='bbox 747 2073 923 2122; x_wconf 67' lang='lat' dir='ltr'>adjedive‚</span> <span class='ocrx_word' id='word_1_444' title='bbox 935 2086 971 2108; x_wconf 88' lang='lat' dir='ltr'>ut</span> <span class='ocrx_word' id='word_1_445' title='bbox 984 2086 1160 2122; x_wconf 70' lang='lat' dir='ltr'>paronyma</span> <span class='ocrx_word' id='word_1_446' title='bbox 1171 2103 1179 2117; x_wconf 91' lang='lat'>,</span> <span class='ocrx_word' id='word_1_447' title='bbox 1190 2087 1260 2120; x_wconf 80' lang='lat' dir='ltr'>quae</span> <span class='ocrx_word' id='word_1_448' title='bbox 1273 2075 1392 2108; x_wconf 87' lang='lat' dir='ltr'>idcirco</span> <span class='ocrx_word' id='word_1_449' title='bbox 1403 2075 1467 2109; x_wconf 87' lang='lat' dir='ltr'>de-&#39;</span> 
     </span>
     <span class='ocr_line' id='line_1_42' title="bbox 95 2119 1462 2170; baseline 0.001 -15"><span class='ocrx_word' id='word_1_450' title='bbox 95 2119 186 2155; x_wconf 83' lang='lat' dir='ltr'>finite</span> <span class='ocrx_word' id='word_1_451' title='bbox 205 2119 307 2153; x_wconf 90' lang='lat' dir='ltr'>voluit</span> <span class='ocrx_word' id='word_1_452' title='bbox 319 2120 503 2155; x_wconf 84' lang='lat' dir='ltr'>Aristoteles</span> <span class='ocrx_word' id='word_1_453' title='bbox 516 2132 570 2163; x_wconf 89' lang='lat' dir='ltr'>,ut</span> <span class='ocrx_word' id='word_1_454' title='bbox 582 2120 602 2156; x_wconf 72' lang='grc' dir='ltr'>ὲ</span> <span class='ocrx_word' id='word_1_455' title='bbox 624 2120 702 2155; x_wconf 88' lang='lat' dir='ltr'>serie</span> <span class='ocrx_word' id='word_1_456' title='bbox 717 2124 899 2170; x_wconf 85' lang='lat' dir='ltr'>categorica</span> <span class='ocrx_word' id='word_1_457' title='bbox 921 2134 958 2156; x_wconf 83' lang='lat' dir='ltr'>ea</span> <span class='ocrx_word' id='word_1_458' title='bbox 976 2122 1172 2165; x_wconf 57' lang='lat' dir='ltr'>excfiuderet,</span> <span class='ocrx_word' id='word_1_459' title='bbox 1188 2122 1275 2169; x_wconf 90' lang='lat' dir='ltr'>quod</span> <span class='ocrx_word' id='word_1_460' title='bbox 1299 2123 1336 2156; x_wconf 80' lang='lat' dir='ltr'>ad</span> <span class='ocrx_word' id='word_1_461' title='bbox 1354 2134 1462 2157; x_wconf 86' lang='lat' dir='ltr'>rerum</span> 
     </span>
     <span class='ocr_line' id='line_1_43' title="bbox 95 2169 1461 2220; baseline 0.004 -18"><span class='ocrx_word' id='word_1_462' title='bbox 95 2169 333 2203; x_wconf 63' lang='lat' dir='ltr'>distinetionern</span> <span class='ocrx_word' id='word_1_463' title='bbox 364 2182 430 2204; x_wconf 88' lang='lat' dir='ltr'>non</span> <span class='ocrx_word' id='word_1_464' title='bbox 453 2169 598 2218; x_wconf 65' lang='lat' dir='ltr'>spedtent</span> <span class='ocrx_word' id='word_1_465' title='bbox 619 2184 629 2205; x_wconf 67' lang='grc' dir='ltr'><strong>ε</strong></span> <span class='ocrx_word' id='word_1_466' title='bbox 649 2181 723 2204; x_wconf 87' lang='lat' dir='ltr'>cum</span> <span class='ocrx_word' id='word_1_467' title='bbox 740 2182 779 2204; x_wconf 80' lang='lat' dir='ltr'>ea</span> <span class='ocrx_word' id='word_1_468' title='bbox 799 2182 867 2218; x_wconf 81' lang='lat' dir='ltr'>quae</span> <span class='ocrx_word' id='word_1_469' title='bbox 884 2169 953 2206; x_wconf 89' lang='lat' dir='ltr'>sunt</span> <span class='ocrx_word' id='word_1_470' title='bbox 979 2171 1161 2220; x_wconf 75' lang='lat' dir='ltr'>multiplicis</span> <span class='ocrx_word' id='word_1_471' title='bbox 1187 2182 1305 2206; x_wconf 84' lang='lat' dir='ltr'>naturae</span> <span class='ocrx_word' id='word_1_472' title='bbox 1320 2171 1461 2207; x_wconf 86' lang='lat' dir='ltr'>confun-</span> 
     </span>
     <span class='ocr_line' id='line_1_44' title="bbox 97 2216 184 2252; baseline 0.034 -3"><span class='ocrx_word' id='word_1_473' title='bbox 97 2216 184 2252; x_wconf 84' lang='lat' dir='ltr'>dant.</span> 
     </span>
    </p>

    <p class='ocr_par' dir='ltr' id='par_1_8' title="bbox 100 2266 1463 2365">
     <span class='ocr_line' id='line_1_45' title="bbox 135 2266 1462 2316; baseline 0.001 -14"><span class='ocrx_word' id='word_1_474' title='bbox 135 2270 169 2308; x_wconf 78' lang='lat'>3⁰</span> <span class='ocrx_word' id='word_1_475' title='bbox 195 2271 254 2302; x_wconf 83' lang='lat' dir='ltr'>Ens</span> <span class='ocrx_word' id='word_1_476' title='bbox 270 2270 485 2316; x_wconf 79' lang='lat' dir='ltr'>categoricum</span> <span class='ocrx_word' id='word_1_477' title='bbox 505 2267 590 2302; x_wconf 77' lang='lat' dir='ltr'>reale</span> <span class='ocrx_word' id='word_1_478' title='bbox 613 2266 714 2302; x_wconf 87' lang='lat' dir='ltr'>debet</span> <span class='ocrx_word' id='word_1_479' title='bbox 734 2267 814 2306; x_wconf 80' lang='lat' dir='ltr'>esse,</span> <span class='ocrx_word' id='word_1_480' title='bbox 835 2280 948 2304; x_wconf 82' lang='lat' dir='ltr'>verum</span> <span class='ocrx_word' id='word_1_481' title='bbox 979 2273 1013 2304; x_wconf 66' lang='grc' dir='ltr'>δε</span> <span class='ocrx_word' id='word_1_482' title='bbox 1033 2267 1243 2316; x_wconf 83' lang='lat' dir='ltr'>completum.</span> <span class='ocrx_word' id='word_1_483' title='bbox 1264 2268 1363 2305; x_wconf 88' lang='lat' dir='ltr'>Unde</span> <span class='ocrx_word' id='word_1_484' title='bbox 1381 2281 1462 2316; x_wconf 81' lang='lat' dir='ltr'>quas</span> 
     </span>
     <span class='ocr_line' id='line_1_46' title="bbox 100 2314 1463 2365; baseline 0.004 -19"><span class='ocrx_word' id='word_1_485' title='bbox 100 2314 242 2349; x_wconf 85' lang='lat' dir='ltr'>recenset</span> <span class='ocrx_word' id='word_1_486' title='bbox 263 2316 444 2351; x_wconf 85' lang='lat' dir='ltr'>Aristoteles</span> <span class='ocrx_word' id='word_1_487' title='bbox 473 2317 661 2365; x_wconf 74' lang='lat' dir='ltr'>Categotias</span> <span class='ocrx_word' id='word_1_488' title='bbox 676 2345 685 2360; x_wconf 85' lang='lat'>‚</span> <span class='ocrx_word' id='word_1_489' title='bbox 713 2328 755 2351; x_wconf 87' lang='lat' dir='ltr'>eae</span> <span class='ocrx_word' id='word_1_490' title='bbox 787 2316 856 2352; x_wconf 87' lang='lat' dir='ltr'>sunt</span> <span class='ocrx_word' id='word_1_491' title='bbox 879 2329 957 2351; x_wconf 80' lang='lat' dir='ltr'>vera</span> <span class='ocrx_word' id='word_1_492' title='bbox 988 2318 1075 2350; x_wconf 78' lang='lat' dir='ltr'>entia</span> <span class='ocrx_word' id='word_1_493' title='bbox 1097 2344 1107 2358; x_wconf 81' lang='lat'>‚</span> <span class='ocrx_word' id='word_1_494' title='bbox 1132 2330 1198 2352; x_wconf 89' lang='lat' dir='ltr'>non</span> <span class='ocrx_word' id='word_1_495' title='bbox 1227 2319 1424 2365; x_wconf 69' lang='lat' dir='ltr'>privationss</span> <span class='ocrx_word' id='word_1_496' title='bbox 1450 2347 1463 2362; x_wconf 83' lang='lat'><strong><em>,</em></strong></span> 
     </span>
    </p>
   </div>
   <div class='ocr_carea' id='block_1_2' title="bbox 100 2363 1456 2461">
    <p class='ocr_par' dir='ltr' id='par_1_9' title="bbox 100 2363 1456 2461">
     <span class='ocr_line' id='line_1_47' title="bbox 100 2363 1456 2414; baseline 0.003 -19"><span class='ocrx_word' id='word_1_497' title='bbox 100 2373 153 2396; x_wconf 89' lang='lat' dir='ltr'>aut</span> <span class='ocrx_word' id='word_1_498' title='bbox 186 2366 398 2412; x_wconf 82' lang='lat' dir='ltr'>negationes,</span> <span class='ocrx_word' id='word_1_499' title='bbox 425 2376 478 2401; x_wconf 87' lang='lat' dir='ltr'>aut</span> <span class='ocrx_word' id='word_1_500' title='bbox 510 2368 597 2401; x_wconf 84' lang='lat' dir='ltr'>entia</span> <span class='ocrx_word' id='word_1_501' title='bbox 623 2364 738 2401; x_wconf 65' lang='lat' dir='ltr'>fictitia</span> <span class='ocrx_word' id='word_1_502' title='bbox 757 2393 769 2410; x_wconf 92' lang='lat'>‚</span> <span class='ocrx_word' id='word_1_503' title='bbox 790 2377 929 2414; x_wconf 84' lang='lat' dir='ltr'>quorum</span> <span class='ocrx_word' id='word_1_504' title='bbox 952 2363 1112 2414; x_wconf 84' lang='lat' dir='ltr'>dispositio</span> <span class='ocrx_word' id='word_1_505' title='bbox 1131 2365 1247 2401; x_wconf 86' lang='lat' dir='ltr'>nullius</span> <span class='ocrx_word' id='word_1_506' title='bbox 1275 2377 1358 2413; x_wconf 80' lang='lat' dir='ltr'>pene</span> <span class='ocrx_word' id='word_1_507' title='bbox 1378 2364 1456 2400; x_wconf 75' lang='lat' dir='ltr'>effer</span> 
     </span>
     <span class='ocr_line' id='line_1_48' title="bbox 1222 2417 1301 2461; baseline -0.038 -11"><span class='ocrx_word' id='word_1_508' title='bbox 1222 2417 1247 2450; x_wconf 85' lang='lat' dir='ltr'>P</span> <span class='ocrx_word' id='word_1_509' title='bbox 1281 2417 1301 2461; x_wconf 65' lang='lat'>5,-</span> 
     </span>
    </p>
   </div>
  </div>
 </body>
</html>
