1857 2745
582 115 747 151 PARS
798 115 1150 154 SECUNDA.
1507 136 1556 158 1·n

184 174 186 176 ’
210 164 258 198 Ex
275 163 313 197 iis
322 162 484 212 colligitur
494 164 573 212 quid
583 163 618 199 fit
631 168 814 201 enuntiatio
827 195 836 211 ‚
850 166 904 202 vel
919 164 1097 215 propositio
1111 169 1259 202 exterior.
1278 169 1367 204 Nam
1386 168 1457 204 satis
1477 150 1554 220 apte

120 218 122 220 '
171 211 212 246 ab
224 212 399 247 Aristotele
413 212 564 248 desinitur
576 242 586 257 ,
607 215 722 248 Oratio
734 215 897 260 affirmans
911 217 965 249 vel
982 228 1099 264 negans
1120 216 1250 263 aliquid
1265 218 1305 251 de
1327 218 1436 264 aliquo
1465 235 1475 252 :
1496 231 1554 254 aut
1572 239 1574 242 >

167 262 268 294 oratio
285 274 398 295 verum
414 261 798 311 velfizlfiaemfigm‘ficans.
815 265 917 314 Qod
933 263 955 299 fi
973 275 1111 311 utraque
1128 265 1192 299 haec
1205 265 1354 301 definitio
1369 267 1531 315 displiceat
1542 299 1551 311 ‚

166 309 256 355 quod
267 308 459 345 divisionifit
472 309 577 345 similis
591 340 602 355 ,
619 325 684 346 non
697 313 782 348 male
796 314 817 349 ἐι
832 313 996 349 nonnullis
1009 313 1161 349 definitur
1172 315 1286 349 Oratio
1300 317 1551 363 interpretativa

161 357 298 402 judicii‚·
312 358 508 395 veldernum
519 363 618 394 oratio
636 374 699 408 quiz
715 362 990 408 constatfubjeHo‚
1003 361 1158 397 attributo
1178 362 1216 398 Θ
1236 365 1362 413 copula.
1387 365 1470 411 Qae
1492 367 1549 400 de-

164 403 271 442 finitio
283 406 353 443 satis
365 408 412 442 est
427 407 572 458 legitima
584 437 595 453 ,
617 422 690 445 cum
702 422 808 447 totum
821 411 988 447 artificiale
999 440 1010 456 ,
1034 422 1070 446 ut
1091 411 1202 446 domus
1216 441 1226 457 ‚
1250 415 1375 461 optime
1399 426 1455 461 per
1476 427 1549 462 par-

165 463 214 489 tes
235 455 417 496 definiatur.

198 504 286 540 Cum
298 518 406 543 autem
420 508 594 558 propositio
617 511 663 544 ita
675 509 722 543 est
742 508 896 554 evidens,
922 520 959 545 ut
975 507 1119 543 adhibita
1139 503 1295 544 mediocri
1317 514 1497 547 attentione
1515 516 1546 547 ei

161 566 230 590 non
240 555 378 591 affentiri
390 571 456 593 non
471 558 644 607 poffimus,
675 570 742 594 tum
759 561 909 602 axioma,
929 569 984 593 aut
995 560 1205 606 principium,
1224 569 1280 593 aut
1301 571 1476 595 commune
1497 562 1547 597 ef-

161 602 265 638 fatum
281 605 348 639 dici
367 605 447 642 solet
466 621 473 643 :
491 607 684 644 aCicerone
701 610 943 656 pronuntiatum
966 607 1159 655 appellatur.
1190 608 1254 642 Sed
1281 606 1336 641 ubi
1354 607 1492 656 subjecti
1511 616 1543 647 &

160 652 313 688 attributi
323 658 483 691 connexio
491 670 558 693 non
575 658 679 692 statim
693 658 832 692 occurrit
842 654 1074 698 consideranti,
1100 667 1168 692 tum
1182 658 1277 692 variis
1292 656 1425 692 effertur
1437 662 1546 694 nomi-

159 700 266 738 nibus.
280 704 367 739 Nam
378 709 411 740 δι
420 705 597 752 propositio
607 712 640 742 ὅ(
649 707 778 750 quaestio
790 706 855 739 dici
865 704 946 739 solet
960 731 971 745 ‚
990 716 1146 752 quatenus
1164 717 1217 739 aut
1229 704 1397 753 probanda
1407 707 1450 741 est
1459 737 1468 750 ,
1489 720 1545 743 aut

157 752 200 785 ad
219 750 422 798 probandum
442 753 605 788 assumitur
623 767 630 789 :
654 752 693 787 sic
705 752 863 788 conclufio
877 764 913 788 ut
927 752 1066 800 probata
1080 782 1090 796 ,
1119 753 1288 789 theorema
1300 783 1309 797 ‚
1328 767 1401 789 cum
1416 757 1462 790 est
1473 770 1544 793 me-

157 798 397 848 respeculativa
413 817 423 844 ;
442 800 613 850 problema
622 814 702 837 vero
715 802 832 836 dicitur
845 831 855 845 ,
873 814 944 837 cum
963 801 1085 849 aliquid
1096 801 1281 838 faciendum
1293 807 1496 852 proponitur:
1508 818 1543 840 ut

156 851 278 884 cumin
291 851 483 885 Geometria
504 850 588 886 linea
608 852 651 886 est
665 850 819 886 bifariam
830 851 1026 886 dividenda:
1048 863 1234 898 quanquam
1253 851 1424 900 problema
1447 856 1544 889 etiam

157 899 223 933 dici
234 897 315 934 solet
325 897 585 947 propositio,quae
602 902 634 934 in
644 911 813 946 utramque
827 910 952 948 partem
967 901 1117 947 agitatur.
1138 901 1238 948 Qod
1257 913 1366 936 autem
1384 905 1542 951 praecipue

156 949 192 1033 ἔῃ
216 947 434 997 propositione
443 947 495 985 vel
502 948 625 997 judicio
637 950 811 998 quaeritur,
833 947 880 983 est
897 950 1030 993 veritaS,
1039 949 1080 983 de
1095 961 1159 996 qua
1175 949 1275 997 paulo
1294 948 1427 986 uberius
1440 963 1542 1001 agen.-

180 1007 246 1031 um.

602 1083 692 1131 QU
713 1084 752 1117 ΑΞ
775 1083 796 1118 S
817 1083 849 1118 T
871 1084 885 1118 1
905 1082 940 1118 O
993 1081 1046 1117 11.

491 1164 547 1200 De
564 1169 704 1201 veritate
718 1164 756 1201 (ῥ’
768 1166 919 1214 falsttate
937 1164 1196 1214 propofitlonum.

155 1245 219 1328 P
230 1246 459 1297 Raecipuatum
468 1248 576 1297 judicii
588 1277 597 1292 ‚
617 1259 687 1284 tum
698 1248 926 1283 enuntiationis
941 1249 1120 1295 proprietas
1140 1248 1174 1282 in
1190 1245 1252 1280 hoc
1271 1246 1399 1282 videtur
1414 1247 1514 1296 posita
1529 1276 1538 1290 ,

230 1297 266 1331 u't
278 1310 355 1332 vera
366 1297 402 1333 sit
414 1328 424 1342 ‚
436 1298 492 1334 vel
513 1297 602 1334 falsa.
621 1301 735 1344 Itaque
746 1309 830 1332 nunc
839 1297 1056 1344 expendamus
1073 1324 1082 1339 ,
1102 1304 1130 1331 10
1139 1297 1191 1331 An
1204 1298 1323 1331 veritas
1341 1297 1396 1332 soli
1418 1309 1538 1344 propo-

149 1341 254 1380 fitioni
267 1347 310 1380 ita
320 1351 515 1391 conveniat,
533 1359 569 1382 ut
585 1349 616 1382 in
633 1349 734 1396 prima
745 1348 863 1381 mentis
885 1345 1054 1380 functione
1066 1358 1133 1380 non
1147 1346 1340 1380 inveniatur.
1366 1360 1382 1380 2
1414 1344 1536 1382 Utrum

148 1395 258 1428 omnis
275 1395 449 1443 propositio
460 1396 494 1432 fit
505 1408 581 1430 vera
594 1407 650 1431 aut
666 1394 764 1431 falsa:
786 1395 868 1430 adeo
883 1405 918 1429 ut
933 1407 973 1429 ex
987 1392 1112 1429 duabus
1127 1394 1386 1430 contradictoriis
1398 1395 1438 1429 de
1449 1393 1537 1429 futu-

149 1452 187 1476 ro
201 1444 404 1492 contingenti
417 1458 478 1480 una
495 1443 530 1479 sit
544 1457 620 1479 vera
632 1444 849 1478 determinate
858 1471 869 1485 ‚
883 1442 984 1478 altera
993 1440 1136 1478 fitfalsa.

444 1527 473 1561 A
500 1525 588 1558 RT
614 1523 897 1557 ICUssLUS
938 1521 1208 1558 PRIMUS.

328 1606 392 1641 ‘An
408 1606 549 1656 fimplex
571 1601 771 1654 apprehensto
791 1604 942 1637 veritatis
961 1600 999 1637 ὠ
1014 1602 1173 1648 falfitatis
1185 1601 1232 1648 fit
1253 1611 1370 1650 capax.

245 1691 344 1724 Eritas
359 1687 457 1736 vulgo
470 1686 586 1736 triplex
598 1684 947 1732 distinguitur-,Veritas
967 1684 1013 1718 rei
1027 1683 1128 1729 ,⁹quae
1143 1688 1177 1721 &
1192 1682 1416 1718 transcendens
1430 1684 1531 1718 etiam

245 1737 443 1786 appellatur,
462 1748 598 1784 quaeque
617 1734 659 1768 est
673 1732 885 1768 conformitas
898 1735 943 1767 rei
967 1744 1042 1768 curn
1059 1731 1114 1767 suo
1133 1731 1328 1780 exemplari,
1351 1731 1404 1766 vel
1416 1743 1452 1766 ut
1463 1731 1532 1765 aliis

143 1785 270 1834 placet,
290 1785 501 1821 conformitas
516 1788 561 1819 rei
578 1796 651 1818 cum
664 1780 722 1816 suis
743 1783 916 1830 principiis.
933 1781 984 1817 Est
999 1784 1093 1830 igitur
1107 1783 1222 1816 veritas
1238 1779 1531 1821 transceiidentalis‚

52 1864 53 1867 η
93 1829 106 1844 “
143 1846 209 1882 qua
220 1835 343 1883 aliquid
354 1836 469 1869 dicitur
487 1846 600 1868 vetum
610 1844 663 1866 ens
675 1846 682 1866 :
695 1842 731 1865 ut
744 1842 855 1865 aurum
874 1831 920 1865 est
934 1842 1065 1872 verum,
1085 1842 1157 1864 cum
1171 1841 1319 1864 naturam
1333 1827 1435 1863 habet
1452 1831 1531 1869 auri,

142 1896 211 1920 non
221 1884 304 1919 illius
318 1884 472 1918 duntaxat
482 1881 721 1917 similitudinem
731 1882 923 1914 exteriorem
941 1881 1035 1928 gerit.
1061 1877 1182 1914 Falsum
1195 1877 1241 1912 est
1257 1906 1268 1922 ‚
1291 1875 1313 1913 s:
1326 1876 1465 1926 speciem
1473 1888 1531 1912 au-

143 1935 173 1967 ri
182 1933 283 1968 oculis
296 1932 442 1980 subjiciat
458 1961 469 1976 ‚
494 1944 569 1970 cuni
585 1928 665 1965 nihil
683 1926 720 1962 sit
737 1956 747 1971 ,
769 1926 824 1962 nifi
841 1928 1070 1963 aurichalcum.

177 1982 322 2018 Secunda
332 1982 379 2016 est
390 1984 508 2016 veritas
519 1979 716 2029 cognitionis
732 2005 742 2020 ,
763 1989 832 2022 quae
848 1976 976 2012 definiri
989 1976 1070 2011 solet
1080 2004 1090 2019 ,
1108 1975 1321 2011 conformitas
1334 1976 1529 2024 cognitionis

140 2042 214 2066 cum
232 2044 266 2066 te
283 2033 412 2080 cognita
422 2059 432 2075 ,
443 2042 480 2066 ut
489 2030 572 2066 illius
582 2026 699 2063 falsitas
713 2024 967 2062 indifforniitate
977 2055 987 2071 ‚
999 2037 1035 2062 ut
1051 2027 1141 2061 aiunt
1154 2054 1164 2069 ,
1179 2037 1251 2060 cum
1270 2036 1305 2058 re
1324 2025 1454 2072 cognita
1469 2036 1531 2072 po-

140 2079 196 2116 fita
210 2081 262 2116 est.

176 2131 288 2165 Tertia
300 2129 346 2164 est
364 2131 481 2165 veritas
494 2126 664 2163 locutionis
681 2153 691 2167 ‚
719 2138 786 2172 quae
804 2127 919 2161 iterum
938 2126 985 2160 est
1004 2124 1138 2173 duplex:
1163 2136 1234 2158 cum
1253 2125 1341 2158 enim
1360 2120 1462 2155 sermo
1477 2133 1528 2155 re-

142 2177 202 2212 bus
219 2178 288 2227 ipsis
303 2180 471 2227 congruit,
494 2188 562 2211 tum
577 2187 669 2210 verus
687 2174 821 2209 dicitur:
843 2174 898 2210 ubi
911 2175 950 2209 ad
974 2176 1197 2223 cognitionem
1207 2171 1368 2219 loquentis
1380 2170 1526 2212 refertur,

143 2237 211 2261 turn
219 2240 316 2261 verax
329 2229 524 2263 nominatur.
537 2225 587 2260 Est
601 2226 689 2258 enim
696 2225 820 2258 -veritas
833 2236 887 2258 aut
904 2222 1021 2259 falsitas
1034 2226 1066 2258 in
1078 2223 1242 2256 locutione
1253 2249 1261 2263 ‚
1289 2218 1364 2253 cum
1377 2231 1415 2253 ea
1432 2217 1527 2253 rebus

142 2279 282 2310 concinit
294 2304 303 2317 ,
320 2288 376 2311 aut
393 2275 528 2311 dissonat
553 2289 561 2310 ε
596 2272 648 2307 sed
660 2284 787 2306 veraces
799 2272 933 2307 dicimur
950 2284 1003 2306 aut
1020 2272 1192 2307 mendaces
1203 2298 1211 2312 ‚
1227 2280 1264 2303 ut
1287 2267 1389 2302 sermo
1404 2269 1530 2316 cogita.-

142 2326 223 2358 tion'i
245 2324 356 2358 nostrae
369 2326 524 2360 convenit
540 2353 550 2367 ,
573 2333 630 2357 aut
650 2320 692 2354 ab
720 2332 757 2354 ea
771 2319 937 2405 discrespat.
963 2323 1013 2354 Sic
1035 2322 1093 2366 qui
1105 2317 1217 2353 falsum
1228 2318 1323 2363 dicit,
1344 2330 1410 2351 non
1424 2318 1528 2351 conti⁴

870 2382 886 2405 e

139 2385 206 2409 nuo
224 2374 378 2409 mentitur
392 2401 402 2418 ‚
420 2372 476 2410 nisi
496 2376 520 2408 is
533 2373 684 2421 loquatur
699 2368 791 2405 aliter
803 2382 838 2404 ac
889 2371 962 2419 ntit.
986 2370 1084 2406 Nunc
1107 2368 1147 2403 de
1169 2369 1309 2449 verita?
1332 2366 1530 2422 cognitionis

1333 2426 1364 2460 11]
