1857 2745
281 119 303 150 4
646 103 1280 147 '1N5T1TUT10NES-

315 177 354 209 3⁷.
367 160 491 198 Visilla
508 164 539 197 in
549 172 583 196 te
601 161 716 208 quavis
735 158 837 208 posita
876 160 942 206 qua
957 157 1080 194 sensum
1099 158 1245 206 aliquem
1267 159 1371 208 potest
1389 155 1517 194 afficere
1531 186 1538 195 ,
1563 156 1678 192 dicitur

279 211 424 262 patibilis
442 210 591 258 qualitas:
607 222 644 244 ur
655 207 954 252 color,s0nus‚caior
965 214 996 245 E<
1010 208 1118 257 frigus.
1139 209 1226 243 Cum
1240 210 1380 256 qualitas
1395 206 1448 242 illa
1463 206 1531 244 cito
1549 204 1655 243 tranfit
1666 234 1677 250 ,

279 260 380 312 paffio
393 260 511 293 dicitur
522 288 530 302 ,
553 270 589 294 ut
601 257 700 293 rubor
716 260 773 304 qui
794 258 911 292 faciem
926 270 965 291 cx
977 258 1099 305 pudore
1114 256 1278 294 suffundit.

315 325 338 357 4
354 335 362 344 .
377 311 488 344 Forma
506 320 561 343 aut
579 307 697 356 speciss
711 307 819 341 dicitu
837 318 881 353 qu
896 306 975 339 >litas
989 319 1059 352 quae
1072 306 1173 341 oculis
1188 319 1337 356 apparet:
1352 305 1452 356 figura
1467 305 1546 342 vero
1557 306 1599 341 est
1610 305 1678 355 spa.

279 361 364 394 tium
375 370 414 392 ex
426 361 519 393 omni
532 368 621 407 parte
637 355 778 392 clausum
792 369 799 390 ε
820 368 856 390 ut
879 354 1014 390 menius
1025 384 1036 399 ‚
1053 356 1238 405 triangulum

315 406 436 443 Relata
452 406 521 442 sunt
531 420 602 456 quae
617 408 703 441 irre-t
715 405 744 440 se
759 406 901 440 invicem
922 416 1197 453 comparantur‚ac
1214 405 1329 440 relatio
1344 406 1385 440 est
1399 409 1492 440 unius
1505 418 1579 440 curn
1595 403 1680 438 alte..

278 470 317 492 ro
329 458 541 505 comparatio.
550 459 600 491 Sic
610 455 667 491 ubi
679 457 744 491 duo
755 456 894 503 parietes
905 453 1028 491 aibistu
1039 454 1106 488 dure
1117 454 1207 489 lineat
1218 458 1302 490 inter
1317 454 1345 489 se
1360 455 1680 497 conferuntur,com-

277 508 407 556 ptrario
426 505 481 540 illa
497 509 659 555 parietum
673 506 790 540 dicitur
802 503 976 539 similitudo
988 533 996 546 ,
1009 502 1028 537 si
1038 516 1175 551 uterque
1188 505 1306 539 eodem
1324 504 1434 538 colore
1447 506 1589 553 tingatur
1607 517 1616 539 ι
1639 501 1680 537 fic

278 556 400 591 relatio
416 554 573 591 linearum
586 557 646 589 erit
663 554 827 602 aequalitas
838 567 891 588 v„ur
906 553 1116 600 inaequalitaS.
1134 556 1213 588 Duae
1228 556 1328 602 igitur
1337 553 1427 587 lineae
1438 581 1448 597 ‚
1468 565 1524 588 aut
1544 554 1609 587 duo
1623 564 1680 599 pa-

279 607 401 649 rietes,
417 607 477 652 qui
496 606 535 639 ad
549 605 579 640 se
594 616 710 640 mutuo
722 603 927 646 referuntur,
947 605 1047 637 reiata
1060 603 1124 636 dici
1137 601 1250 638 solent.
1273 604 1406 636 Horum
1422 615 1521 637 unum
1539 603 1582 635 est
1605 600 1680 636 sub-

274 656 399 702 je&uni
411 683 421 698 ,
437 653 576 690 alterum
590 657 743 689 terminus
759 669 767 697 3
803 653 1051 688 fundamentum
1064 650 1145 687 vero
1172 652 1206 686 id
1219 652 1335 686 dicitur
1349 655 1435 699 cujus
1447 653 1480 685 vi
1494 651 1597 699 potest
1611 650 1683 685 fieri

279 707 499 752 comparatio,
516 716 553 739 ut
571 703 692 738 albedo
711 705 744 737 in
761 701 940 751 parietibus
961 702 1002 735 est
1018 701 1268 736 fundamentum
1294 700 1520 736 fimfiitudinis.
1545 700 1681 735 Relatio

279 752 334 787 seu
346 751 506 788 habitudo
515 756 613 802 patris
623 753 663 787 ad
683 752 786 788 filium
797 752 913 785 dicitur
924 751 1101 799 paternitas
1114 779 1123 792 ‚
1138 748 1314 797 subjeetum
1329 749 1411 783 iilius
1430 751 1472 785 est
1484 761 1574 798 patet
1588 767 1595 790 3
1615 760 1681 783 ter-

280 804 387 837 minus
400 815 474 836 cum
488 815 556 850 quo
569 815 659 851 pater
677 806 883 850 comparatur
893 830 902 843 ‚
919 801 961 834 est
975 798 1058 834 filius
1071 812 1078 834 ε
1099 801 1182 833 ratio
1194 812 1247 833 cur
1262 798 1297 833 sit
1312 811 1414 846 pater,
1433 800 1476 833 est
1486 802 1561 847 quia
1580 798 1681 834 filium

279 853 406 900 genuit.
424 853 539 898 Itaque
548 851 797 887 fundamentum
809 850 902 896 hujus
917 849 1082 883 relationis
1097 848 1140 882 est
1151 851 1328 896 generatio.
1357 849 1503 896 Reliqua
1529 850 1682 898 praedica-

281 911 392 935 menta
408 901 442 934 in
466 902 586 948 Logica
606 910 818 948 exponentur-

317 948 640 996 Postpraedicamenta
653 949 802 982 dicuntur
816 944 1007 981 affcfflones
1019 973 1027 986 ‚
1045 943 1099 978 seu
1113 946 1326 992 proprietates
1343 946 1488 993 quaedam
1503 945 1683 995 generales,

279 1010 350 1045 quae
365 1010 404 1031 ex
414 999 659 1044 comparatione
671 997 994 1043 praedicarnentorum
1010 996 1093 1027 inter
1106 993 1136 1027 se
1161 996 1319 1030 oriuntur.

309 1048 357 1081 Ac
369 1047 475 1093 primo
487 1044 584 1079 nobis
615 1054 788 1079 occurrunt
804 1040 950 1090 opposita
963 1070 972 1084 ,
994 1053 1064 1088 quae
1080 1042 1112 1075 in
1128 1053 1267 1088 quatuor
1288 1041 1408 1090 species
1423 1042 1566 1080 secantur
1583 1058 1591 1079 :
1611 1043 1682 1080 sunt

282 1097 370 1129 enim
385 1093 486 1128 relata
500 1123 509 1137 ,
535 1095 696 1128 contraria
708 1122 717 1136 ,
734 1094 897 1141 privativa
915 1095 948 1125 &
961 1091 1222 1126 contradictoria.
1235 1091 1387 1127 Relativa
1398 1092 1558 1141 oppositio
1577 1093 1620 1127 est
1630 1095 1681 1128 in-

282 1155 331 1178 ter
349 1144 428 1178 duos
449 1146 603 1177 terminos
613 1145 669 1190 qui
683 1144 767 1178 inter
783 1140 814 1176 se
826 1151 1054 1188 comparantur
1065 1167 1075 1182 ‚
1098 1152 1134 1175 ut
1157 1142 1238 1176 inter
1250 1153 1378 1194 patrem
1393 1147 1425 1178 &
1438 1141 1560 1187 filium3
1576 1155 1682 1191 oppo-

280 1191 352 1228 fitio
369 1195 532 1227 contraria
546 1194 629 1227 inter
643 1192 707 1226 duo
720 1191 919 1233 accidentia,
935 1201 1006 1235 quae
1019 1187 1073 1223 sub
1090 1189 1208 1224 eodem
1222 1203 1342 1238 genere
1357 1189 1457 1239 posita
1471 1194 1612 1226 maxime
1630 1194 1682 1227 in-

282 1254 332 1276 ter
349 1240 379 1276 se
389 1242 505 1276 distant
519 1269 528 1283 ‚
551 1254 589 1276 ut
610 1243 693 1276 inter
704 1244 859 1277 virtutem
877 1244 910 1275 &
927 1240 1045 1273 vitium
1060 1267 1069 1281 ,
1087 1238 1230 1274 calorem
1250 1245 1283 1276 δ(
1306 1239 1424 1289 frigus:
1441 1243 1607 1288 privativa
1622 1254 1683 1289 op·

281 1289 398 1340 positio
409 1293 494 1326 inter
512 1291 651 1326 formam
665 1297 699 1329 &
713 1295 779 1339 ejus
794 1290 1014 1339 privationem
1025 1289 1210 1332 intercedit,
1226 1300 1262 1323 ut
1275 1291 1358 1324 inter
1371 1302 1512 1324 mortem
1525 1297 1558 1327 &
1569 1292 1683 1328 vitam:

281 1341 535 1376 contradicmria
547 1342 631 1376 inter
646 1352 701 1379 ens
713 1347 747 1379 &
761 1353 828 1377 non
838 1349 894 1373 ens
910 1353 919 1381 ;
932 1349 969 1372 ut
983 1338 1084 1373 homo
1103 1342 1136 1374 ὃ(
1158 1351 1226 1374 non
1239 1338 1340 1373 horno
1355 1340 1607 1376 contradictorie
1621 1353 1683 1390 op-

280 1401 458 1439 ponuntur.

318 1455 345 1476 2.
355 1439 468 1475 Unum
481 1441 566 1487 prius
579 1439 696 1473 dicitur
709 1437 813 1472 altero
831 1467 838 1477 ‚
857 1437 910 1473 vel
924 1449 1082 1484 tempore,
1097 1436 1152 1471 vel
1160 1449 1271 1472 natura
1289 1449 1346 1472 :ut
1367 1435 1411 1472 sol
1423 1440 1511 1485 prior
1527 1439 1571 1473 est
1584 1438 1683 1475 lurni..

281 1500 345 1529 ne3
363 1487 417 1521 vel
429 1488 584 1523 existendi
592 1487 817 1523 consecutione
829 1515 841 1531 ,
865 1499 903 1522 ut
921 1486 1041 1523 animal
1057 1488 1144 1536 prius
1162 1486 1368 1528 (sthomine3
1393 1487 1445 1522 vel
1469 1488 1583 1522 ordlne
1602 1517 1613 1532 ‚
1629 1488 1685 1524 vel

281 1538 453 1585 dignitate.

316 1601 338 1631 3.
351 1586 457 1621 Simili
467 1587 594 1620 ratione
614 1583 704 1633 plura
718 1582 788 1618 sunt
800 1582 907 1621 simul,
923 1582 978 1618 vel
998 1595 1147 1631 tempore
1160 1611 1171 1627 ,
1186 1583 1239 1619 vel
1256 1596 1369 1620 natura
1383 1613 1393 1628 ‚
1418 1596 1454 1619 ut
1472 1584 1573 1620 relata
1591 1602 1601 1630 3
1628 1585 1684 1621 vel

281 1633 460 1677 divisione,
477 1646 514 1668 ut
524 1633 643 1682 species
664 1633 773 1667 eidem
790 1635 903 1683 generi
920 1631 1082 1680 subjeetae.

323 1697 362 1729 4.
379 1686 485 1718 Variae
497 1683 612 1718 itidem
628 1693 735 1717 motus
748 1680 866 1730 species
882 1692 1108 1724 numerantur,
1123 1684 1294 1728 generatio
1315 1685 1486 1724 nimirum,
1504 1685 1683 1730 corruptio,

282 1735 424 1768 accretio
437 1762 446 1776 ,
461 1734 648 1767 imminutio
661 1760 671 1774 ‚
685 1729 836 1767 alteratio
849 1761 859 1775 ‚
881 1737 917 1768 &
929 1742 1038 1766 motus
1057 1728 1167 1765 localis
1177 1760 1187 1774 ‚
1212 1731 1252 1766 de
1265 1731 1380 1779 quibus
1398 1734 1430 1767 in
1446 1729 1588 1780 Physica.
1614 1736 1682 1768 Va-

281 1784 347 1817 rios
364 1782 480 1817 itidem
490 1780 675 1817 Aristoteles
686 1779 781 1817 affert
792 1781 907 1817 modos
919 1779 1064 1816 habendi
1075 1781 1134 1828 qui
1149 1793 1219 1816 non
1232 1783 1343 1829 magni
1353 1781 1424 1817 sunt
1437 1780 1519 1818 usus·

284 1857 1681 1896 Qfflfflfflwnmfflofflmofflwmmfflan

559 1912 879 1954 SECTIO
946 1911 971 1950 S
1005 1911 1363 1953 ECUNDA.

626 1996 684 2029 De
707 1988 952 2029 enuntiatione
965 2018 978 2035 ,
1002 1998 1064 2027 aut
1082 1987 1325 2045 propositione.

703 2116 735 2152 C
759 2118 934 2154 APUT
981 2116 1261 2152 PRIMUM.

662 2185 751 2233 Qid
758 2184 804 2231 fit
819 2185 996 2219 enuntiatio
1009 2212 1019 2227 ,
1039 2182 1079 2219 (ῥ’
1099 2183 1288 2233 quotuplex.

283 2263 527 2348 ENuntiatio
539 2266 592 2301 vel
607 2263 781 2315 propositio
789 2263 887 2314 vuigo
904 2264 1078 2301 definitur.
1094 2267 1193 2299 oratio
1205 2263 1367 2309 affirmans
1386 2266 1444 2301 vel
1451 2277 1587 2310 nefansu-
1612 2278 1681 2312 aut,

354 2316 453 2347 oratfo
465 2327 544 2348 vora
563 2317 620 2349 vel
632 2316 729 2416 &lgm
744 2327 818 2350 curn
833 2316 921 2349 enim
937 2327 1028 2350 mens
1043 2314 1147 2362 plures
1159 2315 1245 2350 ideas
1259 2316 1343 2349 inter
1363 2315 1394 2350 se
1407 2329 1573 2364 comparat
1589 2347 1599 2361 ,
1628 2318 1681 2353 af.

697 2378 708 2399 ι

284 2362 393 2399 firmat
405 2392 416 2408 ,
433 2361 456 2399 si
466 2362 537 2400 illas
553 2370 672 2414 conjun
711 2376 723 2400 t
739 2381 749 2409 3
765 2375 865 2415 negat
879 2362 960 2402 vero
968 2393 980 2411 ,
1001 2363 1023 2402 fi
1039 2376 1091 2401 eas
1107 2375 1144 2401 ut
1165 2363 1251 2402 male
1265 2365 1351 2402 inter
1371 2364 1404 2403 se
1420 2365 1616 2406 cohaerentes
1630 2367 1679 2402 di.-
