1857 2745
380 145 441 180 242
850 128 1322 167 PHILOSOPHIA

378 179 578 222 naturalem,
591 190 646 214 aut
659 176 906 215 inclinationem
923 177 1022 214 rebus
1038 177 1181 215 tribuere
1192 209 1201 224 ‚
1221 178 1276 216 nifi
1295 179 1381 217 forte
1398 179 1656 228 metaphoricam
1671 209 1681 226 ,
1699 181 1787 218 &ad

376 228 467 277 vulgi
478 238 611 276 captum
628 226 924 264 accommodatam.
944 229 1055 278 Qare
1075 228 1227 278 ejusmodi
1243 242 1341 264 voces
1359 259 1368 274 ‚
1398 229 1515 278 quibus
1529 229 1615 266 nulla
1631 243 1680 265 res
1694 241 1784 267 certa

375 282 412 315 δε
431 277 575 312 distincta
594 275 780 327 subjicitur,
812 289 973 325 quantum
999 277 1069 314 fieri
1093 279 1222 326 potest,
1244 281 1261 317 ὲ
1280 278 1488 329 Philosophia
1508 278 1670 329 pellendae
1691 279 1786 324 sunt,
1838 318 1840 322 ,

376 324 466 373 quod
486 325 569 362 nihil
585 325 645 364 fint
665 326 863 378 plerumque
883 340 997 377 praeter
1021 330 1215 378 ignorantiae
1238 330 1351 366 nostrae
1374 330 1544 380 perfugia,
1572 339 1610 365 ut
1630 327 1689 365 suis
1706 329 1785 366 locis
1830 346 1831 349 ¹

375 375 594 413 ostendemus.

810 426 1252 466 ARTICULUS
1288 431 1349 466 ΙΙ.

758 525 919 573 Qomoa'o
930 524 1026 573 bestia
1042 537 1144 577 agant
1153 537 1286 577 propter
1295 526 1404 574 finem.

373 625 502 714 HIS
517 624 631 672 itaque
655 623 825 674 explicatis
839 654 849 670 ,
874 625 1042 663 videamus
1063 624 1233 676 quomodo
1254 623 1364 659 bestiae
1386 602 1641 674 agant-propter
1663 622 1785 668 finem;

475 687 515 710 an
529 671 725 723 cognoscant
740 673 840 711 finem
851 704 862 719 ,
873 687 909 711 ut
920 674 1034 722 finem,
1053 677 1142 726 quod
1157 675 1201 711 est
1211 685 1309 723 agere
1321 686 1454 723 propter
1468 672 1567 709 finem
1579 673 1783 710 formaliter:

375 739 418 762 an
427 725 550 762 nullam
559 721 703 760 habeant
715 727 939 774 cognitionem
952 725 1022 761 finis
1034 756 1043 770 ,
1058 738 1093 761 ut
1110 724 1183 761 finis
1199 724 1246 758 est
1254 751 1265 768 ,
1286 721 1337 758 sed
1353 736 1424 760 rem
1440 723 1609 768 duntaxat,
1621 735 1692 772 quae
1706 721 1782 761 finis

373 776 438 822 est,
459 784 624 822 utcunque
640 776 831 824 percipiant.
848 775 898 810 Sit
911 776 1008 824 igitur
1017 776 1057 810 de
1069 775 1187 810 belluis
1201 802 1213 818 ,

906 857 1016 892 Vnica
1041 857 1160 892 Conclu
1156 856 1216 902 fio.

420 924 536 959 Bestiae
552 924 704 961 videntur
720 935 817 973 agere
827 935 962 973 propter
976 923 1075 959 finem
1095 925 1197 958 etiam
1218 921 1403 958 formaliter
1414 948 1424 965 ,
1441 920 1495 956 sed
1514 919 1709 969 imperfecte
1721 920 1780 957 ad-

375 973 525 1010 modum.

410 1020 574 1056 Probatur
586 1021 749 1068 conclufio.
780 1021 888 1055 Bestiae
910 1024 1053 1057 nituntur
1079 1021 1113 1055 in
1130 1019 1229 1055 finem
1242 1047 1252 1061 ‚
1289 1031 1326 1053 ut
1348 1017 1407 1053 fibi
1431 1018 1558 1055 bonum
1571 1047 1581 1063 ,
1613 1024 1649 1056 &
1669 1030 1728 1068 per
1747 1017 1780 1054 se

379 1069 597 1117 expetibilem
619 1098 629 1112 ,
655 1074 690 1105 &
716 1069 823 1102 media
851 1082 922 1116 quae
953 1069 1133 1117 perducunt
1161 1068 1201 1101 ad
1228 1067 1327 1102 finem
1340 1096 1350 1110 ,
1398 1079 1424 1103 it
1451 1067 1675 1104 consecutioni
1705 1067 1778 1104 finis

373 1119 468 1152 utilia
477 1117 636 1153 assumunt
650 1118 760 1164 :atqui
778 1116 840 1150 hoc
855 1119 899 1152 est
916 1129 1012 1166 agere
1024 1128 1157 1165 propter
1167 1115 1266 1151 finem
1280 1116 1469 1151 formaliter.
1489 1118 1579 1152 Cum
1593 1129 1701 1153 tamen
1715 1119 1779 1153 im-

372 1167 520 1215 perfecte
529 1166 705 1202 admodum
715 1164 910 1214 cognoscant
920 1169 1167 1215 proportionem
1177 1178 1250 1213 quae
1267 1166 1310 1200 est
1319 1168 1404 1200 inter
1414 1167 1520 1201 media
1533 1171 1567 1203 &
1579 1165 1680 1202 finem
1690 1196 1700 1211 ‚
1719 1179 1778 1203 ne-

375 1228 440 1263 que
461 1215 524 1251 sese
537 1216 579 1250 ad
595 1214 760 1264 agendum
775 1215 997 1252 determinent
1008 1245 1017 1259 ,
1032 1215 1086 1251 sed
1106 1216 1252 1263 quodam
1271 1227 1391 1250 naturae
1404 1217 1548 1264 impetu,
1566 1228 1634 1252 non
1650 1217 1777 1252 ratione

373 1264 439 1313 ipsa
453 1265 619 1302 ferantur:
644 1263 767 1300 nonnifi
790 1264 968 1301 admodum
991 1265 1188 1315 imperfecte
1213 1276 1346 1314 propter
1362 1264 1462 1303 finem
1492 1265 1675 1301 formaliter
1694 1278 1776 1316 ope-

374 1325 498 1352 rantur.

409 1363 567 1410 Confirm.
584 1363 685 1399 Canis
701 1362 847 1410 leporem
865 1362 1040 1411 insequitur
1050 1393 1059 1407 ,
1076 1374 1112 1398 ut
1124 1363 1231 1412 praeda
1245 1361 1295 1398 sua
1306 1361 1448 1400 fruatur:
1464 1375 1525 1399 nec
1540 1363 1715 1412 probabile
1725 1364 1774 1399 est

373 1414 407 1447 in
427 1411 494 1459 ipso
506 1411 593 1448 cursu
605 1413 646 1447 de
665 1411 777 1460 lepore
794 1424 869 1452 eum
882 1426 949 1448 non
965 1416 1109 1462 cogitare
1121 1442 1131 1456 ,
1158 1425 1210 1447 aut
1227 1415 1260 1447 vi
1278 1411 1431 1460 propositi
1452 1413 1523 1448 finis
1547 1426 1614 1448 non
1632 1415 1773 1450 moveri.

371 1463 424 1496 Sic
435 1462 575 1496 hirundo
587 1461 694 1509 paleas
707 1460 853 1497 &lutum
868 1461 994 1510 colligit
1011 1491 1021 1505 ‚
1050 1474 1086 1496 ut
1101 1462 1213 1495 nidum
1229 1472 1365 1497 extruat.
1390 1466 1473 1511 Ergo
1487 1460 1592 1496 bestiae
1614 1463 1646 1496 in
1670 1461 1772 1499 finem

370 1510 517 1546 feruntur
531 1509 585 1544 sub
598 1511 724 1544 ratione
737 1508 808 1544 finis
818 1538 826 1552 ,
839 1520 998 1557 quatenus
1006 1523 1065 1559 per
1073 1509 1103 1546 se
1119 1510 1162 1545 est
1180 1508 1364 1559 expetibilis
1385 1540 1394 1554 ,
1420 1517 1455 1549 ὃς
1466 1511 1575 1546 media
1596 1509 1748 1560 usurpant
1759 1539 1771 1556 ,

371 1570 409 1594 ut
422 1559 604 1594 conducunt
614 1559 654 1593 ad
669 1557 768 1595 finem
780 1587 790 1602 ,
811 1564 845 1595 &
858 1557 968 1607 aliquo
977 1560 1077 1595 modo
1087 1559 1176 1595 bona
1188 1558 1259 1595 sunt
1270 1589 1279 1603 ,
1295 1559 1357 1594 hoc
1370 1561 1413 1596 est
1425 1590 1436 1605 ,
1449 1572 1484 1596 ut
1497 1558 1567 1595 sunt
1581 1560 1688 1595 media
1700 1559 1770 1595 for-

371 1608 512 1644 maliter.
525 1610 586 1643 Hae
597 1608 729 1656 quidem
740 1620 806 1643 non
819 1607 922 1642 libere
937 1621 1054 1659 agunt,
1067 1608 1119 1645 sed
1135 1622 1174 1644 ea
1193 1621 1302 1645 tamen
1323 1607 1448 1645 sumunt
1469 1622 1508 1645 ex
1523 1609 1593 1644 finis
1609 1611 1768 1644 intentio-

371 1670 425 1693 ne.
444 1658 596 1693 Hirundo
608 1672 638 1693 v.
651 1672 680 1707 g.
704 1670 771 1693 non
780 1656 944 1707 cognoscit
952 1658 1129 1694 utilitatem
1141 1671 1232 1706 aquae
1242 1688 1251 1702 ‚
1276 1669 1332 1692 aut
1344 1659 1400 1694 luti
1410 1660 1450 1694 ad
1465 1659 1577 1694 nidum
1588 1657 1768 1695 conficien-

371 1707 467 1742 dum:
481 1706 533 1741 sed
547 1719 664 1755 aquam
681 1718 794 1743 tamen
807 1736 819 1753 ,
833 1718 890 1743 aut
903 1706 1006 1744 lutum
1023 1720 1092 1745 tam
1110 1707 1243 1757 operose
1267 1721 1335 1744 non
1356 1708 1484 1758 colligit
1497 1737 1507 1752 ,
1531 1707 1587 1744 nili
1603 1719 1638 1742 ut
1654 1707 1767 1744 nidum

370 1757 557 1793 constituat.

409 1805 560 1850 Confirm.
573 1808 701 1842 iterum.
717 1806 800 1841 lllud
817 1817 934 1855 negare
947 1819 1014 1842 non
1030 1805 1283 1855 poffiimUS‚quin
1297 1808 1614 1842 omnianimantium
1631 1808 1763 1854 generi,

369 1865 405 1889 ut
414 1857 460 1888 ait
471 1854 597 1890 Tullius
608 1882 618 1897 ,
634 1855 655 1891 ὲ
668 1867 781 1891 natura
792 1854 952 1890 tributum
967 1855 1003 1890 sit
1014 1885 1024 1899 ‚
1045 1868 1079 1891 ut
1095 1856 1126 1890 se
1141 1886 1151 1900 ,
1169 1858 1290 1897 vitam,
1310 1854 1484 1903 corpusque
1501 1865 1646 1896 tueatur,
1665 1854 1765 1888 decli-

368 1915 490 1951 netque
503 1915 542 1937 ea
554 1916 624 1952 quae
638 1908 786 1940 nocitura
794 1905 980 1948 videantur,
994 1907 1168 1951 omniaque
1178 1916 1248 1951 quae
1268 1903 1327 1937 siut
1339 1905 1378 1937 ad
1395 1903 1572 1937 vivendum
1590 1900 1761 1938 necelsaria

370 1955 512 1999 inquirat
531 1958 564 1988 δε
585 1965 676 1999 paret
692 1983 701 1995 ,
731 1965 768 1989 ut
783 1953 904 2002 pastum
917 1982 927 1996 ,
948 1964 983 1987 ut
995 1952 1126 1988 latibula
1139 1982 1148 1996 ‚
1181 1964 1216 1987 ut
1237 1952 1298 1986 alia
1325 1951 1464 2001 ejusdem
1485 1953 1621 2000 generis,
1669 1952 1758 1988 Cum

368 2004 466 2050 igitur
479 2002 531 2037 hic
541 2000 612 2036 finis
622 2001 659 2036 fit
675 2002 717 2037 ab
730 2003 877 2038 Authore
887 2012 1006 2037 naturae
1016 2008 1049 2039 &
1058 2013 1145 2036 certa
1159 2002 1374 2051 providentiae
1397 2001 1469 2049 lege
1493 2002 1582 2035 omni
1602 2002 1760 2036 animanti

367 2052 551 2086 constitutus
566 2079 577 2094 ,
598 2063 633 2086 ut
648 2050 693 2086 sui
707 2050 960 2094 conservationi,
982 2056 1015 2088 δε
1028 2053 1153 2101 generis
1173 2053 1400 2099 propagationi
1419 2052 1554 2085 omnino
1567 2049 1735 2085 incumbat
1746 2079 1759 2095 ‚

366 2112 437 2147 quse
452 2101 491 2134 ad
505 2113 580 2135 eum
599 2099 698 2136 finem
717 2101 838 2135 ducunt
847 2130 855 2144 ‚
873 2100 1046 2149 cognoscat
1058 2100 1180 2136 neceffe
1189 2101 1241 2137 est.
1254 2103 1340 2136 Hinc
1353 2102 1495 2149 ingenita
1509 2100 1556 2134 cst
1568 2098 1677 2133 bestiis
1687 2112 1759 2134 om-

366 2149 462 2183 nibus
476 2162 588 2185 eorum
600 2163 673 2198 quae
685 2153 758 2185 vitae
775 2150 901 2185 tuendae
920 2149 991 2185 sunt
1004 2150 1174 2186 necessaria
1189 2181 1198 2195 ,
1223 2151 1367 2199 cognitio
1384 2178 1390 2188 ,
1409 2149 1498 2183 utilia
1518 2150 1537 2184 a
1555 2150 1661 2184 noxiis
1678 2159 1756 2197 apte

368 2198 583 2248 distinguunt;
605 2199 671 2234 haec
689 2200 819 2248 fugiunt
832 2229 841 2242 ‚
859 2199 913 2235 illa
931 2199 1172 2248 prosequuntur.
1208 2201 1290 2247 Qae
1305 2199 1437 2246 quidem
1455 2201 1508 2233 vix
1530 2197 1668 2246 intelligi
1683 2196 1755 2246 pos-

365 2244 435 2281 sunt
448 2276 457 2289 ‚
489 2246 544 2283 nifi
568 2247 667 2286 finem
686 2261 722 2285 ut
743 2249 862 2294 finem,
895 2255 929 2287 δε
945 2250 1052 2286 media
1065 2253 1101 2287 in
1117 2252 1241 2287 ratione
1249 2250 1429 2285 mediorum
1439 2244 1755 2297 utcunquexcognoss

370 2306 452 2332 cant.

1834 185 1853 219 ἰι
