1857 2745
527 127 693 165 PARS
741 127 989 165 TERTIA.
1414 145 1461 166 ic-

73 179 219 221 ffer'minis
236 176 411 228 significare
426 176 596 222 volumus,
618 178 768 215 distinete
781 183 815 214 &
826 177 911 213 clare
927 175 1094 226 defignent
1111 188 1121 210 ι
1146 175 1232 212 [ecus
1249 176 1325 213 alias
1341 179 1389 215 his
1407 158 1466 218 vo)-

75 224 264 266 cibus‘ideas
277 227 478 277 subjiciemus
493 255 505 271 ,
525 230 605 265 &in
619 229 722 263 varias
733 226 967 277 ambiguitates
987 229 1185 261 incurremus
1203 241 1210 262 :
1236 229 1324 275 quod
1334 231 1366 264 in
1378 234 1467 267 omni

73 278 205 317 scientia
221 279 401 314 cavendum
411 277 453 312 est
461 279 614 314 maxime.
628 279 783 313 Accurata
794 289 904 312 autem
918 278 966 311 rei
982 275 1130 311 definitio
1145 305 1154 319 ‚
1173 288 1244 323 quae
1263 275 1299 311 fit
1313 277 1397 314 illius
1409 293 1468 315 na-

75 337 144 363 tura
161 344 171 372 3
195 328 282 375 quod
295 339 413 376 genus,
429 339 498 374 quae
513 326 650 375 qualitas
661 326 742 361 illius
756 325 938 369 essentialis,
955 325 1006 360 seu
1020 325 1204 360 differentia
1219 355 1229 368 ,
1246 339 1312 361 non
1330 328 1374 362 est
1387 330 1468 376 quid

71 375 319 426 praerequifitum
331 404 341 420 ‚
360 387 415 412 aut
431 378 683 425 praecognitum,
702 376 755 411 sed
771 375 891 411 fruetus
910 374 1098 423 multiplicis
1115 374 1411 414 demonstrationis.

107 427 284 462 Axiomata
292 437 421 473 quoque
433 437 471 460 ea
484 424 607 460 debent
621 423 684 461 effe
702 427 894 474 praecognita
904 454 914 469 ,
924 436 1063 472 quorum
1079 425 1198 458 veritas
1211 425 1254 456 ita
1266 425 1308 458 est
1319 424 1412 469 clara,
1431 437 1468 462 ut

71 474 278 511 mediocriter
295 473 477 509 attendenti
489 476 651 509 connexio
677 473 829 510 attributi
843 487 916 509 cum
941 472 1087 520 subjesto
1112 471 1147 506 fit
1172 472 1352 509 manifesta.
1380 477 1469 512 Nam

69 534 144 570 quae
156 522 242 558 clara
262 522 333 558 fiant
345 535 403 571 per
420 523 450 558 se
461 552 470 567 ‚
489 522 621 572 probari
630 537 698 559 non
715 523 839 558 debent
854 537 863 560 :
887 526 1041 569 majorem
1060 523 1182 569 quippe
1195 519 1319 556 habent
1334 524 1469 559 eviden-

71 573 153 607 tiam
164 601 174 616 ,
188 571 288 620 quam
306 584 379 619 quae
397 571 417 607 ὲ.
433 572 710 608 demonstratione
728 573 803 608 duci
814 571 917 621 poffit.
931 573 1006 608 Nec
1023 568 1156 606 viciffim
1175 581 1329 617 tanquam
1350 575 1471 620 princi..

72 622 130 669 pia
143 619 212 658 sunt
227 619 518 670 supponenda,quae
528 622 806 658 demonstratione
821 633 929 670 egent.
941 620 1112 657 Evidentia
1124 630 1234 653 autem
1251 621 1357 654 omnis
1372 650 1382 664 ,
1391 625 1471 659 utin

72 669 299 719 Metaphyfica
310 670 512 706 ostendemus
523 700 533 715 ‚
549 673 583 706 in
593 672 743 707 distinata
757 673 968 706 terminorum
979 671 1192 718 perceptione
1206 666 1306 717 posita
1316 670 1371 704 est.
1390 673 1473 709 Non

71 719 161 754 enim
171 719 213 753 de
222 717 317 753 rebus
328 718 424 754 aliter
433 720 575 766 judicare
612 718 752 755 offumus
767 748 777 763 ,
795 718 894 766 quam
909 717 1082 754 secundum
1097 717 1185 752 ideas
1197 730 1270 765 quae
1290 722 1393 755 menti
1407 733 1474 757 no-

71 767 142 803 strae
157 765 272 804 infimi.
284 770 396 814 Itaque
408 770 573 803 axiomata
594 780 651 803 unt
658 766 990 804 demonstrationibus
1001 767 1252 817 praemunienda.
1275 768 1471 817 Explicatio.

72 827 116 854 ne
128 814 327 864 quandoque
340 827 519 864 egent,non
534 815 804 866 probationeznifi
818 817 905 854 forte
918 816 1054 853 societas
1073 815 1223 851 attributi
1237 827 1311 851 cum
1329 817 1470 868 subjecto

72 865 470 901 mediocriterattendenti
483 865 597 901 nonsit
614 866 807 902 manifesta:
825 879 895 901 rum
915 867 1004 901 enim
1024 867 1096 901 idea
1110 865 1218 913 aliqua
1230 869 1404 913 quaerenda
1421 868 1471 904 est

73 916 200 962 utrique
224 925 363 963 cognata
376 942 385 957 ‚
410 926 482 960 quae
501 915 585 949 hanc
600 912 790 949 societatem
807 915 976 951 ostendat..

102 963 152 998 Est
171 965 303 998 tertium
319 962 486 1010 quoddam
500 964 772 1011 praecognitorum
791 975 890 1011 genus
907 993 916 1007 ‚
941 976 1009 1011 quo
1027 960 1168 1011 persaepe
1186 975 1316 1000 utuntur
1333 964 1471 999 Mathe-

74 1013 184 1046 marici
199 1025 208 1047 ε
223 1023 296 1046 cum
311 1010 618 1059 scilicetpropositio
641 1010 714 1045 satis
733 1011 834 1045 habet
853 1014 1024 1047 evidentiae
1044 1022 1080 1045 ut
1104 1012 1207 1046 statim
1225 1015 1415 1060 percipiatur
1436 1018 1473 1050 δε

71 1060 270 1094 concedatur
290 1068 312 1091 :-
329 1062 476 1107 quamvis
494 1058 639 1095 absolute
655 1061 766 1107 negari
783 1058 876 1108 poffit
895 1077 905 1103 ;
927 1072 988 1095 nec
1003 1057 1098 1094 facile
1116 1071 1172 1106 per
1195 1060 1318 1107 aliquid
1335 1061 1470 1096 eviden-

72 1109 134 1143 tius
146 1106 280 1157 probari
298 1120 407 1156 queat.
424 1109 461 1144 Id
475 1120 595 1144 vocant
610 1108 824 1157 postulatum:
848 1109 938 1156 quod
953 1108 1111 1156 praecipue
1126 1108 1305 1153 adhibent,
1327 1121 1401 1144 cum
1419 1122 1471 1145 res

70 1156 183 1205 aliqua
199 1157 420 1201 est·facienda,
445 1158 545 1205 idque
566 1158 606 1192 ad
629 1157 871 1206 problematum
887 1158 1160 1194 construetionem
1186 1158 1229 1193 est
1255 1157 1470 1197 necessarium,

71 1205 280 1242 Sichclides
297 1207 329 1242 id
340 1206 502 1255 postulat,
521 1218 556 1242 ut
577 1206 633 1243 sibi
645 1207 742 1242 liceat
754 1206 796 1241 ab
811 1220 878 1243 uno
898 1210 1019 1256 punQO
1045 1206 1084 1241 ad
1109 1206 1195 1241 aliud
1213 1208 1334 1242 teffam
1348 1207 1470 1245 lineam

69 1254 191 1290 ducere
207 1271 216 1299 3
231 1268 286 1291 aut
301 1254 456 1292 circulum
466 1257 543 1291 dato
556 1259 680 1306 pumero
693 1257 732 1291 ad
746 1255 930 1304 quamlibet
945 1254 1165 1292 extensionem
1175 1255 1361 1293 describere.
1388 1259 1471 1293 Haec

73 1305 191 1352 utique
204 1307 351 1354 pertinax
364 1304 478 1353 aliquis
492 1318 611 1354 negare
627 1305 749 1355 poffet:
763 1304 839 1341 cum
853 1308 940 1342 reeta
957 1306 1043 1341 linea
1054 1335 1064 1349 ‚
1083 1316 1137 1339 aut
1156 1305 1317 1346 perfeetus
1334 1307 1470 1344 circulus

73 1351 145 1389 fieri
158 1354 212 1389 vix
226 1353 328 1402 possit.
345 1355 410 1389 Sed
429 1353 500 1389 satis
516 1356 563 1390 est
576 1359 763 1391 Geometrae
777 1353 928 1391 fireeiam
941 1355 1060 1390 lineam
1075 1382 1085 1397 ,
1102 1365 1158 1388 aut
1174 1355 1324 1390 circulum
1337 1356 1379 1390 ab
1394 1369 1469 1392 oni-

72 1404 107 1438 ni
125 1405 261 1437 materia
278 1403 464 1451 praescindat
476 1433 485 1447 ,
513 1403 616 1452 sicque
629 1404 811 1454 perfustam
825 1403 987 1452 utriusque
1002 1405 1107 1438 ideam
1122 1401 1180 1437 {ibi
1190 1403 1357 1440 exhibeat.
1375 1406 1481 1453 (ψει-ι

74 1461 110 1484 te
121 1449 504 1499 hujusmodipostulata&
539 1465 618 1488 auca
632 1459 667 1490 &
683 1451 868 1489 neceffitate
887 1455 1030 1499 quadam
1050 1453 1154 1486 coacti
1167 1456 1364 1498 ptaemittunt
1379 1457 1468 1490 Geo-

75 1509 188 1534 metrae
207 1513 215 1534 :
233 1498 309 1534 cum
328 1512 365 1533 ea
381 1511 436 1534 aut
453 1501 509 1535 nul
524 1515 544 1535 o
556 1502 658 1536 modo
673 1529 683 1543 ‚
704 1511 761 1534 aut
776 1512 843 1534 non
862 1498 991 1548 nisi'per
1009 1500 1120 1547 longas
1136 1504 1170 1534 &
1188 1499 1335 1535 diffici'es
1356 1501 1469 1536 amba-

99 1558 132 1581 es
150 1546 357 1583 demonstrari
374 1559 515 1594 queunt,
540 1555 574 1586 &
591 1548 811 1596 adsequentes
827 1548 1118 1584 demonstrationes
1136 1546 1480 1586 siintonininoiieces--

78 1597 156 1679 laria
175 1609 184 1632 t
206 1607 307 1645 eaque
324 1596 468 1633 medium
492 1597 580 1647 quasi
606 1600 691 1634 inter
719 1597 884 1632 axiomata
900 1603 934 1635 δε
948 1594 1163 1634 conclusiones
1180 1598 1332 1646 probatas
1353 1610 1480 1636 tenent*

90 1655 211 1680 ocum--

529 1697 899 1735 ARTICULUS
954 1698 1019 1732 11.-

564 1767 706 1821 Qidfit
722 1770 984 1818 1)ἰ’νηιυιιβνιτιὶο.Δ

74 1841 320 1928 DUplicem·
337 1845 619 1882 demonstrationis
637 1843 864 1882 definitionem
890 1844 986 1882 affert
1003 1845 1065 1882 hoc
1093 1844 1126 1880 in
1144 1843 1217 1881 loco
1235 1846 1442 1895 Philosophus
1457 1861 1466 1882 ε

167 1898 269 1943 prima
288 1895 331 1930 est
343 1908 399 1945 per
412 1897 573 1931 effectum.
592 1895 826 1937 Demonstratio
839 1925 848 1938 ,
860 1898 975 1943 inquit,
985 1895 1228 1943 estsjtllogifinus
1235 1899 1319 1945 pari·
1329 1910 1363 1929 ns
1372 1898 1470 1936 scien·

74 1945 167 1981 riam.
183 1942 319 1980 EffeQus
334 1947 456 1994 quippe
466 1945 746 1980 demoristritionis
758 1945 806 1979 est
824 1943 974 1980 scientia:
1000 1956 1037 1979 ut
1052 1952 1142 1978 ‘error
1155 1945 1201 1978 est
1221 1945 1354 1980 effeetus
1369 1944 1468 1994 syllo-

75 1991 168 2041 gismi
182 1993 375 2041 Sophistici‘,
393 2000 425 2031 &
438 1996 550 2042 opinio
562 1992 696 2029 effeetus
714 1993 887 2043 syllogismi
901 1994 1031 2042 Topici.
1050 1993 1136 2028 Cum
1149 1996 1256 2037 enim,
1281 2007 1315 2028 ut
1327 1993 1402 2028 alibi
1418 1994 1468 2028 di.

78 2043 179 2077 ximus
192 2071 201 2086 ‚
217 2051 288 2090 quae
301 2042 433 2078 afflrtui·
450 2045 532 2078 ratio
542 2073 552 2087 ‚
580 2044 981 2091 negligenterattendenti
997 2055 1071 2077 vera
1084 2054 1139 2077 aut
1167 2045 1298 2078 evidens
1313 2047 1444 2091 apparet
1457 2070 1476 2087 ,

78 2097 146 2125 turn
156 2104 242 2126 error
252 2092 365 2126 dicitur
376 2122 385 2136 ,
402 2103 457 2128 aut
472 2092 548 2127 falsa
562 2082 716 2140 persuasio
730 2105 802 2141 quae
815 2095 954 2128 veritate
967 2092 1157 2129 destituitur.
1190 2093 1275 2128 Cum
1292 2104 1402 2126 autem
1419 2104 1469 2126 ra-

80 2141 128 2174 tio
138 2139 202 2187 ipsa
219 2141 319 2175 tenuis
332 2142 377 2175 est
390 2142 613 2190 &popiilari5‚
633 2146 666 2178 δε
676 2155 752 2177 cum
768 2141 975 2178 dubitatione
986 2143 1154 2191 conjundhi
1165 2169 1174 2182 ,
1195 2152 1260 2175 tum
1277 2143 1389 2188 opinio
1410 2154 1470 2190 ap.

74 2187 224 2234 pellatur.
241 2189 302 2224 Sed
316 2189 371 2224 ubi
391 2189 549 2226 conclusio
567 2191 656 2225 certa¹
664 2192 708 2226 est
719 2193 844 2226 ratione
863 2190 995 2227 subnixa
1006 2203 1059 2234 3ac
1070 2188 1226 2238 praemiffae
1237 2201 1381 2225 mentem
1393 2204 1466 2226 om-

83 2236 160 2270 nino
169 2238 209 2272 ad
218 2236 446 2274 affentiendum
455 2240 673 2275 determinant
686 2269 696 2284 ‚
718 2240 817 2288 idque
831 2253 870 2275 ex
883 2242 1065 2276 attentione
1091 2238 1154 2287 ipsa
1167 2267 1176 2281 ,
1204 2244 1237 2275 ἃ
1253 2251 1400 2274 accurata
1418 2241 1468 2275 rei

46 2295 49 2299 ¹
83 2282 333 2322 consideratione
347 2317 356 2332 ‚
375 2301 414 2324 ex
433 2288 539 2324 stabili
564 2288 781 2337 persuasione,
815 2296 849 2327 &
876 2291 1119 2338 perceptionum
1136 2299 1173 2321 ac
1187 2288 1380 2335 judiciorum
1397 2291 1466 2324 evi-

83 2332 192 2366 dentia
210 2333 314 2381 palam
327 2335 362 2371 fit
373 2367 380 2378 ,
399 2350 466 2373 tuin
483 2337 688 2374 conclusionis
700 2340 848 2388 cognitio
861 2334 998 2374 scientiae
1015 2349 1135 2373 nomen
1148 2335 1204 2370 fibi
1222 2337 1374 2374 vindicat.

119 2383 404 2466 Itaqueqpraemliffae
421 2386 586 2426 scientiam
606 2391 799 2439 ingenerant
810 2388 910 2425 causae
926 2386 1098 2423 effeetricis
1113 2415 1122 2431 ‚
1136 2388 1313 2471 autvlpgtius
1327 2387 1470 2436 objeffl.

261 2445 320 2469 Onl·
353 2457 365 2470 α
