1857 2745
613 125 930 166 MoRAris.
1408 142 1478 178 409

99 177 226 228 cipuam
239 177 446 213 velutideani
463 177 660 212 comitantur
675 193 682 213 :
698 191 735 213 ex
751 182 785 212 iis
804 178 936 214 affectus
947 175 1142 226 multiplices
1152 177 1364 214 sobolescunt.
1383 181 1473 215 Nam

97 239 132 262 ut
152 228 317 275 vestigium
331 226 465 261 cerebro
490 226 630 260 inustum
644 229 888 275 perceptionem
907 229 1048 271 excitat,
1067 226 1106 262 sic
1127 231 1373 277 perceptionem
1393 227 1473 264 affe-

98 277 164 311 &us
175 278 276 311 animi
289 277 394 310 statim
407 273 612 322 consequitur
623 304 632 318 ‚
644 282 676 312 &
686 288 723 309 ex
735 273 852 311 afficta
875 276 998 325 spiritus
1012 289 1274 313 commoventur.

131 326 296 360 Primitivi
307 329 460 361 tamen&
474 322 630 371 (implices
648 324 781 361 affectus
801 326 841 359 ad
858 337 979 360 certum
1001 338 1171 360 numerum
1189 327 1297 360 reduci
1321 322 1447 373 possunt
1463 354 1473 367 ,

96 386 196 421 quem
209 372 262 407 alii
280 372 394 415 aliter,
412 384 446 407 ut
461 371 593 407 libitum
606 373 652 407 est
665 402 674 416 ‚
686 376 766 408 inire
776 373 895 410 solent.
920 376 1024 408 Stoici
1051 386 1188 421 quatuor
1201 373 1334 409 affictus
1350 403 1361 418 ,
1380 374 1470 410 velut

92 424 260 471 primarios
272 421 406 456 statuere
418 449 428 463 ‚
446 421 648 469 voluptatem
663 451 673 465 ,
685 422 832 457 dolorem
844 452 853 466 ‚
866 424 1082 471 cupiditatem
1096 429 1130 460 ὃ(
1151 434 1288 459 metum.

224 470 387 513 Gaudeat,
404 482 446 503 an
463 470 588 509 doleat,
612 482 752 509 metuat,
771 475 940 519 capiatve,
961 472 1042 518 quid
1057 472 1103 505 ad
1116 485 1182 505 rem
1195 474 1209 503 ?

128 517 303 554 Aistoteles
320 517 442 552 nullum
460 520 532 554 iniit
548 530 672 556 certum
687 520 860 556 affectuum
878 532 1046 555 numerum
1057 548 1067 562 ,
1079 519 1196 567 eosque
1206 532 1242 554 ut
1253 518 1373 555 occasio
1387 518 1473 562 tulit,

94 569 183 603 varie
195 565 361 602 recensuit.
383 569 587 615 Peripatetici
602 568 653 603 sex
672 571 703 605 in
715 568 974 617 concupiscibili,
989 571 1135 616 quinque
1149 571 1182 604 in
1205 571 1354 617 appetitu
1366 566 1474 602 irasci-

94 614 156 650 bili
165 616 369 650 constituunt.
392 618 490 651 Primi
500 619 626 664 generis
645 616 713 652 sunt
731 630 842 660 amor,
862 618 972 652 odium
990 647 999 659 ,
1021 616 1209 653 desiderium
1227 617 1280 652 seu
1296 617 1452 665 cupiditas
1465 646 1474 659 ‚

94 669 129 701 &
142 664 216 713 fuga
227 694 237 707 ,
253 664 402 712 voluptas
417 670 450 701 δε
461 666 597 703 tristitia.
615 668 684 714 Qi
695 669 727 702 in
737 669 884 715 appetitu
902 665 1050 702 irascibili
1061 665 1166 702 insunt
1181 695 1191 710 ‚
1202 669 1348 714 quinque
1362 678 1475 700 nume-

93 724 202 748 rantur
213 742 223 756 ‚
239 710 502 761 spes,desperatio
518 743 528 757 ,
545 716 677 749 audacia
687 744 696 759 ,
711 718 809 750 timor
821 722 854 752 ὅ(
866 717 923 752 ira.

126 763 277 796 Primarii
292 761 425 797 affectus
440 791 449 804 ‚
466 762 506 795 ad
519 775 600 809 quos
624 767 728 798 caeteri
746 765 924 810 referuntur
935 792 944 807 ‚
956 765 1108 800 videntur
1119 763 1178 799 effe
1192 763 1340 812 voluptas
1357 769 1391 800 ὃ(
1403 777 1477 798 mo-

55 810 57 813 ’
91 809 196 846 lestia:
210 823 284 845 nam
302 809 389 845 illam
401 822 534 858 propter
546 811 576 845 se
591 814 770 860 expetimus
786 842 796 856 ,
820 813 902 848 hanc
925 812 1108 861 defisgimus
1124 831 1134 857 3
1149 815 1251 848 caeteri
1268 812 1401 848 affectus
1427 815 1475 847 vi-

90 860 205 894 dentur
222 870 408 907 comparate
421 858 506 893 boni
519 871 592 903 ,aut
611 861 711 904 mali,
728 873 762 896 ut
776 862 980 910 voluptatem
996 875 1052 897 aut
1064 863 1249 897 molestiam
1263 873 1383 897 creant.
1398 863 1475 897 Un-

91 908 132 942 de
144 920 215 942 cum
224 919 338 943 omnes
348 906 482 942 affectus
496 921 535 943 ex
551 907 648 952 boni,
661 922 715 944 aut
728 910 804 945 mali
814 914 971 958 opinione
983 910 1151 946 nascantur
1161 940 1171 954 ‚
1193 912 1212 943 ii
1226 922 1339 945 omnes
1358 910 1398 944 ad
1411 924 1473 945 vo-

91 955 263 1002 luptatem,
275 961 308 992 &
323 956 505 990 molestiam
513 957 711 1000 referuntur,
727 964 760 994 ὃς
776 959 1020 993 circumstantiis
1042 971 1168 993 tantum
1183 958 1224 992 ab
1242 961 1278 992 iis
1300 957 1476 994 differunt?

90 1016 164 1038 cum
179 1008 264 1039 circa
278 1005 391 1039 eadem
408 1003 495 1038 bona
507 1004 655 1040 velmala
667 1005 830 1042 versentur
844 1035 853 1046 ‚
871 1019 908 1041 ac
930 1019 1115 1056 tempotum
1145 1009 1301 1042 duntaxat
1317 1006 1472 1042 differen-

90 1054 142 1087 tiis
160 1055 246 1087 inter
255 1053 286 1086 se
299 1052 486 1099 discrepent.
506 1053 664 1101 Voluptas
680 1056 812 1101 quidem
823 1060 856 1091 δε
871 1055 1021 1089 molestia
1032 1069 1070 1090 ex
1085 1055 1206 1103 objecti
1220 1055 1310 1098 boni,
1323 1066 1379 1090 aut
1394 1056 1471 1091 mali

89 1100 256 1149 praesentia
273 1102 418 1135 oriuntur
429 1114 436 1135 :
447 1099 498 1135 sed
514 1100 680 1149 objectum
692 1105 791 1137 etiam
808 1102 948 1148 spturum
958 1131 968 1146 ‚
984 1116 1039 1137 aut
1054 1106 1251 1152 praeteritum
1261 1116 1350 1139 mens
1365 1102 1422 1138 fibi
1433 1115 1470 1138 ut

87 1149 219 1198 praesens
254 1149 338 1184 otest
355 1148 519 1185 exhibere.

129 1202 206 1234 Duo
224 1164 292 1234 sunt
310 1199 454 1232 maxime
468 1199 632 1246 generales
663 1199 796 1235 affectus
816 1229 826 1244 ,
844 1202 906 1249 vqui
933 1213 1044 1236 omnes
1065 1212 1248 1249 tempotum
1267 1198 1465 1235 differentias

89 1247 349 1296 complectuntur
361 1275 370 1288 ,
385 1259 474 1281 amor
487 1245 608 1283 scilicet
622 1254 655 1285 ὃς
668 1250 790 1285 odium.
817 1251 865 1284 Hi
882 1253 1005 1298 quippe
1027 1249 1084 1285 affi
1093 1253 1161 1285 etus
1180 1264 1246 1286 non
1262 1249 1465 1297 voluptatem

89 1297 190 1332 modo
211 1302 245 1334 δε
259 1295 456 1338 molestiam,
475 1294 527 1330 sed
547 1300 645 1332 etiam
657 1310 706 1332 res
724 1298 824 1346 ipsas,
840 1311 910 1346 quae
931 1298 1185 1334 delectationem
1209 1304 1243 1335 &
1262 1297 1465 1345 voluptatem

88 1357 198 1380 creant
209 1375 218 1389 ‚
230 1347 275 1379 ira
293 1343 464 1392 respiciunt
475 1372 483 1386 ‚
497 1357 533 1380 ut
550 1347 589 1380 ad
612 1359 724 1382 omnes
749 1359 936 1395 temporum
951 1347 1149 1384 differentias
1165 1349 1358 1396 pertineant.
1379 1348 1466 1381 Cum

87 1393 211 1429 bonum
229 1393 320 1428 adest
339 1420 349 1435 ‚
372 1404 440 1426 tum
453 1393 567 1427 dicitur
582 1407 673 1428 amor
695 1395 856 1430 fruitionis
872 1410 879 1430 :
894 1397 979 1430 unde
994 1402 1026 1432 ὃς
1048 1396 1171 1430 bonum
1193 1408 1318 1430 amatur
1341 1394 1385 1429 ob
1407 1410 1466 1430 vo-

87 1442 244 1490 luptatem
266 1453 362 1488 quam
377 1437 487 1474 efficit.
512 1441 583 1477 Ubi
598 1441 722 1478 bonum
737 1444 876 1478 futurum
894 1445 940 1478 est
950 1472 960 1486 ‚
977 1455 1044 1478 tum
1057 1447 1089 1478 in
1101 1445 1130 1477 id
1141 1456 1235 1479 motu
1248 1445 1390 1491 quodam
1400 1445 1466 1479 fer-

87 1502 138 1525 tur
146 1492 308 1539 appetitus
321 1518 330 1532 ,
350 1490 405 1535 qui
415 1491 569 1536 cupiditas
582 1503 636 1526 aut
654 1491 721 1539 spes
731 1492 856 1527 dicitur.
880 1495 958 1540 Spes
972 1492 1017 1526 nil
1030 1492 1097 1527 fere
1111 1493 1201 1525 addit
1209 1493 1380 1540 cupiditati
1391 1521 1401 1534 ,
1411 1492 1464 1527 nisi

87 1537 393 1588 opinionem,quod
412 1549 459 1570 res
480 1543 622 1587 expetita
643 1539 678 1574 sit
695 1541 849 1576 adfutura.

141 1590 193 1623 Sic
213 1599 252 1622 ex
272 1588 351 1622 odio
372 1585 448 1619 mali
468 1588 626 1636 ptaesentis
653 1589 797 1624 molestia
814 1604 821 1625 :
839 1588 860 1624 si
878 1589 1020 1624 fututum
1042 1587 1097 1632 lit,
1112 1588 1186 1637 fuga
1209 1593 1244 1625 ὃ(
1268 1599 1394 1625 metus:
1412 1590 1463 1625 fu-

86 1650 128 1686 ga
149 1637 334 1685 cupiditati,
346 1645 448 1669 metus
463 1637 526 1684 spei
536 1641 711 1685 opponitur
728 1644 781 1682 ‚&
796 1641 985 1686 opinionem
997 1667 1006 1680 ‚
1016 1638 1103 1685 qnod
1115 1636 1236 1672 malum
1253 1635 1392 1672 futurum
1405 1638 1441 1673 fit
1452 1668 1462 1683 ‚

86 1685 189 1722 habet
206 1687 398 1733 adjunctam.
442 1689 523 1722 Non
538 1688 624 1721 enim
647 1686 826 1734 desperatio
857 1686 921 1732 spei
939 1716 948 1729 ,
971 1685 1023 1720 sed
1054 1686 1195 1721 fidentiae
1212 1687 1395 1732 opponitur.
1417 1690 1468 1721 Fi-

87 1735 201 1769 dentia
217 1746 259 1768 cx
277 1733 341 1782 spe,
355 1737 534 1786 desperatio
548 1747 587 1769 ex
598 1747 687 1770 metu
701 1739 819 1772 oritur:
841 1735 1009 1770 fidentiam
1026 1734 1230 1781 consequitur
1240 1733 1383 1778 audacia,
1397 1736 1469 1770 des.

87 1785 290 1830 perationem
306 1783 444 1832 sequitur
460 1783 711 1831 pusillanimitas.
731 1788 778 1818 Ira
798 1786 937 1830 denique
949 1784 1086 1832 superest
1099 1811 1107 1825 ‚
1133 1795 1231 1830 quam
1250 1780 1347 1815 solam
1358 1783 1466 1820 &fine

85 1833 155 1879 pati
166 1830 224 1867 effe
240 1831 352 1867 volunt
366 1863 376 1878 ,
396 1835 483 1883 quod
498 1845 536 1867 ex
550 1832 620 1867 aliis
637 1833 705 1867 fere
716 1833 866 1868 omnibus
882 1833 1008 1867 constet
1027 1847 1034 1868 z
1058 1830 1183 1868 tametsi
1198 1830 1282 1865 forte
1298 1830 1372 1866 huic
1385 1833 1466 1867 leni-

88 1891 135 1914 tas
160 1880 352 1916 adversatur.

121 1931 187 1963 Hic
203 1932 312 1976 itaque
325 1931 499 1967 uffsdmum
511 1942 660 1966 numerus
675 1931 746 1964 iniri
758 1930 862 1977 potest
875 1945 881 1965 :
896 1942 988 1964 amor
1000 1935 1032 1967 &
1043 1930 1153 1965 odium
1164 1947 1172 1973 ;
1185 1929 1337 1978 voluptas
1352 1934 1386 1966 &
1399 1943 1469 1965 mo-

85 1977 181 2011 destia
195 1993 208 2012 Α;
232 1976 387 2026 cupiditas
404 1987 436 2017 ἃς
449 1981 545 2029 fuga3
566 1978 633 2026 spes
651 1984 684 2015 ὃς
696 1990 799 2013 metus
813 1995 822 2022 3
845 1977 978 2013 fidentia
995 1984 1028 2016 ὃς
1045 1978 1224 2027 desperatio
1239 1995 1248 2023 3
1262 1979 1392 2013 audacia
1404 2007 1413 2023 ,
1432 1984 1467 2016 &

85 2025 325 2074 pusillanimitas
345 2048 353 2073 3
371 2033 414 2064 im
439 2035 472 2066 &
493 2029 620 2064 lenitas.
937 2054 941 2055 κ

123 2076 338 2112 commodior
359 2091 466 2113 tamen
481 2078 652 2113 videtur&
663 2076 703 2109 ad
714 2077 866 2112 doctrine
878 2080 1038 2113 rationem
1049 2081 1152 2124 aptior
1163 2078 1336 2114 affectuum
1349 2078 1383 2111 in
1393 2074 1466 2111 fim-

85 2122 182 2170 plices
194 2127 432 2175 &compositos
449 2125 559 2161 divisio
581 2142 588 2166 ς
608 2127 819 2173 omniumque
837 2126 1053 2175 simplifficimi
1069 2127 1137 2162 [unt
1155 2128 1325 2161 admiratio
1339 2154 1348 2167 ‚
1373 2138 1466 2160 amor

86 2172 276 2208 &averfim
296 2176 465 2221 exquibus
492 2174 649 2222 cupiditas
674 2203 682 2214 ,
715 2175 891 2211 delectatio
906 2182 939 2213 ἃς
961 2177 1083 2210 tristitia
1104 2179 1258 2211 oriuntur.
1284 2173 1468 2210 Affieauum

85 2222 208 2267 quippe
239 2223 402 2259 distinc‘lio
426 2237 461 2259 ut
480 2227 573 2258 certis
594 2221 707 2257 finibus
719 2227 918 2269 terminetur,
929 2237 1035 2271 neque
1048 2237 1086 2258 ex
1102 2225 1238 2273 objectis
1258 2222 1383 2258 tantum
1394 2235 1466 2269 quae

86 2267 215 2303 infinita
225 2269 283 2306 effe
298 2272 420 2320 potsunt
437 2290 446 2312 -,
466 2285 573 2320 neque
590 2284 627 2306 ex
640 2272 765 2307 diver-111
777 2277 918 2321 corporis
934 2273 1108 2309 affectione
1121 2303 1130 2316 ,
1144 2285 1199 2307 aut
1218 2271 1383 2320 spirituum
1397 2274 1466 2320 agi-

85 2319 208 2352 tatione
222 2347 232 2360 ,
254 2332 323 2365 quse
335 2328 367 2357 Sc
381 2323 468 2357 mille
481 2323 586 2356 modis
599 2323 710 2354 variari
728 2320 854 2370 possunt
867 2351 875 2364 ‚
893 2336 951 2371 pro
966 2320 1110 2370 cujusque
1125 2321 1370 2368 complexione,
1388 2331 1463 2354 aeta-

77 2377 132 2411 te,
156 2367 402 2414 conffietudme,
423 2371 576 2406 fibrarum
596 2370 721 2407 cerebri
735 2383 880 2415 textura,
902 2378 933 2409 ὃ(
949 2371 1110 2419 spir'tuum
1132 2381 1264 2413 naturaj
1281 2369 1332 2404 sed
1346 2382 1384 2404 ex
1399 2367 1463 2404 sola

1156 2421 1179 2455 E
1192 2430 1209 2452 e
1220 2430 1238 2453 e
1274 2420 1304 2465 iij

1491 513 1570 530 Horat.
1578 523 1584 529 .
