1857 2745
302 145 358 179 <328
715 135 1193 172 METAPHYSICAE

303 195 351 226 nis
369 190 430 225 line
451 187 660 236 perceptione
681 184 797 220 latrare
823 198 891 220 non
906 186 1028 233 poterit
1041 199 1050 226 3
1064 196 1137 219 cum
1153 183 1254 218 homo
1267 181 1348 232 saepe
1367 183 1457 231 loqui
1474 213 1484 228 ‚
1501 195 1556 220 aut
1575 198 1693 222 nervos

306 238 468 274 testudinis
485 236 640 284 stringere
656 234 757 270 soleat
779 236 857 269 citra
869 233 971 268 ullam
995 235 1213 267 attentionem
1242 244 1281 267 cx
1308 230 1502 268 affuetudine
1523 245 1648 269 tantum
1662 240 1698 272 δ(

306 287 496 322 mechanica
512 287 650 333 partium
665 282 892 333 dispositione?
915 284 968 319 An
984 282 1070 318 forte
1083 281 1151 330 plus
1169 283 1301 316 rationis
1313 310 1321 324 ‚
1341 293 1396 316 aut
1407 285 1626 331 perceptionis
1637 283 1699 318 be-

308 337 372 370 stiis
391 333 566 369 tribuemus
581 363 590 377 ‚
612 333 712 381 quarn
734 331 987 374 somiiambulis‚
1008 333 1066 378 qui
1080 332 1251 365 domorum
1276 332 1362 365 testa
1377 330 1594 366 conscendunt
1607 362 1616 376 ‚
1641 345 1698 367 naa

309 395 380 420 tant
392 412 403 428 ,
421 382 594 418 discurrunt
607 412 616 425 ,
639 394 712 417 cum
726 381 832 417 obviis
846 380 928 429 saepe
942 383 1083 415 rixantur
1100 409 1110 423 ‚
1132 384 1164 415 δε
1177 381 1308 414 excitati
1320 379 1399 414 nihil
1412 379 1527 414 horum
1541 394 1610 428 quae
1622 393 1706 429 (ge--

309 445 382 470 nint
395 461 406 476 ,
427 431 622 467 meminere?

345 483 384 518 R.
396 484 456 518 His
470 485 503 517 ὅ(
515 480 583 515 aliis
601 480 746 529 plurimis
763 491 837 526 quae
848 481 883 514 in
896 478 956 514 suae
975 477 1072 514 causae
1094 479 1307 526 patrocinium
1328 477 1484 521 afferunt,
1504 489 1541 511 ac
1562 477 1710 512 multum>

312 531 459 574 dilatant,
468 541 503 564 ut
514 528 656 578 probent
680 529 868 564 animalium
880 539 1015 576 corpora
1029 525 1089 563 effe
1099 526 1261 562 machinas
1276 529 1360 561 miro
1371 525 1510 561 artificio
1523 538 1706 574 coagmen-

313 592 393 616 tatas
412 608 421 623 ,
439 576 708 615 facileaffentior:
727 577 779 612 sed
793 590 879 626 nego
894 589 948 612 eas
958 577 1047 611 aliud
1064 589 1130 611 non
1142 573 1202 611 effe
1214 575 1269 611 nisi
1279 575 1442 611 machinas
1456 588 1528 623 quae
1540 576 1621 610 nihil
1631 574 1702 610 sen-

312 633 395 665 tiant
407 657 416 671 ,
434 627 516 663 nihil
540 639 649 676 agant.
675 629 749 663 Nec
765 626 949 662 dubitamus
976 627 1056 672 quin
1083 628 1170 660 Deus
1189 623 1282 673 poffit
1296 623 1422 660 efficere
1438 624 1601 659 machinas
1630 637 1705 672 quae.

314 677 445 713 eosdem
456 675 576 725 prorsus
590 687 698 711 motus
711 688 853 719 exerant,
867 687 945 722 quos
957 674 977 709 ὲ
987 674 1086 709 brutis
1102 673 1171 709 fieri
1186 676 1345 709 cernimus
1357 702 1366 716 ‚
1381 686 1454 708 cum
1465 685 1615 722 magnam
1629 685 1702 721 par-

313 739 384 762 tem
399 727 582 769 actionum,
603 738 676 773 quae
694 724 735 759 ab
759 726 796 759 iis
811 735 1000 759 exercentur
1014 752 1023 766 ‚
1038 723 1148 771 exipsa
1159 725 1298 771 partium
1314 721 1518 771 dispositione
1528 720 1639 769 perfici
1654 721 1704 755 fa-

315 787 441 811 reamur
468 788 476 809 z
499 787 566 810 non
582 773 685 809 solum
699 776 787 809 enirn
799 772 917 809 vitales
938 778 971 809 &
990 772 1149 807 naturales
1165 773 1309 806 aetiones
1322 801 1332 814 ,
1347 784 1383 806 ur
1401 771 1506 806 cordis
1518 777 1550 807 &
1563 771 1702 806 thoracis

314 836 434 867 motus,
451 823 502 858 sed
517 825 615 858 etiam
629 823 774 871 plerique
795 834 902 858 motus
912 821 1079 870 spontanei
1092 819 1188 857 nobis
1204 820 1255 856 vel
1270 819 1372 855 insciis
1385 848 1396 863 ,
1419 820 1472 855 vel
1495 822 1594 855 etiam
1614 821 1703 855 iiwi-

315 876 356 908 tis
381 873 579 921 quandoque
595 871 685 907 fiunt.
1661 870 1669 871 ’

354 924 435 959 Non
454 923 549 969 igitur
563 920 697 956 dubium
709 920 759 954 est‘
767 922 845 967 quin
860 923 950 956 Deus
961 920 1104 966 potuerit
1122 917 1279 965 ejusmodi
1295 918 1458 953 machinas
1479 916 1606 952 efficere
1618 946 1628 960 ,
1651 916 1704 951 sed

318 983 425 1006 utrum
440 969 553 1005 fecerit
567 999 576 1013 ,
599 970 728 1017 quaestio
738 969 798 1012 est,
823 975 858 1006 δι
871 982 911 1003 an
925 968 1030 1002 bestiae
1043 979 1111 1014 quae
1129 966 1280 1001 omnibus
1292 967 1332 1000 ad
1351 966 1551 1002 sentiendum
1565 968 1718 1014 oi·gaiii5,.

320 1019 432 1055 iisdem
448 1019 568 1062 oculis,
583 1018 691 1067 palato
704 1046 714 1060 ,
743 1017 852 1067 lingua
869 1016 940 1052 sunt
957 1016 1114 1065 praeditae,
1139 1014 1259 1064 quibus
1282 1027 1393 1064 corpus
1413 1016 1556 1051 nostrum
1571 1014 1634 1050 fuit
1656 1017 1706 1048 in-

321 1070 474 1103 structum
491 1096 502 1111 ,
519 1080 565 1101 eae
580 1079 689 1102 tamen
715 1080 781 1101 non
802 1068 905 1116 magis
927 1065 1067 1101 sentiant
1080 1094 1098 1109 ,.
1112 1077 1167 1100 aut
1180 1065 1334 1108 videant,
1357 1076 1412 1099 aut
1432 1064 1585 1108 doleant,
1605 1062 1705 1111 quarn

320 1116 529 1164 horologium
547 1145 556 1159 ,
583 1127 638 1151 aut
658 1118 776 1163 quaevis
794 1116 856 1150 alia
874 1115 1047 1150 machina?
1068 1127 1105 1149 ac
1117 1113 1224 1149 nescio
1238 1125 1278 1147 an
1289 1126 1354 1148 non
1369 1114 1432 1148 haec
1441 1114 1583 1160 qurcdam
1602 1110 1706 1146 iilufio

320 1165 429 1200 futura
440 1165 482 1198 est
491 1193 501 1206 ,
514 1177 584 1210 quae
596 1177 654 1199 nos
670 1167 701 1199 in
712 1176 852 1199 errorem
862 1161 1066 1199 neceffiirium
1081 1163 1208 1198 inducat
1219 1192 1227 1206 ‚
1242 1174 1376 1209 quaeque
1391 1165 1424 1197 in
1442 1159 1704 1210 sapientislimurn

324 1219 355 1251 ὃ(
367 1215 531 1261 optimum
550 1223 669 1247 natura:
679 1213 896 1247 Conditorem
906 1212 1019 1245 cadere
1030 1224 1094 1245 non
1106 1212 1208 1259 potest
1221 1222 1230 1248 ξ

365 1265 404 1296 Et
416 1261 547 1308 quidem
563 1260 658 1295 nobis
670 1260 745 1294 licet
756 1260 797 1294 ab
812 1263 848 1293 iis
865 1261 922 1307 qui
936 1270 1048 1293 contra
1064 1258 1204 1293 sentiunt
1219 1289 1228 1304 ,
1243 1259 1375 1296 vicislim
1388 1260 1551 1305 requirere
1563 1287 1572 1302 ,
1584 1270 1623 1293 an
1638 1270 1705 1293 non

324 1311 464 1357 potuerit
477 1312 566 1344 Deus
588 1320 631 1342 ut*
644 1308 785 1343 sensuum
806 1320 926 1356 organa
939 1336 947 1350 ,
968 1306 1007 1340 sic
1024 1309 1092 1340 vim
1116 1306 1300 1349 sentiendi,
1323 1320 1379 1343 aut
1398 1307 1525 1356 objecta
1551 1318 1706 1354 corporea

325 1358 521 1405 percipiendi
539 1355 700 1392 tribuere?
725 1358 758 1390 Si
772 1358 879 1404 potuit
894 1384 904 1398 ,
922 1357 999 1402 quin
1011 1356 1052 1388 ita
1069 1354 1195 1398 fecerit,
1217 1369 1257 1391 ne
1269 1355 1316 1390 illi
1329 1357 1459 1402 quidem
1471 1356 1620 1390 dubitare
1635 1353 1707 1403 pos-

324 1406 399 1441 sunt
424 1409 462 1441 Et
483 1404 554 1439 sine
578 1417 677 1439 nemo
692 1403 839 1448 dubitat,
859 1406 938 1452 quin
956 1415 993 1437 ea
1007 1415 1079 1450 quae
1094 1406 1271 1448 cernimus,
1293 1407 1426 1439 omnino
1444 1405 1581 1439 existant
1606 1406 1637 1438 in
1655 1415 1707 1437 re-

325 1469 393 1490 rum
411 1466 523 1490 natura
537 1483 546 1496 ‚
560 1465 593 1487 ut
606 1453 650 1488 sol
665 1483 673 1496 ,
697 1465 778 1488 terra
794 1483 803 1497 ,
828 1460 861 1491 ὅ(
873 1453 935 1487 alia
947 1464 1081 1500 quaeque
1099 1450 1241 1488 sensuum
1262 1452 1399 1500 objecta.
1423 1456 1462 1488 Et
1481 1465 1589 1487 tamen
1603 1454 1708 1500 potuit

326 1508 415 1539 Deus
441 1506 486 1537 ita
510 1502 610 1537 sensus
638 1502 761 1538 nostros
781 1501 909 1538 afficere
922 1531 931 1544 ,
952 1512 987 1536 ut
1001 1500 1094 1535 simili
1107 1502 1205 1537 modo
1222 1514 1431 1537 moverentur
1445 1531 1454 1545 ‚
1470 1515 1507 1536 ac
1525 1500 1546 1536 fi
1567 1500 1708 1536 adessent

326 1553 465 1601 objecta.
488 1554 567 1587 Non
580 1551 718 1586 diffiniili
731 1554 853 1587 ratione
864 1552 895 1586 id
906 1553 996 1586 Deus
1007 1551 1113 1599 potuit
1127 1549 1254 1585 efficere
1271 1562 1306 1586 ut
1319 1550 1424 1585 bestiae
1444 1549 1543 1585 essent
1551 1550 1707 1585 machinae

327 1604 418 1635 omni
435 1599 520 1634 sensu
533 1605 565 1635 ὃ(
581 1602 767 1649 cognitione
780 1601 944 1636 destitutae.
968 1599 1031 1633 Sed
1046 1610 1083 1633 ex
1095 1602 1131 1633 iis
1146 1612 1215 1646 quae
1227 1602 1384 1635 cernimus
1402 1613 1468 1635 non
1482 1604 1583 1648 major
1598 1599 1638 1633 de
1653 1611 1709 1633 ea..

328 1662 397 1684 rum
419 1648 505 1684 sensu
523 1654 555 1686 δε
574 1651 784 1697 perceptione
802 1649 896 1685 nobis
910 1648 1099 1696 relinquitur
1108 1648 1278 1684 dubitandi
1299 1648 1385 1684 locus
1396 1677 1406 1692 ‚
1423 1648 1523 1697 quani
1536 1650 1576 1683 de
1592 1660 1708 1692 rerum,

329 1711 405 1746 quas
426 1701 609 1741 intuemur,
627 1699 804 1733 existentia.

330 1758 333 1762 ’
365 1748 427 1781 Sed
437 1745 600 1782 molestius
619 1750 786 1794 inquirunt
801 1777 810 1791 ,
828 1759 892 1794 qua
907 1748 1040 1783 tandem
1054 1751 1180 1782 ratione
1192 1749 1333 1783 animum
1351 1746 1370 1782 Ξι
1381 1759 1519 1796 corpore
1533 1746 1710 1795 distingue-

328 1808 418 1839 muS,
437 1795 456 1830 si
468 1808 515 1829 res
534 1808 688 1843 corporea
707 1798 870 1844 percipit?
898 1798 1004 1843 Qod
1022 1796 1042 1831 fi
1055 1826 1065 1841 ,
1083 1799 1233 1844 inquiunt
1248 1825 1258 1839 ,
1284 1795 1394 1830 bestiis
1413 1798 1635 1845 cognitionem
1655 1798 1711 1830 tri-

330 1845 455 1879 buimus
467 1873 476 1886 ‚
490 1843 713 1880 validissimam
728 1845 1036 1881 demonstrationem
1053 1874 1062 1889 ‚
1080 1858 1144 1894 qua
1161 1844 1389 1881 immortalitas
1411 1848 1525 1880 animae
1546 1843 1710 1878 rationalis

330 1892 535 1942 persuadetur
547 1921 556 1936 ‚
572 1895 709 1928 omnino
719 1893 898 1928 deserimus·
919 1895 999 1928 Haec
1012 1897 1133 1943 quippe
1150 1906 1190 1929 ex
1201 1905 1313 1929 natura
1337 1895 1553 1942 perceptionis
1574 1890 1710 1927 desumi-

330 1954 379 1977 tur
393 1972 402 1986 ,
417 1955 485 1989 qua:
502 1944 533 1977 iu
551 1945 721 1977 materiam
732 1943 846 1977 cadere
857 1955 922 1977 non
933 1944 1047 1991 potest.
1067 1946 1150 1979 Sunt
1162 1945 1249 1979 enini
1263 1971 1272 1986 ,
1297 1954 1333 1977 ut
1343 1943 1478 1978 diximus
1494 1971 1504 1988 ,
1527 1943 1709 1989 perceptio-

329 1994 376 2027 nis
391 2021 400 2034 ,
411 1996 443 2027 δέ
457 1990 651 2026 extensionis
671 1992 750 2026 ideae
761 1993 898 2027 omnino
913 1992 1076 2040 disjunctae
1089 2007 1096 2028 :
1111 1993 1194 2027 adeo
1206 2004 1239 2027 ut
1251 2005 1311 2027 nec
1320 1994 1485 2040 perceptio
1496 1993 1540 2026 rei
1552 1989 1685 2024 extensae
1701 2019 1710 2033 ‚

329 2048 388 2076 ‘nec
400 2039 532 2074 vicissim
551 2039 690 2075 extensio
708 2042 753 2074 rei
768 2043 975 2089 percipientis
986 2041 1174 2077 attributum
1191 2041 1250 2077 effe
1260 2039 1364 2089 posfit.
1382 2042 1469 2076 Hinc
1483 2037 1640 2085 utriusque
1651 2051 1710 2074 na-

328 2100 398 2123 tura
413 2089 454 2122 est
464 2091 600 2123 omnino
612 2087 734 2123 diversa
747 2105 755 2131 3
767 2089 923 2136 quodque
933 2092 965 2124 in
981 2090 1077 2125 nobis
1088 2092 1226 2138 percipit
1238 2119 1248 2133 ‚
1265 2089 1347 2124 nihil
1360 2087 1457 2125 habet
1475 2100 1549 2123 curn
1564 2089 1708 2130 materia,

334 2136 388 2171 vel
400 2136 588 2172 extensione
601 2136 955 2173 comumneAdversus
970 2138 1051 2173 hanc
1071 2137 1217 2173 Cartesiii
1234 2135 1643 2180 demonstrationemnihil‚
1658 2137 1710 2170 in-

327 2188 468 2233 quiunt,
496 2185 603 2220 afferri
630 2187 733 2234 potest
748 2215 757 2229 ,
779 2187 868 2234 quod
887 2188 1003 2234 impios
1029 2201 1099 2224 non
1118 2187 1267 2235 adjuvet,
1290 2188 1347 2233 qui
1363 2187 1487 2221 animos
1505 2185 1626 2220 nostros
1643 2184 1710 2220 una

328 2247 406 2268 vcurn
419 2234 608 2283 corporibus
618 2238 747 2270 interire
767 2246 890 2284 putant.
910 2238 997 2272 Nam
1007 2235 1027 2270 fi
1044 2238 1284 2286 perceptionem
1298 2234 1404 2269 bestiis
1417 2263 1427 2278 ‚
1446 2247 1481 2270 ut
1496 2234 1620 2269 homini
1631 2246 1710 2268 con-

332 2284 475 2318 cedimus
487 2313 496 2326 ,
512 2286 637 2318 animos
660 2285 781 2319 nostros
792 2298 860 2319 non
871 2296 937 2320 tani
953 2284 1056 2332 specie
1071 2292 1103 2324 ὃ(
1119 2297 1248 2328 natura,
1265 2283 1365 2332 quam
1373 2284 1470 2332 gradu
1487 2288 1519 2320 &
1530 2281 1708 2332 perfectio-

332 2342 371 2363 ne
384 2332 402 2364 ξι
415 2331 584 2367 brutorum
602 2333 714 2367 formis
726 2332 864 2378 diversos
884 2333 944 2368 effe
959 2334 1140 2371 statuemus.

367 2379 455 2428 Resp,
472 2394 543 2416 earn
558 2394 628 2429 quae
651 2383 687 2417 iis
703 2383 827 2420 videtur
838 2411 849 2427 ‚
876 2383 1182 2421 demonstrationem
1195 2411 1205 2428 ‚
1232 2383 1299 2419 vim
1313 2382 1457 2433 aliquam
1468 2379 1648 2416 habituram
1659 2407 1668 2422 ‚
1687 2377 1708 2412 si

1354 2447 1358 2451 -
1488 2429 1707 2477 percePtionis
