1857 2745
269 179 294 219 fi
318 177 415 234 quid
437 178 540 219 aliud
553 211 564 230 ‚
603 177 852 220 commendat
862 212 872 230 ,
907 183 948 222 δε
971 179 1080 222 velut
1107 178 1246 223 mentis
1267 181 1386 223 oculis
1404 184 1576 239 exponit.
1619 187 1667 227 In

260 251 312 277 ea
319 236 488 291 denique
500 235 764 291 promovenda
773 239 1031 278 recentiorum
1043 238 1299 294 quorumdam
1310 239 1487 282 industria
1500 243 1595 284 adeo
1606 240 1665 283 fe·

265 297 389 339 liciter
400 293 588 335 insudavit
602 328 611 344 ‚
632 308 765 335 utnon
780 309 826 337 ex
838 296 966 335 aliare
992 299 1108 353 magis
1122 312 1264 353 quanta
1280 298 1321 339 fit
1333 299 1576 356 microscopii
1595 303 1667 343 uti-

265 353 348 399 litas
360 385 370 402 ‚
382 354 500 407 quam
513 366 559 392 ex
570 352 824 404 infestorum,
839 359 877 394 &
891 354 1103 408 plantarum
1121 358 1314 396 anatomia
1333 358 1495 398 eluceat.

289 408 418 466 .Qd
432 411 471 459 in
484 409 686 466 hocopere
699 411 811 451 nobis
825 408 943 452 fuerit
956 413 1120 452 maxime
1133 414 1368 469 propositum
1384 449 1394 467 ‚
1408 415 1504 456 nihil
1518 414 1665 455 necesse

263 466 317 514 est
331 465 448 509 fufius
464 467 659 513 disserere„
670 468 716 510 Id
730 483 852 519 unum
862 470 1053 523 voluimus
1079 484 1120 511 ut
1133 471 1250 526 quam
1262 473 1434 527 plurimis
1448 471 1640 529 prodesset
1657 492 1669 516 .-

260 538 390 573 utrum
404 524 444 566 id
458 525 612 567 assecuti
627 527 737 571 simus
750 561 761 578 ,
774 528 938 569 aliorum
952 525 1097 580 Judicio
1111 530 1257 584 praestat
1270 532 1462 587 integrum
1474 533 1664 586 relinque-

259 597 301 622 re
313 615 323 632 ‚
338 584 455 640 quam
469 583 566 641 quid
574 584 754 631 sublatius
767 584 815 626 de
828 586 941 636 nobis
952 582 1235 641 effutiresEum
1256 587 1415 642 quidem
1441 589 1576 643 stylum
1597 590 1667 630 ad-

259 641 394 682 hibete
407 645 536 683 conati
551 640 678 684 sumus
691 677 702 695 ‚
718 646 784 699 qui
795 657 867 683 nec
880 644 1020 699 politus
1032 641 1125 684 esset
1139 677 1151 695 ,
1165 645 1374 690 auttersus5
1390 659 1461 685 nec
1475 645 1666 698 horridus,

261 706 302 752 βε
315 702 493 742 incultus.
507 702 661 750 Notum
674 705 819 758 quippe
829 701 882 742 est
895 703 1122 757 plerumque
1133 717 1260 753 jacere
1274 702 1422 745 sensum
1438 737 1450 755 ‚
1463 703 1529 743 ubi
1545 700 1668 745 verba

258 757 477 800 laudantur.
489 757 568 813 ‘Sed
579 759 794 801 cavendum
806 758 845 801 id
862 774 1023 815 quoque
1034 757 1109 800 fuit
1120 775 1167 800 ne
1180 759 1333 801 scientia
1346 775 1486 819 magna
1500 775 1547 802 ex
1562 776 1669 816 parte

256 814 446 857 salebrosa
463 819 716 860 &intellectu
729 817 846 859 ardua
856 818 940 874 styli
953 818 1125 858 barbarie
1142 819 1357 875 legentium
1377 820 1524 860 animos
1541 817 1669 860 offen-

258 872 377 918 deret.
391 877 525 929 Atque
539 889 582 916 ut
592 877 703 917 nobis
714 875 873 930 quidem
886 874 1041 916 videtur
1056 907 1065 921 ‚
1091 890 1223 931 patum
1233 877 1285 916 est
1299 877 1324 916 fi
1337 876 1597 918 adolescentes
1609 893 1666 919 res

259 931 380 970 bonas
393 939 432 972 &
443 930 493 970 ad
505 934 624 971 vitam
638 935 746 972 utiles
761 931 991 980 doceantur,
1006 932 1075 972 nisi
1096 935 1123 972 ii
1139 947 1299 988 quoque
1315 937 1471 989 propriis
1482 934 1628 986 saltem,
1642 936 1669 977 fi

257 990 384 1029 minus
404 988 547 1029 selectis
561 989 722 1030 vocibus
736 986 896 1029 efferant
909 1023 922 1041 ‚
938 1004 1024 1045 quae
1037 989 1255 1033 didicerint.
1303 991 1426 1048 Qd
1442 994 1576 1046 utique
1589 1007 1671 1034 non

262 1060 361 1104 aegre
372 1046 593 1098 concedent
605 1081 615 1098 ,
628 1049 696 1103 qui
709 1060 851 1096 norunt
863 1060 1010 1090 veteres
1023 1062 1155 1088 ornnes
1169 1049 1425 1104 Philosophos
1440 1081 1450 1096 ,
1474 1050 1500 1090 si
1525 1052 1552 1091 E
1557 1052 1668 1104 picu-

261 1120 345 1145 reos
355 1104 722 1160 exceperis,disertos
732 1103 841 1145 fuisse
853 1137 864 1152 ‚
882 1119 956 1146 nec
967 1105 1153 1147 sentiendi
1167 1106 1307 1159 modo,
1334 1107 1523 1149 sedetiam
1538 1107 1672 1149 dicen-

263 1163 303 1205 di
317 1164 514 1221 magistros
525 1163 880 1207 extitiffe.Modum
893 1177 1023 1204 tamen
1034 1163 1108 1204 esse
1121 1163 1449 1216 adhibendum‚ac
1462 1166 1673 1221 perspicui-

263 1235 383 1264 tatem
394 1223 526 1280 magis,
542 1222 657 1277 quam
672 1224 934 1272 elocutionem
943 1220 1108 1263 affectari
1120 1236 1296 1278 oportere
1309 1224 1409 1264 ultro
1424 1223 1668 1271 confitemur;

264 1280 473 1333 verborum
484 1280 647 1335 'quidem
662 1295 764 1333 cura,
778 1280 842 1322 sed
854 1295 977 1321 rerum
988 1280 1207 1322 sollicitudo
1223 1280 1401 1322 habenda
1416 1282 1468 1323 est
1482 1301 1493 1327 ,-
1508 1296 1590 1323 tum
1600 1282 1672 1323 de-

265 1353 373 1379 mum
385 1338 471 1380 satis
481 1338 617 1379 diserte
631 1339 782 1391 dicturi,
793 1339 818 1379 fi
832 1340 941 1395 plane
954 1346 994 1381 &
1008 1353 1146 1395 aperte.
1161 1341 1395 1382 Hincvoces
1409 1342 1582 1396 plurima:
1599 1345 1673 1382 mi-

265 1412 335 1438 nus
349 1396 507 1453 quidem
521 1399 666 1439 Latinae
682 1433 704 1450 ,y
717 1397 783 1450 sed
794 1397 862 1438 usu
875 1410 1015 1451 *tamen*
1028 1397 1260 1439 consecratae
1273 1430 1284 1448 ,
1311 1412 1354 1439 ut
1376 1413 1442 1439 ens
1454 1432 1464 1449 ,
1488 1398 1645 1440 effentia
1658 1433 1670 1451 ‚

265 1456 465 1497 existentia
477 1490 487 1507 ,
500 1462 542 1507 >δε
551 1457 631 1505 aliae
647 1457 759 1509 hujus
770 1458 918 1513 generis
934 1471 1003 1500 nos
1014 1457 1173 1497 minime
1187 1454 1393 1509 offendunt
1411 1475 1433 1512 ι,
1446 1456 1548 1497 secus
1566 1461 1674 1498 enirn

265 1516 331 1554 vix
344 1516 419 1554 ulla
432 1515 591 1555 scientia
605 1549 616 1567 ‚
630 1529 673 1555 ut
683 1528 749 1570 par
759 1515 812 1558 est
831 1547 841 1565 ‚
857 1513 1082 1565 traderetur,
1096 1513 1119 1553 fi
1135 1527 1258 1554 tantus
1274 1513 1471 1554 habendus
1484 1514 1575 1554 effet
1593 1529 1674 1555 ver-

266 1571 406 1625 borum
421 1573 599 1615 delectus.
619 1573 768 1626 Majori
786 1571 827 1613 id
840 1573 950 1612 nobis
966 1586 1065 1612 curae
1078 1569 1168 1624 fuir,
1182 1585 1223 1612 ut
1237 1571 1320 1612 haec
1337 1570 1466 1612 Editio
1484 1572 1673 1626 prioribus

266 1628 360 1670 esset
370 1630 619 1672 emendatior:
634 1646 719 1686 quae
732 1643 863 1671 tamen
874 1630 958 1670 satis
968 1642 1186 1684 expurgatae
1199 1636 1238 1669 &t
1250 1642 1437 1667 accuratae
1452 1627 1570 1667 videri
1584 1628 1674 1681 pos-

267 1687 354 1728 sunt
366 1722 376 1740 ,
398 1688 422 1727 fi
439 1703 527 1728 cum
542 1690 586 1738 iis
595 1702 681 1743 quae
696 1691 806 1729 variis
822 1689 963 1729 inlocis
981 1687 1116 1730 Galliae
1131 1718 1141 1735 ,
1159 1686 1276 1726 Italiae
1289 1717 1300 1736 ,
1324 1691 1364 1726 δε
1384 1686 1603 1727 Germaniae
1613 1682 1675 1724 fa-

269 1746 336 1786 &ae
348 1746 433 1788 sunt
445 1781 456 1798 ‚
470 1744 730 1788 conferantur.
757 1746 804 1787 Id
815 1745 936 1786 nihilo
949 1744 1066 1787 secius
1081 1741 1234 1797 efficere
1253 1755 1331 1782 non
1346 1743 1539 1797 potuimus
1553 1773 1563 1793 2
1579 1745 1674 1798 quin

270 1811 309 1845 &
324 1804 601 1860 nobismetipsis
614 1805 799 1844 nonnulla
815 1836 826 1854 ‚
846 1809 885 1844 &
900 1801 1171 1858 Typographis
1185 1802 1291 1856 plura
1303 1799 1515 1841 exciderint
1528 1814 1645 1840 errata
1661 1835 1672 1852 ‚

269 1877 354 1917 quae
390 1866 426 1903 in
460 1876 627 1916 utroque
653 1863 852 1902 volumine
881 1895 894 1912 ,
931 1875 975 1900 ut
1011 1871 1293 1913 corrigerentur
1304 1891 1316 1907 ‚
1347 1858 1433 1898 sunt
1459 1871 1641 1898 annotata
1659 1891 1672 1910 ‚

267 1923 453 1977 neglec'tis
474 1920 748 1960 minutioribus
761 1918 1065 1973 quaetLecCtorem
1079 1917 1216 1955 morari
1239 1930 1317 1955 non
1334 1914 1490 1965 debent.

322 1983 405 2026 Jam
417 1972 545 2033 coepta
557 1992 635 2018 erat
655 1971 845 2031 postrema
856 1979 937 2015 haec
950 1973 1068 2014 editio
1080 2008 1091 2025 ‚
1117 1988 1206 2028 curm
1221 1974 1326 2014 binas
1343 1975 1561 2027 accepimus
1587 1974 1675 2014 lite-

268 2051 322 2077 ras
338 2041 370 2077 in
386 2041 528 2094 Regno
542 2042 626 2078 sian
641 2035 747 2079 datas
759 2047 860 2073 anno
875 2034 1117 2087 1681‚quibus
1133 2034 1311 2073 certiores
1334 2029 1423 2072 fatu
1438 2031 1561 2071 sumus
1575 2031 1674 2072 hanc

270 2096 559 2151 Philosophiam
575 2103 612 2134 in
625 2095 805 2135 extremis
823 2093 893 2131 illis
913 2089 1114 2135 Indiarum
1126 2092 1199 2130 otis
1212 2089 1350 2132 &Viris
1375 2088 1544 2130 doctrina
1565 2095 1674 2141 juxta

271 2158 310 2192 &
323 2156 458 2207 pietate
472 2154 689 2208 conspicuis
704 2150 859 2192 edoceri
874 2167 886 2193 ,-
909 2150 998 2188 huic
1012 2147 1271 2189 adolescentes
1288 2181 1297 2197 ,
1323 2149 1390 2202 qui
1413 2149 1489 2187 acri
1506 2146 1591 2187 sunt
1614 2149 1672 2187 in·

271 2217 387 2266 genio
403 2245 413 2262 ‚
427 2219 464 2253 δε
479 2212 526 2252 ad
542 2226 585 2250 ca
597 2210 723 2251 studia
735 2211 900 2249 maxime
911 2206 1055 2249 idoneo
1066 2240 1076 2258 ,
1089 2220 1191 2246 totos
1204 2205 1279 2245 sese
1291 2204 1452 2248 dedere;
1471 2208 1536 2244 vix
1551 2206 1672 2245 ullum

271 2267 318 2308 ad
334 2283 391 2308 cas
407 2284 538 2324 gentes
558 2283 684 2324 patere
694 2268 842 2308 aditum
855 2264 922 2305 nisi
937 2279 1003 2320 per
1015 2279 1074 2305 eas
1086 2278 1183 2304 artes
1199 2297 1209 2316 ‚
1238 2269 1277 2304 δι
1303 2263 1473 2303 scientias
1488 2295 1498 2312 ‚
1526 2277 1609 2316 quae
1632 2276 1673 2304 ut

272 2328 441 2365 animum
456 2341 592 2383 magna
604 2328 801 2382 voluptate
815 2326 1036 2378 complent,
1053 2324 1101 2363 fic
1113 2321 1160 2362 ad
1172 2325 1259 2378 vitae
1273 2320 1477 2360 commoda
1489 2323 1573 2359 sunt
1586 2334 1674 2374 per-

272 2386 379 2426 utiles
394 2405 405 2433 ς
428 2385 715 2427 Astronomiam
732 2383 916 2441 imprimis
929 2413 940 2430 ,
959 2388 998 2424 δε
1014 2381 1188 2422 scientias
1201 2394 1285 2435 quae
1298 2380 1570 2435 experimentis
1583 2378 1674 2419 sub-
