1857 2745
615 126 659 162 M
670 127 704 162 Ο
718 124 751 161 R
767 126 796 162 A
814 123 841 161 L
860 121 923 164 15.
1410 129 1427 160 6

73 177 179 225 peries
190 180 397 223 quantum&
406 176 509 212 divini
531 175 632 212 cultus
644 174 829 218 sanctitate,
853 180 887 213 &
901 184 1030 211 morum
1052 173 1255 211 documentis
1276 178 1314 211 ὃς
1333 142 1446 211 οθῐέίίξ

76 237 151 272 erga
168 227 350 273 proximum
362 237 407 259 eae
421 238 534 261 omnes
551 225 730 261 Christiana
746 224 902 273 religione
921 223 985 259 fints
999 223 1178 260 inferiores.
1208 226 1350 259 Primum
1370 228 1444 273 qui-

68 273 151 310 dem
169 275 202 308 id
213 273 317 320 liquet
326 285 365 308 ex
375 273 462 309 cultu
484 274 709 317 Ethnicorum,
724 275 780 320 qui
795 272 936 316 bonam,
961 271 1125 308 honestam
1138 302 1148 316 ,
1172 278 1206 310 &
1222 272 1330 308 sanam
1350 286 1442 309 men-

74 332 141 357 tem
158 335 225 357 non
239 321 396 365 decebat3
415 335 487 358 cum
505 336 564 372 per
582 323 764 372 sanguinem
779 323 953 358 humanum
966 348 977 364 ‚
995 333 1052 368 per
1072 321 1162 356 ludos
1182 351 1192 364 ,
1211 328 1244 358 &
1260 321 1444 357 saltationes

73 368 225 418 spurcitiae
244 371 354 418 plenas
367 371 426 405 diis
435 371 574 408 litarent.
594 373 664 418 Qae
677 372 806 417 quidem
819 400 828 416 ‚
845 372 952 418 inquit
966 371 1088 404 Seneca
1098 371 1215 404 eodem
1228 373 1264 404 in
1276 368 1361 405 libro
1374 372 1446 417 ,sa-

65 418 308 466 piensfirvabit
325 429 480 466 tanquam
498 420 617 470 legibus
626 423 708 467 jussa
721 447 731 459 ‚
750 433 809 455 non
830 431 985 466 tanquam
1004 419 1065 452 diis
1073 429 1186 467 grata.
1211 420 1297 453 Tum
1317 420 1357 452 de
1374 419 1441 453 for-

63 468 133 501 :mis
149 467 284 502 deorum
293 468 450 503 indecoris
468 468 622 517 loquens:
635 464 784 503 Habitus
797 497 805 507 ,
817 470 923 516 inquit
937 494 947 509 ‚
965 466 1032 501 illis
1050 466 1206 502 hominum
1219 495 1228 509 ‚
1235 467 1443 514 ferarumque

74 515 113 549 ό·
123 517 260 564 piscium.
279 516 420 563 Qt'dam
441 519 636 563 mixtosi’nsu
650 516 783 563 diversis
800 515 979 566 corporibus
1000 515 1139 549 induunt
1153 530 1162 556 3
1177 518 1309 550 numina
1329 527 1445 550 vocant

73 576 135 610 quae
156 564 187 609 st
205 575 331 613 accepto
339 567 459 615 spiritu
476 577 670 602 occurrerent
687 594 696 605 ‚
716 566 853 611 monstra
869 563 1070 599 haberentur.
1093 563 1257 598 Postremo
1273 564 1313 597 de
1327 562 1444 599 ritibus

73 623 184 647 eorum
199 612 263 647 haec
276 612 411 661 subjicit.
434 615 648 663 llle‚inquit‚
669 615 782 649 viriles
799 624 907 663 partes
915 611 980 658 fibi
994 622 1142 660 amputat
1154 639 1163 650 ,
1179 613 1234 646 ille
1254 613 1387 646 lacertos
1395 615 1445 658 se·-

75 672 128 696 cat
151 660 226 695 :ubi
246 663 345 695 iratos
364 666 496 702 timent.
515 668 570 710 qui
585 664 633 708 fic
647 664 800 712 propitios
814 663 1002 696 merentur?
1019 662 1082 694 Dii
1107 670 1214 694 autem
1235 663 1316 695 nullo
1330 660 1444 695 debent

70 712 132 744 coli
141 710 293 757 genere,st
314 708 352 744 ὠ·
365 711 422 746 hoc
434 714 558 749 volunt.
570 714 696 746 Tantus
708 711 749 757 est
761 709 949 759 perturbata
960 711 1072 744 mentis
1084 707 1122 744 ὠ
1129 707 1260 754 sedibus
1268 710 1337 755 suis
1356 710 1446 758 pulsia

57 755 157 800 furor
167 785 174 795 ,
188 769 225 791 ut
236 759 285 802 fic
301 759 350 800 dis
361 760 543 807 placentur.

128 806 231 853 Qod
244 818 433 842 autemnon
454 807 575 843 fuerint
587 807 685 843 bonae
706 819 832 843 mentes
844 806 960 855 quibus
975 805 1183 843 Ethnicorum
1203 805 1304 840 cultus
1324 806 1447 854 impen-

69 853 207 889 debatur
217 883 226 897 ‚
236 854 311 890 hinc
336 856 515 893 identidem
525 856 645 905 probat
657 858 739 905 Aug.
757 856 846 904 quod
860 856 904 891 sui
912 855 1047 890 cultores
1058 854 1078 890 ὲ
1092 853 1204 890 summi
1214 856 1280 890 Dei
1290 853 1379 889 cultu
1395 855 1446 888 de-

70 905 324 946 terruerint,Dei
336 907 403 938 veri
413 905 549 940 cultores
565 908 690 954 magnis
705 908 810 953 poenis
820 904 989 941 affecerint
1000 933 1009 947 ‚
1020 902 1157 952 populos
1173 903 1306 938 demum
1331 907 1366 939 &
1376 915 1446 938 ma-

69 951 218 998 gistratus
236 953 269 986 in
284 964 339 986 eos
352 951 459 986 saevire
476 954 708 1001 compulerint3
722 966 794 989 cum
815 965 925 987 tamen
941 954 1074 1000 impune
1094 951 1206 986 liceret
1227 957 1261 988 δε
1283 954 1445 1000 Epicureis

70 998 203 1033 deorum
217 1000 455 1046 providentiam
466 1001 591 1045 tollere,
601 1007 635 1039 δε
645 1004 751 1037 Po'e'tis
761 1002 897 1036 deorum
907 999 1062 1035 adulteria
1073 1012 1126 1035 aut
1141 1001 1309 1048 parricidia
1318 1012 1444 1036 canere.

69 1048 161 1082 Hinc
174 1050 295 1081 Seneca
310 1049 425 1082 eodem
445 1051 477 1083 in
489 1050 581 1092 loco,
594 1050 674 1096 quid
683 1077 692 1087 ‚
705 1051 833 1097 inquit,
853 1049 939 1094 quod
958 1046 996 1081 ὠ·
1014 1050 1216 1085 matrimonia
1227 1049 1355 1082 deorum
1368 1052 1446 1092 jun-

64 1099 187 1145 gimus,
202 1094 241 1129 ὠ
253 1099 347 1144 nepie
357 1097 483 1142 quidem
499 1125 508 1140 ,
514 1098 659 1141 fratrum
662 1099 786 1142 scilicet
803 1097 996 1141 &sbrorum.

105 1147 239 1180 Omitto
262 1156 315 1179 eos
333 1145 482 1180 homines
502 1144 620 1193 quibus
638 1146 784 1181 divinum
795 1144 918 1180 cultum
931 1143 1158 1192 impenderunt
1169 1143 1341 1194 ‚pesfimos
1356 1143 1445 1180 fuiffe

64 1198 105 1230 ὃς
120 1195 245 1241 magnis
257 1194 344 1227 vitiis
355 1193 501 1243 insignes.
523 1195 597 1241 Qae
608 1196 710 1243 igitur
722 1196 812 1240 causti
823 1193 865 1238 est
875 1220 885 1231 ‚
903 1194 948 1226 ait
966 1194 1051 1239 Aug.
1064 1193 1124 1238 nist
1137 1192 1281 1237 stultitia
1301 1206 1447 1240 errorque
1462 1192 1519 1248 Ῑέ6
1530 1193 1559 1216 ‘¹‘-

63 1241 255 1286 :mserabilis
270 1269 280 1282 ,
297 1253 336 1275 nt
350 1245 378 1276 ei
395 1244 539 1289 tefacias
550 1243 731 1277 venerando
745 1243 895 1276 humilem
907 1269 917 1280 ‚
932 1245 982 1276 cui
994 1252 1025 1274 te
1037 1242 1142 1288 cupias·
1154 1241 1294 1276 vivendo
1318 1243 1370 1288 effe
1382 1243 1445 1287 dis-
1463 1233 1577 1285 02:217

64 1290 218 1336 fimilenu
239 1288 277 1323 ὠ·
296 1290 448 1338 religione
463 1292 547 1326 colas
568 1304 660 1338 quem
678 1292 802 1326 imitari
818 1291 924 1334 nolis,
936 1289 1004 1324 ciam
1016 1289 1177 1338 religionis
1180 1293 1306 1338 fitmma
1316 1291 1444 1337 fitfl'mt'-

73 1341 140 1373 tari
157 1351 247 1385 quem
267 1338 359 1373 colas.

104 1388 217 1435 Qre
228 1399 294 1421 non
309 1386 489 1421 mirandum
499 1385 518 1420 fi
529 1400 566 1422 ex
579 1386 727 1435 perverso
737 1387 901 1436 religionis
912 1386 999 1422 cultu
1016 1398 1082 1423 tarn
1097 1399 1195 1435 prava
1209 1399 1335 1422 morum
1346 1387 1444 1422 docu-

67 1446 178 1470 menta
188 1434 346 1469 fluxerint.
358 1436 409 1468 Sic
422 1435 513 1470 Arist.
526 1434 590 1483 ipse
602 1435 723 1470 bellum
744 1438 778 1469 in
791 1435 944 1470 barbaros
959 1436 1105 1470 naturale
1126 1435 1186 1470 effe
1197 1435 1293 1470 docet
1306 1434 1364 1478 3s1c
1382 1438 1445 1470 La-

68 1484 259 1517 cedaemonii
271 1511 280 1525 ‚
291 1495 428 1529 quorum
454 1483 596 1518 instituta
617 1482 672 1518 vel
694 1483 855 1531 Apollinis
876 1482 1007 1517 oraculo
1021 1494 1193 1530 tantopere
1211 1482 1335 1517 laudata
1349 1481 1420 1518 sunt
1433 1512 1445 1527 ,

69 1533 214 1566 Romani
228 1543 359 1577 quoque
375 1530 502 1565 laudem
518 1544 652 1567 omnem
667 1537 701 1568 &
714 1534 869 1567 virtutem
889 1530 984 1565 bellis
998 1530 1190 1578 plerumque
1203 1531 1376 1565 manifeste
1396 1533 1445 1567 in-

66 1581 151 1628 justis
163 1581 320 1614 contineri
336 1578 513 1627 persuasum
523 1579 704 1615 habuerunt
717 1595 725 1616 :
736 1593 810 1616 curn
824 1580 905 1616 nihil
924 1578 959 1614 fit
973 1581 1112 1626 iniquius
1122 1609 1132 1623 ,
1152 1591 1187 1614 ur
1200 1578 1331 1626 pulchre
1346 1582 1446 1628 Hugo

69 1631 198 1663 Grotius
213 1655 222 1670 ,
239 1640 339 1675 quam
350 1626 480 1675 fingulas
490 1629 588 1663 caedes
599 1631 712 1676 puniri,
729 1629 899 1664 occisarum
912 1629 1059 1676 gentium
1072 1628 1165 1662 velut
1174 1627 1349 1675 gloriosum
1364 1628 1446 1663 faci-

58 1689 125 1712 *nus
156 1677 325 1724 triumphis
348 1676 510 1710 ostentari.
539 1679 591 1711 Sic
605 1676 734 1725 publica
751 1678 919 1713 latrocinia
939 1676 1019 1712 olim
1042 1677 1127 1725 apud
1145 1677 1276 1712 Graecos
1287 1675 1443 1725 permissa,

67 1726 146 1761 dum
157 1728 240 1759 intra
253 1727 399 1773 proprios
413 1724 491 1759 fines
506 1739 573 1761 non
588 1725 710 1762 fierent.

108 1774 198 1820 Qid
212 1785 394 1808 memorem
405 1772 576 1809 liberorum
589 1773 1044 1824 expofitioneni,gladiatoruni
1058 1772 1192 1808 laniatus
1204 1774 1287 1807 inter
1300 1772 1446 1809 oblecra-

58 1834 174 1857 -menta
191 1820 317 1870 publica
332 1831 342 1857 ἒ
355 1822 444 1872 Qd
456 1823 540 1868 qnod
556 1823 655 1857 Arist.
667 1824 826 1858 ultionem
846 1827 880 1858 in
896 1826 1015 1858 virtute
1033 1823 1145 1870 ponit3
1163 1832 1198 1856 ur
1212 1819 1268 1856 lib.
1286 1836 1321 1868 4.
1338 1823 1441 1858 Ethic.

61 1871 228 1905 Videtur,
244 1871 366 1917 inquit,
379 1874 455 1904 tatis
470 1869 508 1905 (ᾗ
519 1874 607 1918 sensit
629 1870 666 1905 (ῥ’
681 1872 787 1906 dolore
803 1884 910 1906 carere
931 1886 938 1906 ;
957 1869 996 1905 &⁹
1018 1883 1086 1904 cum
1101 1883 1162 1904 non
1180 1870 1348 1915 irascatur,
1368 1872 1442 1905 vin-

66 1919 150 1952 diffie
176 1921 229 1965 effe
248 1920 431 1967 negligens}
442 1922 575 1965 servile,
585 1920 616 1965 fi
635 1921 845 1964 contumelias?
859 1920 1002 1954 trae'leris
1013 1947 1023 1962 ‚
1042 1918 1078 1953 id
1096 1919 1242 1953 tolerare.
1269 1921 1308 1953 Et
1325 1919 1441 1954 Cicero

59 1965 124 2003 lib.
138 1982 164 2003 z.
178 1968 218 2001 de
228 1969 351 2003 invent.
366 1970 448 2002 inter
463 1981 499 2002 ea
512 1981 582 2016 quae
593 1969 631 2003 ad
647 1975 696 2018 jus
717 1969 859 2004 naturale
874 1970 1038 2017 pertinent
1048 1995 1058 2010 ‚
1074 1966 1327 2001 vindicationem
1341 1970 1443 2015 ponit,

65 2025 122 2063 per
132 2028 228 2062 quam
244 2045 247 2047 .
259 2018 364 2062 inquit
377 2045 386 2059 ,
399 2019 466 2050 vim
480 2028 537 2051 aut
545 2018 763 2053 contumeliam
781 2017 978 2063 defendendo
989 2026 1064 2055 ‚aut
1083 2015 1253 2061 ulciscendo
1274 2017 1442 2064 propulsa}-

58 2075 145 2099 mus.
158 2063 249 2099 Nihil
259 2067 359 2112 magis
372 2067 394 2098 ii
409 2065 619 2114 neglexerunt
633 2066 732 2114 quam
754 2067 956 2101 matrimonii
970 2063 1174 2101 sanetitatem
1183 2093 1193 2108 ‚
1208 2076 1281 2099 curn
1295 2064 1371 2099 deos
1385 2077 1441 2100 co-

60 2109 170 2147 -lerent
185 2125 321 2160 quotum
338 2114 441 2162 stupra
458 2120 491 2150 &
507 2115 666 2150 adulteria
682 2115 909 2163 praedicabant.
1014 2149 1018 2152 .

103 2162 164 2194 Sed
175 2164 206 2196 in
220 2161 398 2196 Christiana
411 2162 567 2211 religione
577 2167 682 2198 omnis
695 2163 882 2212 prohibetur
897 2166 1008 2213 injuria
1018 2181 1027 2207 ;
1038 2175 1074 2198 ac
1086 2174 1125 2198 ne
1138 2161 1212 2196 licet
1224 2162 1356 2208 quidem
1369 2175 1441 2198 ver-

69 2205 119 2241 bis
132 2221 186 2243 ant
195 2210 286 2244 faffis
298 2210 420 2245 illatam
432 2224 601 2259 reponere.
620 2213 721 2260 Qod
735 2215 848 2260 utique
867 2215 952 2248 inter
974 2210 1185 2259 philosophos
1201 2209 1415 2258 sapientiffimi
1429 2242 1440 2256 ,

69 2267 104 2290 ut
119 2256 211 2292 Plato
224 2261 254 2291 in
273 2259 409 2294 Critone
425 2289 433 2303 ,
451 2261 635 2297 docuerunt.
656 2264 745 2297 Hinc
756 2261 833 2296 illud
853 2262 1036 2298 Menandri.

229 2306 258 2337 Ο
270 2306 388 2354 Gorgia
400 2310 472 2347 ‚ille
489 2313 634 2344 virorum
651 2310 690 2354 est
707 2313 841 2358 optimus

232 2353 295 2400 Qi
310 2356 422 2392 melius
436 2359 512 2393 aliis
528 2359 625 2393 callet
631 2360 719 2406 ferre
742 2360 884 2404 injurias.
1205 2382 1210 2388 .

1168 2409 1222 2441 Zz
1248 2405 1281 2451 iij
