1857 2745
556 126 707 162 PARS
745 125 1048 164 SECUNDA.
1437 132 1491 169 ³75

530 208 814 256 QUAESTIO
864 209 888 243 P
906 208 940 243 R
960 209 975 241 1
998 209 1038 243 Μ
1056 209 1095 245 A.

458 288 502 322 In
524 301 586 336 quo
610 288 712 337 postta
725 288 772 335 fit
795 299 916 324 natura
926 289 1153 339 proposttionis.

96 372 252 458 CUm
267 370 384 420 duplex
400 367 624 418 sitpropofitio
637 399 646 413 ‚
664 383 729 405 una
743 372 897 415 interior,
912 383 983 418 quae
995 370 1129 405 secunda
1140 369 1186 404 est
1197 372 1315 405 mentis
1325 373 1487 420 operatio,

183 433 317 470 quaeque
331 419 486 469 judicium
497 420 578 454 [olet
587 419 742 468 appellari
757 436 765 463 3
791 425 824 457 δι
837 423 1061 468 exteriot,quae
1074 421 1254 454 enuntiatio
1262 432 1393 468 quoque
1405 421 1488 456 dici-

98 481 169 507 tur:
192 473 226 506 in
239 483 305 519 quo
314 468 416 519 posita
428 467 464 504 fit
475 467 639 516 utriusque
651 467 797 514 essentia,
823 468 965 506 breviter
981 470 1025 504 est
1045 468 1282 516 explicandum.

137 521 280 564 Primus,
300 531 336 554 ut
348 524 414 568 jam
426 517 507 554 alias
521 519 645 553 dietum
665 519 708 554 est
720 548 730 563 ‚
752 521 869 555 mentis
881 519 1049 568 aspectus3
1067 530 1134 565 quo
1152 520 1198 551 rei
1213 517 1344 566 alicujus
1361 519 1465 555 ideam
1476 549 1486 565 ,

95 569 152 606 vel
163 571 338 618 imaginem
351 569 497 617 depingit
511 597 521 612 ‚
538 567 674 616 fimplex
691 567 903 618 apprehensio
913 598 924 613 ‚
934 581 991 603 aut
1004 569 1172 616 perceptio
1181 567 1304 603 dicitm.
1317 570 1403 603 Cum
1443 569 1487 604 lu-

95 618 247 654 resideas
256 630 347 654 mens
358 628 542 666 comparat:
559 630 625 652 tum
637 615 776 653 affirmat
795 647 804 662 ‚
821 617 880 653 ubi
898 618 967 653 illas
981 619 1169 666 conjungit;
1189 628 1245 651 aut
1256 629 1355 666 negat
1370 647 1381 662 ‚
1418 632 1426 652 1
1440 617 1487 653 se-

95 679 199 717 paret.
218 669 317 703 Actio
328 679 437 702 autem
450 666 505 701 illa
517 669 638 702 mentis
649 666 905 715 quatsubjessum
917 680 991 702 cum
1005 665 1164 702 attributo
1179 677 1233 700 aut
1247 669 1490 716 conjungit‚aut

94 716 248 759 divellit„
265 715 346 751 solet
353 716 511 764 judicium
526 717 700 755 nominari,
726 717 891 762 Qiaeritur
905 718 1017 764 itaque
1031 716 1108 763 quid
1119 715 1271 764 judicium
1288 716 1487 765 potissimum

94 764 286 808 constituat:
308 777 350 800 an
368 765 455 813 quod
470 763 506 799 fit
518 767 664 812 cognitio
678 777 720 800 ex
736 764 877 814 pluribus
895 765 976 799 ideis
998 763 1176 813 compofita
1192 774 1202 800 Ξ
1219 777 1260 800 an
1292 769 1400 813 potius
1416 766 1490 802 sim.

95 813 172 864 plex
180 815 240 849 erit
253 813 391 861 qualitas
408 843 418 858 ‚
438 812 492 849 seu
500 816 618 848 mentis
628 815 716 849 aCtio
730 842 738 853 ‚
760 826 825 862 qua
845 826 944 849 unum
958 826 1033 850 curn
1044 814 1149 850 altero
1170 817 1354 863 conjungit,
1371 828 1426 851 aut
1438 815 1488 851 se-

93 875 209 912 parat?
223 860 435 911 'Qoautem
452 860 579 897 facilius
597 864 727 910 quaestio
738 863 804 912 ipsa
821 863 986 911 dijudicari
1003 862 1123 912 poffit,
1140 875 1211 911 quae
1227 863 1325 898 n0b1s
1337 865 1487 902 videntur

94 913 231 947 certiora
240 941 250 955 ,
263 912 340 947 sunt*
347 923 423 946 ante
435 912 687 960 praemunienda.

129 975 142 997 1
155 960 250 996 ·111ud
268 960 396 1009 videtur
413 960 641 1004 manifestum,
662 960 704 994 ad
717 962 879 996 rationem
887 960 994 1008 judicii
1007 957 1159 995 affensrim
1173 962 1337 1009 quendam
1351 965 1485 1011 requiri.

94 1008 182 1045 Cum
190 1012 278 1045 enim
291 1007 484 1044 affirmamus
497 1021 615 1044 terram
629 1006 691 1044 effe
706 1010 890 1051 rotundam,
904 1022 972 1044 non
986 1009 1052 1044 sola
1067 1012 1277 1057 perceptione
1288 1011 1486 1055 intellectus,

101 1058 155 1094 sed
163 1056 283 1094 affensu
296 1063 329 1095 δι
341 1058 614 1092 determinatione
627 1058 734 1104 quada
746 1057 966 1100 voluntatis‚id
979 1059 1277 1093 decernimus:adeo
1287 1071 1321 1093 ut
1331 1061 1485 1106 judicium

92 1112 127 1146 in
137 1106 235 1142 rebus
245 1106 363 1142 saltem
374 1135 383 1150 ‚
402 1118 480 1154 quas
490 1106 684 1154 imperfecte
695 1135 705 1150 ,
724 1119 792 1142 non
812 1105 917 1149 clare,
937 1111 970 1142 &
985 1105 1074 1140 velut
1087 1118 1125 1140 ex
1141 1109 1231 1142 omni
1249 1119 1340 1156 parte
1352 1108 1484 1157 cognos-

93 1160 214 1200 cimus,
230 1156 250 1191 ἐι
264 1154 416 1190 libertate
429 1155 531 1190 nostra
544 1155 707 1203 pendeat:
728 1167 917 1203 quanquam
937 1157 975 1189 iis
991 1154 1161 1202 quat-,clara
1179 1154 1249 1191 sunt
1266 1169 1323 1205 per
1336 1155 1398 1191 sese
1409 1187 1415 1194 ,
1427 1171 1484 1193 ω-

90 1211 139 1255 jus
150 1208 275 1255 generis
293 1204 362 1241 sunt
375 1206 536 1240 axiomata
554 1233 563 1247 ‚
583 1203 631 1239 his
647 1233 657 1248 ‚
676 1206 811 1252 inquam
823 1232 832 1247 ‚
859 1217 927 1240 non
944 1202 1047 1238 libere
1064 1233 1087 1247 ‚.
1105 1203 1157 1238 sed
1179 1205 1359 1241 voluntarie
1382 1203 1502 1242 ass‘ens

93 1257 196 1290 timur.
217 1255 279 1290 Sed
290 1265 450 1303 perpauca
468 1253 540 1288 sunt
553 1258 620 1300 ejus
639 1255 768 1302 generis
779 1253 909 1300 judicia.
929 1253 1018 1288 Cum
1042 1255 1129 1288 enim
1155 1256 1301 1303 cognitio
1323 1255 1431 1290 nostra
1446 1254 1482 1291 fit

92 1304 282 1354 plerumque
299 1302 432 1338 obscura
447 1307 481 1339 &
495 1302 709 1351 imperfecta,
733 1304 853 1352 judicia
875 1303 979 1338 nostra
1001 1314 1040 1337 ut
1057 1302 1229 1351 plurimum
1260 1316 1299 1339 ex
1331 1303 1482 1340 libertate

91 1354 199 1391 nostra
211 1354 377 1389 ducuntur.
407 1353 498 1388 Hinc
514 1364 613 1401 prava
632 1353 751 1400 judicia
762 1351 859 1387 nobis
877 1354 964 1387 vitio
982 1363 1160 1387 vertuntur.

133 1417 165 1440 2¹¹
177 1402 258 1438 Illud
271 1413 405 1450 quoque
424 1399 521 1436 nobis
539 1402 689 1446 videtur,
720 1414 787 1438 non
804 1401 961 1450 judicium
978 1401 1078 1436 modo
1099 1430 1108 1444 ‚
1142 1400 1197 1436 sed
1229 1404 1329 1437 etiam
1373 1414 1483 1450 ercep-

91 1453 218 1487 tionem
227 1451 369 1487 nostram
381 1449 441 1485 effe
455 1451 620 1485 actionem
631 1454 762 1486 mentis.
785 1451 822 1484 Id
833 1453 920 1485 enim
933 1448 1077 1485 Cartefio
1095 1455 1129 1486 &
1145 1453 1181 1484 iis
1192 1453 1247 1497 qui
1262 1462 1337 1485 eum
1345 1415 1482 1498 {quun-

93 1511 164 1544 tur,
181 1513 249 1535 non
263 1498 386 1547 poffum
399 1499 599 1541 concedere3
616 1511 764 1533 mentem
775 1515 778 1519 ·
789 1500 876 1544 pati,
900 1500 1120 1544 autrecipere
1140 1500 1367 1533 tantummodo
1379 1526 1388 1540 ‚
1408 1513 1482 1535 cum

92 1550 234 1597 percipit
248 1577 258 1591 ,
280 1560 346 1581 non
358 1558 455 1595 agere
471 1563 480 1590 ·,
500 1558 634 1581 omnem
656 1547 740 1580 adeo
757 1547 920 1580 actionem
943 1545 982 1579 ad
998 1546 1203 1580 voluntatem
1216 1548 1390 1594 pertinere.
1414 1550 1482 1584 Pri-

94 1610 151 1632 mo
163 1598 252 1633 enim
269 1608 343 1630 cum
361 1607 431 1630 rem
441 1596 605 1642 percipio,
624 1596 896 1643 aut-cogitatione
912 1593 1033 1636 volvo,
1053 1594 1085 1627 id
1112 1594 1193 1630 mihi
1217 1594 1355 1630 conscius
1387 1596 1453 1632 sum
1468 1627 1479 1641 ‚

92 1646 125 1681 id
140 1648 174 1680 in
191 1658 245 1680 me
263 1646 420 1692 experior,
432 1656 487 1678 me
508 1642 664 1690 quiddam
679 1656 777 1692 agere
792 1671 801 1686 ‚
821 1643 921 1690 idque
943 1642 1147 1690 praeclarum,
1174 1657 1240 1679 non
1264 1644 1389 1690 feriari,
1413 1660 1481 1682 non

93 1697 228 1731 omnino
239 1691 363 1730 cessare.
379 1709 396 1730 2
422 1691 625 1741 Sinihilagit
642 1692 846 1735 intellectus,
864 1691 945 1727 nihil
958 1691 1110 1735 molitur,
1130 1693 1215 1728 unde
1230 1704 1318 1727 tanta
1338 1695 1374 1728 in
1390 1699 1479 1744 cogi-

95 1745 194 1780 tando
205 1745 396 1779 contentio?
414 1755 442 1787 3·¹
452 1743 526 1778 Nec
545 1740 718 1789 probabile
733 1741 858 1776 videtur
875 1751 1023 1776 mentem
1036 1740 1206 1777 humanam
1220 1741 1281 1776 esse
1296 1753 1419 1778 tantum
1432 1747 1481 1780 in-

92 1793 152 1829 star
163 1792 303 1842 speculi,
318 1791 405 1839 quod
420 1802 526 1825 rerum
544 1793 701 1839 imagines
714 1792 840 1838 excipit.
866 1799 908 1834 40
920 1791 1093 1837 Perceptio
1104 1819 1113 1833 ‚
1136 1790 1186 1824 seu
1198 1792 1342 1839 cognitio
1358 1792 1400 1825 est
1409 1806 1479 1827 ma-

92 1843 180 1877 xima
194 1841 280 1876 illius
308 1840 490 1889 perfectio:
518 1851 568 1872 res
591 1852 670 1874 vero
699 1852 896 1887 unaquaeque
921 1850 979 1886 pet
1005 1838 1091 1873 suam
1113 1841 1275 1874 actionem
1305 1839 1478 1887 perficitur.

92 1893 156 1929 His
169 1893 280 1939 itaque
297 1888 401 1938 probe
418 1887 615 1931 intellectis,
646 1901 720 1936 quae
743 1888 785 1923 ad
808 1889 1032 1936 cognitionem
1053 1893 1086 1924 &
1101 1888 1303 1924 functionum
1320 1891 1417 1923 animi
1433 1892 1481 1924 in-

95 1939 307 1990 telligentiam
327 1951 393 1974 non
412 1937 482 1974 sunt
495 1935 618 1986 prorsus
631 1937 754 1974 inutilia
763 1965 774 1980 ‚
792 1949 860 1972 non
869 1938 930 1972 erit
942 1934 1071 1971 difficile
1082 1937 1246 1984 quaestioni
1259 1936 1423 1986 propositae
1432 1937 1481 1974 sa-

95 1989 258 2025 tisfacere.
275 1990 325 2024 Sit
349 1989 445 2037 igitur
776 2020 779 2024 .

645 2040 754 2074 Vnica
769 2037 927 2083 conclusio.
940 2065 944 2068 .

129 2135 288 2183 1udicium
303 2135 350 2169 est
367 2134 498 2185 simplex
518 2139 552 2173 &
570 2147 635 2170 una
644 2132 799 2182 qualitas,
813 2146 920 2183 neque
933 2146 973 2170 ex
982 2133 1154 2183 multiplici
1166 2135 1375 2182 perceptione
1386 2146 1477 2170 com.

99 2187 238 2230 ponitur.

137 2233 296 2267 Probatur
305 2234 476 2279 Conclusto.
490 2235 654 2282 judicium
667 2235 711 2269 est
728 2234 857 2283 proprie
867 2234 955 2268 aditio
968 2235 1086 2269 mentis
1100 2261 1109 2276 ,
1127 2243 1184 2280 per
1205 2243 1301 2279 quam
1314 2231 1353 2265 de
1367 2243 1401 2265 rc
1418 2231 1477 2266 ali-

100 2291 163 2328 qua
180 2280 243 2316 fert
259 2281 456 2319 sententiam.
477 2287 568 2320 Nam
582 2281 757 2333 subjectum
778 2295 851 2317 cnm
862 2281 1022 2317 attributo
1039 2283 1204 2330 conjungit
1218 2309 1227 2323 ,
1241 2279 1296 2314 vel
1313 2279 1354 2314 ab
1371 2293 1410 2314 eo
1431 2280 1477 2315 se-

101 2339 192 2376 parat
205 2357 213 2371 ,
231 2328 565 2376 affirmandorscilicess
582 2344 637 2366 aut
649 2333 809 2382 negando·
828 2333 927 2378 Atqui
945 2333 1031 2366 aCtio
1043 2330 1097 2365 illa
1111 2332 1228 2364 mentis
1242 2342 1307 2364 non
1321 2330 1367 2363 est
1383 2330 1478 2376 quid-

103 2377 176 2413 dam
190 2390 228 2413 ex
243 2379 350 2414 multis
365 2380 627 2430 perceptionibus
641 2381 854 2432 compositum
870 2409 881 2425 ,
898 2379 951 2415 sed
960 2379 1085 2429 aliquid
1097 2377 1228 2428 simplex
1239 2393 1246 2415 :
1256 2377 1383 2427 poffunt
1391 2380 1478 2415 enim

1280 2429 1353 2474 Yq
