<?xml version="1.0" encoding="UTF-8"?>
<!DOCTYPE html PUBLIC "-//W3C//DTD XHTML 1.0 Transitional//EN"
    "http://www.w3.org/TR/xhtml1/DTD/xhtml1-transitional.dtd">
<html xmlns="http://www.w3.org/1999/xhtml" xml:lang="en" lang="en">
 <head>
  <title>
</title>
<meta http-equiv="Content-Type" content="text/html;charset=utf-8" />
  <meta name='ocr-system' content='tesseract 3.04.00' />
  <meta name='ocr-capabilities' content='ocr_page ocr_carea ocr_par ocr_line ocrx_word'/>
</head>
<body>
  <div class='ocr_page' id='page_1' title='image "./philosophiavetus01duhauoft_0031.png"; bbox 0 0 1857 2745; ppageno 0'>
   <div class='ocr_carea' id='block_1_1' title="bbox 162 147 1563 2407">
    <p class='ocr_par' dir='ltr' id='par_1_1' title="bbox 333 147 1563 297">
     <span class='ocr_line' id='line_1_1' title="bbox 337 147 1563 200; baseline 0.002 -16"><span class='ocrx_word' id='word_1_1' title='bbox 337 195 343 200; x_wconf 68' lang='lat'>‚</span> <span class='ocrx_word' id='word_1_2' title='bbox 720 149 749 184; x_wconf 93' lang='lat' dir='ltr'>L</span> <span class='ocrx_word' id='word_1_3' title='bbox 775 149 809 185; x_wconf 93' lang='lat' dir='ltr'>O</span> <span class='ocrx_word' id='word_1_4' title='bbox 839 149 869 183; x_wconf 89' lang='lat' dir='ltr'>G</span> <span class='ocrx_word' id='word_1_5' title='bbox 895 150 909 183; x_wconf 93' lang='lat'>1</span> <span class='ocrx_word' id='word_1_6' title='bbox 931 147 962 184; x_wconf 90' lang='lat' dir='ltr'>C</span> <span class='ocrx_word' id='word_1_7' title='bbox 984 149 1031 185; x_wconf 82' lang='lat' dir='ltr'>AE.</span> <span class='ocrx_word' id='word_1_8' title='bbox 1539 158 1563 197; x_wconf 76' lang='lat'>&#39;9</span> 
     </span>
     <span class='ocr_line' id='line_1_2' title="bbox 339 194 1165 248; baseline 0.004 -17"><span class='ocrx_word' id='word_1_9' title='bbox 339 199 464 246; x_wconf 78' lang='lat' dir='ltr'>Asserit</span> <span class='ocrx_word' id='word_1_10' title='bbox 476 198 533 238; x_wconf 87' lang='lat' dir='ltr'>A,</span> <span class='ocrx_word' id='word_1_11' title='bbox 543 207 638 248; x_wconf 84' lang='lat' dir='ltr'>negat</span> <span class='ocrx_word' id='word_1_12' title='bbox 651 199 681 231; x_wconf 81' lang='lat' dir='ltr'><em>E</em></span> <span class='ocrx_word' id='word_1_13' title='bbox 691 226 699 237; x_wconf 94' lang='lat'><em>‚</em></span> <span class='ocrx_word' id='word_1_14' title='bbox 717 210 831 232; x_wconf 85' lang='lat' dir='ltr'>verum</span> <span class='ocrx_word' id='word_1_15' title='bbox 847 198 1043 247; x_wconf 79' lang='lat' dir='ltr'><em>generaliter</em></span> <span class='ocrx_word' id='word_1_16' title='bbox 1058 194 1165 234; x_wconf 58' lang='lat' dir='ltr'>ambo]</span> 
     </span>
     <span class='ocr_line' id='line_1_3' title="bbox 333 246 1135 297; baseline 0.005 -17"><span class='ocrx_word' id='word_1_17' title='bbox 333 248 458 295; x_wconf 81' lang='lat' dir='ltr'>Asserit</span> <span class='ocrx_word' id='word_1_18' title='bbox 475 249 504 287; x_wconf 89' lang='lat'>1,</span> <span class='ocrx_word' id='word_1_19' title='bbox 523 260 618 297; x_wconf 81' lang='lat' dir='ltr'>negat</span> <span class='ocrx_word' id='word_1_20' title='bbox 631 247 662 280; x_wconf 93' lang='grc' dir='ltr'><em>Ο</em></span> <span class='ocrx_word' id='word_1_21' title='bbox 673 247 749 294; x_wconf 78' lang='lat' dir='ltr'>,fid</span> <span class='ocrx_word' id='word_1_22' title='bbox 767 249 1015 295; x_wconf 75' lang='lat' dir='ltr'>particulariter</span> <span class='ocrx_word' id='word_1_23' title='bbox 1032 246 1135 285; x_wconf 87' lang='lat' dir='ltr'>ambo.</span> 
     </span>
    </p>

    <p class='ocr_par' dir='ltr' id='par_1_2' title="bbox 172 293 1562 690">
     <span class='ocr_line' id='line_1_4' title="bbox 213 293 1561 348; baseline -0.002 -16"><span class='ocrx_word' id='word_1_24' title='bbox 213 298 278 332; x_wconf 87' lang='lat' dir='ltr'>Hic</span> <span class='ocrx_word' id='word_1_25' title='bbox 295 307 374 346; x_wconf 82' lang='lat' dir='ltr'>ergo</span> <span class='ocrx_word' id='word_1_26' title='bbox 386 299 500 346; x_wconf 83' lang='lat' dir='ltr'>prioris</span> <span class='ocrx_word' id='word_1_27' title='bbox 512 296 628 346; x_wconf 82' lang='lat' dir='ltr'>regulae</span> <span class='ocrx_word' id='word_1_28' title='bbox 636 297 678 332; x_wconf 86' lang='lat' dir='ltr'>est</span> <span class='ocrx_word' id='word_1_29' title='bbox 688 294 810 332; x_wconf 86' lang='lat' dir='ltr'>sensus:</span> <span class='ocrx_word' id='word_1_30' title='bbox 823 299 854 332; x_wconf 89' lang='lat' dir='ltr'>in</span> <span class='ocrx_word' id='word_1_31' title='bbox 866 309 903 330; x_wconf 87' lang='lat' dir='ltr'>ea</span> <span class='ocrx_word' id='word_1_32' title='bbox 916 309 998 331; x_wconf 86' lang='lat' dir='ltr'>voce</span> <span class='ocrx_word' id='word_1_33' title='bbox 1007 297 1080 331; x_wconf 80' lang='lat' dir='ltr'>Feci</span> <span class='ocrx_word' id='word_1_34' title='bbox 1094 327 1104 342; x_wconf 93' lang='lat'>,</span> <span class='ocrx_word' id='word_1_35' title='bbox 1120 301 1324 348; x_wconf 81' lang='lat' dir='ltr'>reperiuntur</span> <span class='ocrx_word' id='word_1_36' title='bbox 1338 295 1407 330; x_wconf 86' lang='lat' dir='ltr'>duae</span> <span class='ocrx_word' id='word_1_37' title='bbox 1429 293 1561 330; x_wconf 81' lang='lat' dir='ltr'>vocales</span> 
     </span>
     <span class='ocr_line' id='line_1_5' title="bbox 175 342 1560 398; baseline -0.001 -17"><span class='ocrx_word' id='word_1_38' title='bbox 175 348 199 381; x_wconf 73' lang='lat' dir='ltr'><strong>E</strong></span> <span class='ocrx_word' id='word_1_39' title='bbox 209 351 243 383; x_wconf 72' lang='grc' dir='ltr'>δε</span> <span class='ocrx_word' id='word_1_40' title='bbox 254 350 278 382; x_wconf 90' lang='grc' dir='ltr'>Ι.</span> <span class='ocrx_word' id='word_1_41' title='bbox 288 359 358 394; x_wconf 85' lang='lat' dir='ltr'>quae</span> <span class='ocrx_word' id='word_1_42' title='bbox 372 344 537 395; x_wconf 80' lang='lat' dir='ltr'>designant</span> <span class='ocrx_word' id='word_1_43' title='bbox 549 344 764 382; x_wconf 84' lang='lat' dir='ltr'>universalem</span> <span class='ocrx_word' id='word_1_44' title='bbox 774 358 950 395; x_wconf 73' lang='lat' dir='ltr'>negantem</span> <span class='ocrx_word' id='word_1_45' title='bbox 960 375 969 389; x_wconf 87' lang='lat'>‚</span> <span class='ocrx_word' id='word_1_46' title='bbox 988 348 1135 395; x_wconf 78' lang='lat' dir='ltr'><strong>itemque</strong></span> <span class='ocrx_word' id='word_1_47' title='bbox 1149 349 1376 398; x_wconf 79' lang='lat' dir='ltr'>particularem</span> <span class='ocrx_word' id='word_1_48' title='bbox 1394 342 1560 380; x_wconf 87' lang='lat' dir='ltr'>affirman-</span> 
     </span>
     <span class='ocr_line' id='line_1_6' title="bbox 175 394 1562 444; baseline -0.003 -14"><span class='ocrx_word' id='word_1_49' title='bbox 175 407 243 430; x_wconf 85' lang='lat' dir='ltr'>tem</span> <span class='ocrx_word' id='word_1_50' title='bbox 257 398 407 431; x_wconf 87' lang='lat' dir='ltr'>converti</span> <span class='ocrx_word' id='word_1_51' title='bbox 418 395 614 444; x_wconf 84' lang='lat' dir='ltr'>simpliciter.</span> <span class='ocrx_word' id='word_1_52' title='bbox 631 397 725 438; x_wconf 81' lang='lat' dir='ltr'>Eva,</span> <span class='ocrx_word' id='word_1_53' title='bbox 744 397 850 443; x_wconf 86' lang='lat' dir='ltr'>inqua</span> <span class='ocrx_word' id='word_1_54' title='bbox 866 398 1066 444; x_wconf 83' lang='lat' dir='ltr'>reperiuntur</span> <span class='ocrx_word' id='word_1_55' title='bbox 1085 400 1154 434; x_wconf 89' lang='lat' dir='ltr'>E&amp;</span> <span class='ocrx_word' id='word_1_56' title='bbox 1171 399 1211 437; x_wconf 87' lang='lat' dir='ltr'>A,</span> <span class='ocrx_word' id='word_1_57' title='bbox 1224 397 1320 434; x_wconf 87' lang='lat' dir='ltr'>nobis</span> <span class='ocrx_word' id='word_1_58' title='bbox 1336 394 1470 430; x_wconf 89' lang='lat' dir='ltr'>insinuat</span> <span class='ocrx_word' id='word_1_59' title='bbox 1488 397 1562 430; x_wconf 85' lang='lat' dir='ltr'>uni..</span> 
     </span>
     <span class='ocr_line' id='line_1_7' title="bbox 176 442 1562 494; baseline -0.001 -15"><span class='ocrx_word' id='word_1_60' title='bbox 176 444 332 481; x_wconf 83' lang='lat' dir='ltr'>versalem</span> <span class='ocrx_word' id='word_1_61' title='bbox 355 457 530 494; x_wconf 79' lang='lat' dir='ltr'>negantem</span> <span class='ocrx_word' id='word_1_62' title='bbox 547 474 556 489; x_wconf 91' lang='lat'>‚</span> <span class='ocrx_word' id='word_1_63' title='bbox 575 447 722 492; x_wconf 85' lang='lat' dir='ltr'>itemque</span> <span class='ocrx_word' id='word_1_64' title='bbox 743 443 956 480; x_wconf 86' lang='lat' dir='ltr'>universalem</span> <span class='ocrx_word' id='word_1_65' title='bbox 983 442 1205 481; x_wconf 88' lang='lat' dir='ltr'>affirmantem</span> <span class='ocrx_word' id='word_1_66' title='bbox 1237 446 1385 481; x_wconf 89' lang='lat' dir='ltr'>converti</span> <span class='ocrx_word' id='word_1_67' title='bbox 1406 457 1463 492; x_wconf 87' lang='lat' dir='ltr'>per</span> <span class='ocrx_word' id='word_1_68' title='bbox 1478 446 1562 479; x_wconf 69' lang='lat' dir='ltr'>acci-</span> 
     </span>
     <span class='ocr_line' id='line_1_8' title="bbox 174 493 1559 543; baseline 0.001 -15"><span class='ocrx_word' id='word_1_69' title='bbox 174 494 265 530; x_wconf 88' lang='lat' dir='ltr'>dens.</span> <span class='ocrx_word' id='word_1_70' title='bbox 295 494 374 540; x_wconf 78' lang='lat' dir='ltr'>Asta</span> <span class='ocrx_word' id='word_1_71' title='bbox 389 523 398 538; x_wconf 87' lang='lat'>‚</span> <span class='ocrx_word' id='word_1_72' title='bbox 419 496 451 529; x_wconf 87' lang='lat' dir='ltr'>in</span> <span class='ocrx_word' id='word_1_73' title='bbox 465 507 529 543; x_wconf 85' lang='lat' dir='ltr'>qua</span> <span class='ocrx_word' id='word_1_74' title='bbox 539 496 740 543; x_wconf 86' lang='lat' dir='ltr'>reperiuntur</span> <span class='ocrx_word' id='word_1_75' title='bbox 754 495 782 529; x_wconf 88' lang='lat' dir='ltr'>A</span> <span class='ocrx_word' id='word_1_76' title='bbox 793 499 827 531; x_wconf 71' lang='grc' dir='ltr'>ὅ(</span> <span class='ocrx_word' id='word_1_77' title='bbox 846 496 892 538; x_wconf 91' lang='lat' dir='ltr'>O,</span> <span class='ocrx_word' id='word_1_78' title='bbox 906 494 1028 529; x_wconf 85' lang='lat' dir='ltr'>indicat</span> <span class='ocrx_word' id='word_1_79' title='bbox 1036 495 1251 530; x_wconf 81' lang='lat' dir='ltr'>universalem</span> <span class='ocrx_word' id='word_1_80' title='bbox 1268 493 1485 530; x_wconf 87' lang='lat' dir='ltr'>affirmantem</span> <span class='ocrx_word' id='word_1_81' title='bbox 1495 522 1505 537; x_wconf 87' lang='lat'>,</span> <span class='ocrx_word' id='word_1_82' title='bbox 1524 498 1559 530; x_wconf 87' lang='lat'>&amp;</span> 
     </span>
     <span class='ocr_line' id='line_1_9' title="bbox 172 541 1559 593; baseline -0.001 -16"><span class='ocrx_word' id='word_1_83' title='bbox 172 543 399 592; x_wconf 78' lang='lat' dir='ltr'>particularem</span> <span class='ocrx_word' id='word_1_84' title='bbox 416 556 591 592; x_wconf 72' lang='lat' dir='ltr'>negantem</span> <span class='ocrx_word' id='word_1_85' title='bbox 606 545 753 578; x_wconf 82' lang='lat' dir='ltr'>converti</span> <span class='ocrx_word' id='word_1_86' title='bbox 772 555 831 591; x_wconf 88' lang='lat' dir='ltr'>per</span> <span class='ocrx_word' id='word_1_87' title='bbox 843 541 1161 592; x_wconf 75' lang='lat' dir='ltr'>contrapositionem,</span> <span class='ocrx_word' id='word_1_88' title='bbox 1190 547 1294 593; x_wconf 81' lang='lat' dir='ltr'>Hujus</span> <span class='ocrx_word' id='word_1_89' title='bbox 1304 544 1467 592; x_wconf 82' lang='lat' dir='ltr'>postremae</span> <span class='ocrx_word' id='word_1_90' title='bbox 1479 555 1559 576; x_wconf 86' lang='lat' dir='ltr'>con-</span> 
     </span>
     <span class='ocr_line' id='line_1_10' title="bbox 172 591 1558 641; baseline -0.001 -15"><span class='ocrx_word' id='word_1_91' title='bbox 172 591 325 628; x_wconf 87' lang='lat' dir='ltr'>versionis</span> <span class='ocrx_word' id='word_1_92' title='bbox 335 606 401 628; x_wconf 87' lang='lat' dir='ltr'>non</span> <span class='ocrx_word' id='word_1_93' title='bbox 417 595 567 628; x_wconf 85' lang='lat' dir='ltr'>meminit</span> <span class='ocrx_word' id='word_1_94' title='bbox 577 592 784 638; x_wconf 83' lang='lat' dir='ltr'>Aristoteles,</span> <span class='ocrx_word' id='word_1_95' title='bbox 796 595 874 641; x_wconf 88' lang='lat' dir='ltr'>quia</span> <span class='ocrx_word' id='word_1_96' title='bbox 885 597 949 641; x_wconf 82' lang='lat' dir='ltr'>ejus</span> <span class='ocrx_word' id='word_1_97' title='bbox 967 592 1073 627; x_wconf 88' lang='lat' dir='ltr'>nullus</span> <span class='ocrx_word' id='word_1_98' title='bbox 1094 594 1138 629; x_wconf 84' lang='lat' dir='ltr'>est</span> <span class='ocrx_word' id='word_1_99' title='bbox 1154 592 1225 629; x_wconf 87' lang='lat' dir='ltr'>usus</span> <span class='ocrx_word' id='word_1_100' title='bbox 1251 596 1284 629; x_wconf 87' lang='lat' dir='ltr'>in</span> <span class='ocrx_word' id='word_1_101' title='bbox 1311 591 1558 628; x_wconf 59' lang='lat' dir='ltr'>reductionibus</span> 
     </span>
     <span class='ocr_line' id='line_1_11' title="bbox 175 640 444 690; baseline 0 -12"><span class='ocrx_word' id='word_1_102' title='bbox 175 640 444 690; x_wconf 83' lang='lat' dir='ltr'>syllogismorum.</span> 
     </span>
    </p>

    <p class='ocr_par' dir='ltr' id='par_1_3' title="bbox 171 688 1560 888">
     <span class='ocr_line' id='line_1_12' title="bbox 208 688 1557 745; baseline -0.001 -19"><span class='ocrx_word' id='word_1_103' title='bbox 208 693 335 726; x_wconf 80' lang='lat' dir='ltr'>Omnes</span> <span class='ocrx_word' id='word_1_104' title='bbox 347 704 456 726; x_wconf 83' lang='lat' dir='ltr'>autem</span> <span class='ocrx_word' id='word_1_105' title='bbox 476 693 536 727; x_wconf 81' lang='lat' dir='ltr'>istae</span> <span class='ocrx_word' id='word_1_106' title='bbox 550 691 796 727; x_wconf 87' lang='lat' dir='ltr'>conversionum</span> <span class='ocrx_word' id='word_1_107' title='bbox 806 690 893 745; x_wconf 75' lang='lat' dir='ltr'>leges</span> <span class='ocrx_word' id='word_1_108' title='bbox 912 690 1056 738; x_wconf 84' lang='lat' dir='ltr'>pendent</span> <span class='ocrx_word' id='word_1_109' title='bbox 1068 692 1088 728; x_wconf 70' lang='grc' dir='ltr'>ὲ</span> <span class='ocrx_word' id='word_1_110' title='bbox 1106 691 1282 728; x_wconf 82' lang='lat' dir='ltr'>cohaesione</span> <span class='ocrx_word' id='word_1_111' title='bbox 1295 720 1304 734; x_wconf 88' lang='lat'>,</span> <span class='ocrx_word' id='word_1_112' title='bbox 1323 691 1376 726; x_wconf 82' lang='lat' dir='ltr'>vel</span> <span class='ocrx_word' id='word_1_113' title='bbox 1395 692 1503 739; x_wconf 86' lang='lat' dir='ltr'>potius</span> <span class='ocrx_word' id='word_1_114' title='bbox 1514 688 1557 724; x_wconf 87' lang='lat' dir='ltr'>ab</span> 
     </span>
     <span class='ocr_line' id='line_1_13' title="bbox 171 738 1558 791; baseline 0 -17"><span class='ocrx_word' id='word_1_115' title='bbox 171 740 345 774; x_wconf 85' lang='lat' dir='ltr'>identitate</span> <span class='ocrx_word' id='word_1_116' title='bbox 355 740 491 788; x_wconf 72' lang='lat' dir='ltr'>subjeffl</span> <span class='ocrx_word' id='word_1_117' title='bbox 504 747 537 777; x_wconf 71' lang='grc' dir='ltr'>δε</span> <span class='ocrx_word' id='word_1_118' title='bbox 547 740 717 775; x_wconf 76' lang='lat' dir='ltr'>attributi:</span> <span class='ocrx_word' id='word_1_119' title='bbox 733 740 820 786; x_wconf 87' lang='lat' dir='ltr'>quod</span> <span class='ocrx_word' id='word_1_120' title='bbox 833 743 952 774; x_wconf 83' lang='lat' dir='ltr'>sienim</span> <span class='ocrx_word' id='word_1_121' title='bbox 965 738 1147 789; x_wconf 55' lang='lat' dir='ltr'>subjeetum</span> <span class='ocrx_word' id='word_1_122' title='bbox 1156 744 1356 791; x_wconf 77' lang='lat' dir='ltr'>conjungitur</span> <span class='ocrx_word' id='word_1_123' title='bbox 1368 746 1400 778; x_wconf 88' lang='lat'>&amp;</span> <span class='ocrx_word' id='word_1_124' title='bbox 1412 738 1558 774; x_wconf 86' lang='lat' dir='ltr'>identifi-</span> 
     </span>
     <span class='ocr_line' id='line_1_14' title="bbox 171 787 1560 837; baseline 0.001 -15"><span class='ocrx_word' id='word_1_125' title='bbox 171 800 261 824; x_wconf 82' lang='lat' dir='ltr'>catur</span> <span class='ocrx_word' id='word_1_126' title='bbox 272 818 282 832; x_wconf 92' lang='lat'>,</span> <span class='ocrx_word' id='word_1_127' title='bbox 297 801 333 824; x_wconf 92' lang='lat' dir='ltr'>ut</span> <span class='ocrx_word' id='word_1_128' title='bbox 344 792 435 824; x_wconf 88' lang='lat' dir='ltr'>aiunt</span> <span class='ocrx_word' id='word_1_129' title='bbox 447 818 455 832; x_wconf 87' lang='lat'>,</span> <span class='ocrx_word' id='word_1_130' title='bbox 475 802 549 824; x_wconf 85' lang='lat' dir='ltr'>cum</span> <span class='ocrx_word' id='word_1_131' title='bbox 564 787 745 832; x_wconf 83' lang='lat' dir='ltr'>attributo,</span> <span class='ocrx_word' id='word_1_132' title='bbox 759 787 882 824; x_wconf 79' lang='lat' dir='ltr'>necesse</span> <span class='ocrx_word' id='word_1_133' title='bbox 897 789 939 823; x_wconf 89' lang='lat' dir='ltr'>est</span> <span class='ocrx_word' id='word_1_134' title='bbox 947 792 1068 837; x_wconf 84' lang='lat' dir='ltr'>paritet</span> <span class='ocrx_word' id='word_1_135' title='bbox 1082 790 1279 826; x_wconf 87' lang='lat' dir='ltr'>attributum</span> <span class='ocrx_word' id='word_1_136' title='bbox 1290 792 1374 826; x_wconf 80' lang='lat' dir='ltr'>tuiiri</span> <span class='ocrx_word' id='word_1_137' title='bbox 1388 795 1422 826; x_wconf 71' lang='grc' dir='ltr'>δε</span> <span class='ocrx_word' id='word_1_138' title='bbox 1443 790 1560 824; x_wconf 84' lang='lat' dir='ltr'>identi-</span> 
     </span>
     <span class='ocr_line' id='line_1_15' title="bbox 173 835 518 888; baseline 0 -15"><span class='ocrx_word' id='word_1_139' title='bbox 173 835 262 873; x_wconf 85' lang='lat' dir='ltr'>ficari</span> <span class='ocrx_word' id='word_1_140' title='bbox 275 851 348 874; x_wconf 88' lang='lat' dir='ltr'>cum</span> <span class='ocrx_word' id='word_1_141' title='bbox 365 839 440 888; x_wconf 73' lang='lat' dir='ltr'>subj-</span> <span class='ocrx_word' id='word_1_142' title='bbox 456 841 518 875; x_wconf 66' lang='lat'>&amp;0-</span> 
     </span>
    </p>

    <p class='ocr_par' dir='ltr' id='par_1_4' title="bbox 169 885 1557 1082">
     <span class='ocr_line' id='line_1_16' title="bbox 204 885 1557 939; baseline 0 -17"><span class='ocrx_word' id='word_1_143' title='bbox 204 887 363 922; x_wconf 85' lang='lat' dir='ltr'>Cetetum</span> <span class='ocrx_word' id='word_1_144' title='bbox 373 887 607 937; x_wconf 79' lang='lat' dir='ltr'>propositiones</span> <span class='ocrx_word' id='word_1_145' title='bbox 623 887 816 922; x_wconf 85' lang='lat' dir='ltr'>universales</span> <span class='ocrx_word' id='word_1_146' title='bbox 828 885 1026 925; x_wconf 84' lang='lat' dir='ltr'>affirmantes</span> <span class='ocrx_word' id='word_1_147' title='bbox 1041 904 1108 927; x_wconf 89' lang='lat' dir='ltr'>non</span> <span class='ocrx_word' id='word_1_148' title='bbox 1127 889 1254 939; x_wconf 72' lang='lat' dir='ltr'>possunt</span> <span class='ocrx_word' id='word_1_149' title='bbox 1273 892 1419 925; x_wconf 91' lang='lat' dir='ltr'>converti</span> <span class='ocrx_word' id='word_1_150' title='bbox 1435 887 1557 936; x_wconf 84' lang='lat' dir='ltr'>simpli-</span> 
     </span>
     <span class='ocr_line' id='line_1_17' title="bbox 173 935 1557 982; baseline 0.004 -14"><span class='ocrx_word' id='word_1_151' title='bbox 173 937 348 971; x_wconf 80' lang='lat' dir='ltr'>citerzlicet</span> <span class='ocrx_word' id='word_1_152' title='bbox 365 940 453 972; x_wconf 87' lang='lat' dir='ltr'>enim</span> <span class='ocrx_word' id='word_1_153' title='bbox 463 939 569 972; x_wconf 88' lang='lat' dir='ltr'>omnis</span> <span class='ocrx_word' id='word_1_154' title='bbox 582 937 682 971; x_wconf 87' lang='lat' dir='ltr'>homo</span> <span class='ocrx_word' id='word_1_155' title='bbox 697 935 733 971; x_wconf 92' lang='lat' dir='ltr'>sit</span> <span class='ocrx_word' id='word_1_156' title='bbox 749 937 868 971; x_wconf 83' lang='lat' dir='ltr'>animal</span> <span class='ocrx_word' id='word_1_157' title='bbox 882 967 892 982; x_wconf 83' lang='lat'>‚</span> <span class='ocrx_word' id='word_1_158' title='bbox 912 951 977 973; x_wconf 90' lang='lat' dir='ltr'>uon</span> <span class='ocrx_word' id='word_1_159' title='bbox 990 951 1099 974; x_wconf 88' lang='lat' dir='ltr'>tamen</span> <span class='ocrx_word' id='word_1_160' title='bbox 1115 952 1214 974; x_wconf 87' lang='lat' dir='ltr'>omne</span> <span class='ocrx_word' id='word_1_161' title='bbox 1237 939 1408 973; x_wconf 75' lang='lat' dir='ltr'>animalest</span> <span class='ocrx_word' id='word_1_162' title='bbox 1435 938 1536 972; x_wconf 90' lang='lat' dir='ltr'>homo</span> <span class='ocrx_word' id='word_1_163' title='bbox 1550 952 1557 973; x_wconf 90' lang='lat'><strong>:</strong></span> 
     </span>
     <span class='ocr_line' id='line_1_18' title="bbox 169 987 1554 1036; baseline 0.001 -17"><span class='ocrx_word' id='word_1_164' title='bbox 169 996 246 1019; x_wconf 78' lang='lat' dir='ltr'>nan-i</span> <span class='ocrx_word' id='word_1_165' title='bbox 262 997 296 1020; x_wconf 93' lang='lat' dir='ltr'>ut</span> <span class='ocrx_word' id='word_1_166' title='bbox 312 997 383 1034; x_wconf 88' lang='lat' dir='ltr'>pars</span> <span class='ocrx_word' id='word_1_167' title='bbox 393 988 596 1021; x_wconf 82' lang='lat' dir='ltr'>contineatur</span> <span class='ocrx_word' id='word_1_168' title='bbox 612 987 644 1020; x_wconf 90' lang='lat' dir='ltr'>in</span> <span class='ocrx_word' id='word_1_169' title='bbox 655 996 726 1019; x_wconf 81' lang='lat' dir='ltr'>toto</span> <span class='ocrx_word' id='word_1_170' title='bbox 738 1015 747 1029; x_wconf 91' lang='lat'><em>‚</em></span> <span class='ocrx_word' id='word_1_171' title='bbox 761 998 828 1020; x_wconf 89' lang='lat' dir='ltr'>non</span> <span class='ocrx_word' id='word_1_172' title='bbox 840 997 949 1021; x_wconf 86' lang='lat' dir='ltr'>tamen</span> <span class='ocrx_word' id='word_1_173' title='bbox 965 999 1070 1023; x_wconf 89' lang='lat' dir='ltr'>totum</span> <span class='ocrx_word' id='word_1_174' title='bbox 1082 990 1113 1023; x_wconf 88' lang='lat' dir='ltr'>in</span> <span class='ocrx_word' id='word_1_175' title='bbox 1130 1000 1222 1036; x_wconf 86' lang='lat' dir='ltr'>parte</span> <span class='ocrx_word' id='word_1_176' title='bbox 1239 989 1426 1022; x_wconf 81' lang='lat' dir='ltr'>continetur</span> <span class='ocrx_word' id='word_1_177' title='bbox 1441 1002 1449 1023; x_wconf 92' lang='lat'>:</span> <span class='ocrx_word' id='word_1_178' title='bbox 1471 988 1554 1022; x_wconf 83' lang='lat' dir='ltr'>Ani-</span> 
     </span>
     <span class='ocr_line' id='line_1_19' title="bbox 170 1033 1250 1082; baseline 0.004 -16"><span class='ocrx_word' id='word_1_179' title='bbox 170 1033 234 1066; x_wconf 85' lang='lat' dir='ltr'>mal</span> <span class='ocrx_word' id='word_1_180' title='bbox 248 1047 278 1069; x_wconf 91' lang='lat' dir='ltr'>v.</span> <span class='ocrx_word' id='word_1_181' title='bbox 295 1047 341 1082; x_wconf 80' lang='lat' dir='ltr'>gr.</span> <span class='ocrx_word' id='word_1_182' title='bbox 352 1047 388 1068; x_wconf 91' lang='lat' dir='ltr'>ut</span> <span class='ocrx_word' id='word_1_183' title='bbox 405 1047 513 1069; x_wconf 83' lang='lat' dir='ltr'>totum</span> <span class='ocrx_word' id='word_1_184' title='bbox 524 1034 683 1081; x_wconf 72' lang='lat' dir='ltr'>spet‘ltatur</span> <span class='ocrx_word' id='word_1_185' title='bbox 695 1062 704 1076; x_wconf 90' lang='lat'>,</span> <span class='ocrx_word' id='word_1_186' title='bbox 724 1039 811 1079; x_wconf 84' lang='lat' dir='ltr'>cujus</span> <span class='ocrx_word' id='word_1_187' title='bbox 826 1046 896 1080; x_wconf 59' lang='lat' dir='ltr'>pars</span> <span class='ocrx_word' id='word_1_188' title='bbox 912 1036 1058 1081; x_wconf 76' lang='lat' dir='ltr'>quaedam</span> <span class='ocrx_word' id='word_1_189' title='bbox 1079 1037 1122 1069; x_wconf 89' lang='lat' dir='ltr'>est</span> <span class='ocrx_word' id='word_1_190' title='bbox 1138 1037 1250 1071; x_wconf 88' lang='lat' dir='ltr'>homo.</span> 
     </span>
    </p>

    <p class='ocr_par' dir='ltr' id='par_1_5' title="bbox 167 1081 1556 1223">
     <span class='ocr_line' id='line_1_20' title="bbox 205 1081 1556 1132; baseline 0 -17"><span class='ocrx_word' id='word_1_191' title='bbox 205 1082 418 1118; x_wconf 76' lang='lat' dir='ltr'>particulares</span> <span class='ocrx_word' id='word_1_192' title='bbox 442 1093 598 1132; x_wconf 71' lang='lat' dir='ltr'>negantes</span> <span class='ocrx_word' id='word_1_193' title='bbox 629 1095 697 1116; x_wconf 88' lang='lat' dir='ltr'>non</span> <span class='ocrx_word' id='word_1_194' title='bbox 724 1093 959 1117; x_wconf 88' lang='lat' dir='ltr'>convertuntur</span> <span class='ocrx_word' id='word_1_195' title='bbox 981 1081 1165 1131; x_wconf 85' lang='lat' dir='ltr'>simpliciter</span> <span class='ocrx_word' id='word_1_196' title='bbox 1181 1112 1190 1127; x_wconf 85' lang='lat'><em>‚</em></span> <span class='ocrx_word' id='word_1_197' title='bbox 1211 1082 1262 1117; x_wconf 93' lang='lat' dir='ltr'>sed</span> <span class='ocrx_word' id='word_1_198' title='bbox 1283 1094 1389 1130; x_wconf 85' lang='lat' dir='ltr'>neque</span> <span class='ocrx_word' id='word_1_199' title='bbox 1399 1095 1456 1132; x_wconf 90' lang='lat' dir='ltr'>per</span> <span class='ocrx_word' id='word_1_200' title='bbox 1471 1087 1556 1118; x_wconf 86' lang='lat' dir='ltr'>acci-</span> 
     </span>
     <span class='ocr_line' id='line_1_21' title="bbox 168 1129 1555 1180; baseline 0.001 -13"><span class='ocrx_word' id='word_1_201' title='bbox 168 1130 246 1167; x_wconf 80' lang='lat' dir='ltr'>dens</span> <span class='ocrx_word' id='word_1_202' title='bbox 261 1145 268 1166; x_wconf 91' lang='lat'><strong>:</strong></span> <span class='ocrx_word' id='word_1_203' title='bbox 285 1143 360 1166; x_wconf 83' lang='lat' dir='ltr'>nam</span> <span class='ocrx_word' id='word_1_204' title='bbox 377 1131 556 1180; x_wconf 89' lang='lat' dir='ltr'>utaliquod</span> <span class='ocrx_word' id='word_1_205' title='bbox 568 1130 687 1165; x_wconf 75' lang='lat' dir='ltr'>animal</span> <span class='ocrx_word' id='word_1_206' title='bbox 698 1129 809 1166; x_wconf 78' lang='lat' dir='ltr'>nonsit</span> <span class='ocrx_word' id='word_1_207' title='bbox 825 1129 943 1169; x_wconf 82' lang='lat' dir='ltr'>hoino,</span> <span class='ocrx_word' id='word_1_208' title='bbox 959 1145 1026 1167; x_wconf 88' lang='lat' dir='ltr'>non</span> <span class='ocrx_word' id='word_1_209' title='bbox 1043 1133 1115 1167; x_wconf 91' lang='lat' dir='ltr'>ideo</span> <span class='ocrx_word' id='word_1_210' title='bbox 1131 1133 1175 1168; x_wconf 88' lang='lat' dir='ltr'>ali</span> <span class='ocrx_word' id='word_1_211' title='bbox 1201 1135 1250 1167; x_wconf 88' lang='lat' dir='ltr'>uis</span> <span class='ocrx_word' id='word_1_212' title='bbox 1274 1131 1377 1167; x_wconf 87' lang='lat' dir='ltr'>homo</span> <span class='ocrx_word' id='word_1_213' title='bbox 1403 1146 1471 1168; x_wconf 89' lang='lat' dir='ltr'>non</span> <span class='ocrx_word' id='word_1_214' title='bbox 1492 1136 1555 1168; x_wconf 86' lang='lat' dir='ltr'>erit</span> 
     </span>
     <span class='ocr_line' id='line_1_22' title="bbox 167 1145 1356 1223; baseline 0.003 -10"><span class='ocrx_word' id='word_1_215' title='bbox 167 1178 287 1214; x_wconf 84' lang='lat' dir='ltr'>animal</span> <span class='ocrx_word' id='word_1_216' title='bbox 300 1197 308 1223; x_wconf 82' lang='lat'>3</span> <span class='ocrx_word' id='word_1_217' title='bbox 319 1193 355 1215; x_wconf 89' lang='lat' dir='ltr'>ac</span> <span class='ocrx_word' id='word_1_218' title='bbox 369 1181 473 1216; x_wconf 90' lang='lat' dir='ltr'>multo</span> <span class='ocrx_word' id='word_1_219' title='bbox 488 1184 592 1217; x_wconf 88' lang='lat' dir='ltr'>minus</span> <span class='ocrx_word' id='word_1_220' title='bbox 609 1192 723 1214; x_wconf 87' lang='lat' dir='ltr'>verum</span> <span class='ocrx_word' id='word_1_221' title='bbox 741 1180 941 1222; x_wconf 84' lang='lat' dir='ltr'>erit,nullum</span> <span class='ocrx_word' id='word_1_222' title='bbox 962 1181 1132 1217; x_wconf 89' lang='lat' dir='ltr'>hominem</span> <span class='ocrx_word' id='word_1_223' title='bbox 1149 1145 1210 1217; x_wconf 68' lang='lat' dir='ltr'>esse</span> <span class='ocrx_word' id='word_1_224' title='bbox 1226 1181 1356 1216; x_wconf 84' lang='lat' dir='ltr'>animal.</span> 
     </span>
    </p>

    <p class='ocr_par' dir='ltr' id='par_1_6' title="bbox 165 1228 1555 1769">
     <span class='ocr_line' id='line_1_23' title="bbox 205 1228 1552 1280; baseline 0.002 -18"><span class='ocrx_word' id='word_1_225' title='bbox 205 1228 285 1276; x_wconf 77' lang='lat' dir='ltr'>Qio</span> <span class='ocrx_word' id='word_1_226' title='bbox 300 1243 378 1265; x_wconf 87' lang='lat' dir='ltr'>vero</span> <span class='ocrx_word' id='word_1_227' title='bbox 396 1243 529 1266; x_wconf 85' lang='lat' dir='ltr'>omnem</span> <span class='ocrx_word' id='word_1_228' title='bbox 547 1229 791 1264; x_wconf 86' lang='lat' dir='ltr'>cavillationem</span> <span class='ocrx_word' id='word_1_229' title='bbox 809 1231 841 1264; x_wconf 91' lang='lat' dir='ltr'>in</span> <span class='ocrx_word' id='word_1_230' title='bbox 863 1232 1092 1267; x_wconf 84' lang='lat' dir='ltr'>convertendis</span> <span class='ocrx_word' id='word_1_231' title='bbox 1115 1229 1390 1280; x_wconf 79' lang='lat' dir='ltr'>propositionibus</span> <span class='ocrx_word' id='word_1_232' title='bbox 1402 1229 1552 1280; x_wconf 77' lang='lat' dir='ltr'>effugias,</span> 
     </span>
     <span class='ocr_line' id='line_1_24' title="bbox 167 1276 1555 1329; baseline 0.002 -18"><span class='ocrx_word' id='word_1_233' title='bbox 167 1276 402 1326; x_wconf 84' lang='lat' dir='ltr'>propositiones</span> <span class='ocrx_word' id='word_1_234' title='bbox 417 1278 484 1329; x_wconf 80' lang='lat' dir='ltr'>ipsae</span> <span class='ocrx_word' id='word_1_235' title='bbox 498 1279 569 1316; x_wconf 88' lang='lat' dir='ltr'>sunt</span> <span class='ocrx_word' id='word_1_236' title='bbox 593 1281 748 1328; x_wconf 87' lang='lat' dir='ltr'>imprimis</span> <span class='ocrx_word' id='word_1_237' title='bbox 762 1278 989 1329; x_wconf 80' lang='lat' dir='ltr'>intelligendae.</span> <span class='ocrx_word' id='word_1_238' title='bbox 1008 1283 1059 1316; x_wconf 88' lang='lat' dir='ltr'>Sic</span> <span class='ocrx_word' id='word_1_239' title='bbox 1082 1280 1137 1316; x_wconf 84' lang='lat' dir='ltr'>illa</span> <span class='ocrx_word' id='word_1_240' title='bbox 1156 1278 1332 1329; x_wconf 84' lang='lat' dir='ltr'>propositio</span> <span class='ocrx_word' id='word_1_241' title='bbox 1358 1310 1366 1323; x_wconf 89' lang='lat'>‚</span> <span class='ocrx_word' id='word_1_242' title='bbox 1380 1280 1485 1315; x_wconf 89' lang='lat' dir='ltr'>nullus</span> <span class='ocrx_word' id='word_1_243' title='bbox 1501 1284 1555 1328; x_wconf 83' lang='lat' dir='ltr'>ju-</span> 
     </span>
     <span class='ocr_line' id='line_1_25' title="bbox 168 1327 1554 1376; baseline 0.001 -16"><span class='ocrx_word' id='word_1_244' title='bbox 168 1330 259 1361; x_wconf 87' lang='lat' dir='ltr'>venis</span> <span class='ocrx_word' id='word_1_245' title='bbox 280 1327 342 1362; x_wconf 88' lang='lat' dir='ltr'>fuit</span> <span class='ocrx_word' id='word_1_246' title='bbox 360 1327 455 1364; x_wconf 82' lang='lat' dir='ltr'>senex</span> <span class='ocrx_word' id='word_1_247' title='bbox 473 1358 482 1373; x_wconf 86' lang='lat'>‚</span> <span class='ocrx_word' id='word_1_248' title='bbox 500 1329 583 1364; x_wconf 85' lang='lat' dir='ltr'>male</span> <span class='ocrx_word' id='word_1_249' title='bbox 605 1330 807 1363; x_wconf 87' lang='lat' dir='ltr'>convertitur</span> <span class='ocrx_word' id='word_1_250' title='bbox 826 1330 858 1364; x_wconf 91' lang='lat' dir='ltr'>in</span> <span class='ocrx_word' id='word_1_251' title='bbox 876 1341 949 1364; x_wconf 87' lang='lat' dir='ltr'>eam</span> <span class='ocrx_word' id='word_1_252' title='bbox 975 1359 984 1373; x_wconf 84' lang='lat'>‚</span> <span class='ocrx_word' id='word_1_253' title='bbox 1009 1329 1112 1366; x_wconf 87' lang='lat' dir='ltr'>nullus</span> <span class='ocrx_word' id='word_1_254' title='bbox 1142 1329 1236 1366; x_wconf 88' lang='lat' dir='ltr'>senex</span> <span class='ocrx_word' id='word_1_255' title='bbox 1253 1329 1315 1364; x_wconf 88' lang='lat' dir='ltr'>fuit</span> <span class='ocrx_word' id='word_1_256' title='bbox 1329 1332 1466 1376; x_wconf 84' lang='lat' dir='ltr'>juvenis.</span> <span class='ocrx_word' id='word_1_257' title='bbox 1490 1329 1554 1364; x_wconf 84' lang='lat' dir='ltr'>Sed</span> 
     </span>
     <span class='ocr_line' id='line_1_26' title="bbox 165 1377 1555 1428; baseline 0.003 -18"><span class='ocrx_word' id='word_1_258' title='bbox 165 1379 254 1424; x_wconf 85' lang='lat' dir='ltr'>prior</span> <span class='ocrx_word' id='word_1_259' title='bbox 264 1377 439 1427; x_wconf 83' lang='lat' dir='ltr'>propositio</span> <span class='ocrx_word' id='word_1_260' title='bbox 452 1381 497 1413; x_wconf 87' lang='lat' dir='ltr'>ita</span> <span class='ocrx_word' id='word_1_261' title='bbox 507 1379 551 1414; x_wconf 78' lang='lat' dir='ltr'>est</span> <span class='ocrx_word' id='word_1_262' title='bbox 560 1377 754 1427; x_wconf 80' lang='lat' dir='ltr'>explicanda</span> <span class='ocrx_word' id='word_1_263' title='bbox 765 1407 775 1422; x_wconf 86' lang='lat'><em>,</em></span> <span class='ocrx_word' id='word_1_264' title='bbox 790 1377 892 1413; x_wconf 87' lang='lat' dir='ltr'>nullus</span> <span class='ocrx_word' id='word_1_265' title='bbox 905 1382 1030 1425; x_wconf 78' lang='lat' dir='ltr'>juvenis</span> <span class='ocrx_word' id='word_1_266' title='bbox 1042 1379 1128 1414; x_wconf 88' lang='lat' dir='ltr'>estid</span> <span class='ocrx_word' id='word_1_267' title='bbox 1142 1379 1231 1428; x_wconf 89' lang='lat' dir='ltr'>quod</span> <span class='ocrx_word' id='word_1_268' title='bbox 1243 1378 1340 1414; x_wconf 82' lang='lat' dir='ltr'>senex</span> <span class='ocrx_word' id='word_1_269' title='bbox 1357 1379 1555 1415; x_wconf 76' lang='lat' dir='ltr'>fuerit1tum-</span> 
     </span>
     <span class='ocr_line' id='line_1_27' title="bbox 166 1425 1554 1476; baseline 0.003 -17"><span class='ocrx_word' id='word_1_270' title='bbox 166 1438 231 1472; x_wconf 88' lang='lat' dir='ltr'>que</span> <span class='ocrx_word' id='word_1_271' title='bbox 253 1425 292 1460; x_wconf 86' lang='lat' dir='ltr'>sic</span> <span class='ocrx_word' id='word_1_272' title='bbox 321 1439 393 1462; x_wconf 88' lang='lat' dir='ltr'>tuto</span> <span class='ocrx_word' id='word_1_273' title='bbox 407 1439 577 1463; x_wconf 80' lang='lat' dir='ltr'>convertes</span> <span class='ocrx_word' id='word_1_274' title='bbox 591 1457 599 1471; x_wconf 89' lang='lat'>‚</span> <span class='ocrx_word' id='word_1_275' title='bbox 619 1426 722 1462; x_wconf 82' lang='lat' dir='ltr'>nu¹lus</span> <span class='ocrx_word' id='word_1_276' title='bbox 743 1430 798 1474; x_wconf 83' lang='lat' dir='ltr'>qui</span> <span class='ocrx_word' id='word_1_277' title='bbox 817 1426 917 1463; x_wconf 89' lang='lat' dir='ltr'>fuerit</span> <span class='ocrx_word' id='word_1_278' title='bbox 930 1428 1035 1471; x_wconf 87' lang='lat' dir='ltr'>senex,</span> <span class='ocrx_word' id='word_1_279' title='bbox 1057 1430 1099 1464; x_wconf 91' lang='lat' dir='ltr'>est</span> <span class='ocrx_word' id='word_1_280' title='bbox 1117 1430 1256 1476; x_wconf 81' lang='lat' dir='ltr'>juvenis,</span> <span class='ocrx_word' id='word_1_281' title='bbox 1272 1430 1359 1464; x_wconf 82' lang='lat' dir='ltr'>Nam</span> <span class='ocrx_word' id='word_1_282' title='bbox 1374 1427 1554 1476; x_wconf 85' lang='lat' dir='ltr'>hujusiriodi</span> 
     </span>
     <span class='ocr_line' id='line_1_28' title="bbox 166 1474 1553 1525; baseline 0.003 -17"><span class='ocrx_word' id='word_1_283' title='bbox 166 1474 400 1523; x_wconf 84' lang='lat' dir='ltr'>propositiones</span> <span class='ocrx_word' id='word_1_284' title='bbox 421 1477 491 1512; x_wconf 89' lang='lat' dir='ltr'>sunt</span> <span class='ocrx_word' id='word_1_285' title='bbox 506 1477 613 1511; x_wconf 79' lang='lat' dir='ltr'>verbis</span> <span class='ocrx_word' id='word_1_286' title='bbox 626 1477 758 1522; x_wconf 85' lang='lat' dir='ltr'>quidem</span> <span class='ocrx_word' id='word_1_287' title='bbox 776 1475 931 1524; x_wconf 85' lang='lat' dir='ltr'>simplices</span> <span class='ocrx_word' id='word_1_288' title='bbox 946 1505 954 1519; x_wconf 92' lang='lat'>‚</span> <span class='ocrx_word' id='word_1_289' title='bbox 968 1477 1019 1512; x_wconf 91' lang='lat' dir='ltr'>sed</span> <span class='ocrx_word' id='word_1_290' title='bbox 1036 1476 1125 1513; x_wconf 87' lang='lat' dir='ltr'>sensu</span> <span class='ocrx_word' id='word_1_291' title='bbox 1143 1476 1334 1524; x_wconf 55' lang='lat' dir='ltr'>composite.</span> <span class='ocrx_word' id='word_1_292' title='bbox 1360 1478 1466 1512; x_wconf 74' lang='lat' dir='ltr'>Simili</span> <span class='ocrx_word' id='word_1_293' title='bbox 1479 1481 1553 1525; x_wconf 87' lang='lat' dir='ltr'>qui-</span> 
     </span>
     <span class='ocr_line' id='line_1_29' title="bbox 165 1523 1553 1573; baseline 0.003 -16"><span class='ocrx_word' id='word_1_294' title='bbox 165 1524 241 1558; x_wconf 86' lang='lat' dir='ltr'>dem</span> <span class='ocrx_word' id='word_1_295' title='bbox 256 1527 380 1558; x_wconf 89' lang='lat' dir='ltr'>ratione</span> <span class='ocrx_word' id='word_1_296' title='bbox 398 1554 407 1567; x_wconf 85' lang='lat'>,</span> <span class='ocrx_word' id='word_1_297' title='bbox 430 1526 493 1559; x_wconf 79' lang='lat' dir='ltr'>haec</span> <span class='ocrx_word' id='word_1_298' title='bbox 505 1523 683 1572; x_wconf 83' lang='lat' dir='ltr'>propositio</span> <span class='ocrx_word' id='word_1_299' title='bbox 693 1536 770 1559; x_wconf 82' lang='lat' dir='ltr'>vera</span> <span class='ocrx_word' id='word_1_300' title='bbox 782 1525 835 1567; x_wconf 81' lang='lat' dir='ltr'>est,</span> <span class='ocrx_word' id='word_1_301' title='bbox 851 1525 955 1559; x_wconf 81' lang='lat' dir='ltr'>nullus</span> <span class='ocrx_word' id='word_1_302' title='bbox 965 1525 1063 1560; x_wconf 82' lang='lat' dir='ltr'>senex</span> <span class='ocrx_word' id='word_1_303' title='bbox 1086 1527 1189 1573; x_wconf 88' lang='lat' dir='ltr'>potest</span> <span class='ocrx_word' id='word_1_304' title='bbox 1203 1526 1270 1560; x_wconf 87' lang='lat' dir='ltr'>fieri</span> <span class='ocrx_word' id='word_1_305' title='bbox 1294 1528 1437 1572; x_wconf 82' lang='lat' dir='ltr'>juvenis:</span> <span class='ocrx_word' id='word_1_306' title='bbox 1453 1526 1505 1560; x_wconf 90' lang='lat' dir='ltr'>sed</span> <span class='ocrx_word' id='word_1_307' title='bbox 1521 1529 1553 1561; x_wconf 78' lang='lat' dir='ltr'>in</span> 
     </span>
     <span class='ocr_line' id='line_1_30' title="bbox 167 1571 1552 1622; baseline 0.001 -18"><span class='ocrx_word' id='word_1_308' title='bbox 167 1583 240 1606; x_wconf 86' lang='lat' dir='ltr'>eam</span> <span class='ocrx_word' id='word_1_309' title='bbox 257 1576 532 1620; x_wconf 86' lang='lat' dir='ltr'>convertinequit</span> <span class='ocrx_word' id='word_1_310' title='bbox 544 1601 553 1615; x_wconf 88' lang='lat'><strong>,</strong></span> <span class='ocrx_word' id='word_1_311' title='bbox 569 1572 672 1607; x_wconf 84' lang='lat' dir='ltr'>nullus</span> <span class='ocrx_word' id='word_1_312' title='bbox 692 1574 819 1620; x_wconf 80' lang='lat' dir='ltr'>juvenis</span> <span class='ocrx_word' id='word_1_313' title='bbox 839 1571 909 1606; x_wconf 81' lang='lat' dir='ltr'>fieri</span> <span class='ocrx_word' id='word_1_314' title='bbox 924 1574 1025 1619; x_wconf 89' lang='lat' dir='ltr'>potest</span> <span class='ocrx_word' id='word_1_315' title='bbox 1036 1573 1141 1609; x_wconf 84' lang='lat' dir='ltr'>senex.</span> <span class='ocrx_word' id='word_1_316' title='bbox 1157 1576 1248 1608; x_wconf 89' lang='lat' dir='ltr'>Prior</span> <span class='ocrx_word' id='word_1_317' title='bbox 1270 1575 1315 1606; x_wconf 88' lang='lat' dir='ltr'>ita</span> <span class='ocrx_word' id='word_1_318' title='bbox 1333 1574 1376 1608; x_wconf 88' lang='lat' dir='ltr'>est</span> <span class='ocrx_word' id='word_1_319' title='bbox 1389 1573 1552 1622; x_wconf 81' lang='lat' dir='ltr'>explican-</span> 
     </span>
     <span class='ocr_line' id='line_1_31' title="bbox 169 1619 1552 1668; baseline 0.004 -15"><span class='ocrx_word' id='word_1_320' title='bbox 169 1620 224 1662; x_wconf 89' lang='lat' dir='ltr'>da·,</span> <span class='ocrx_word' id='word_1_321' title='bbox 236 1620 340 1654; x_wconf 86' lang='lat' dir='ltr'>nullus</span> <span class='ocrx_word' id='word_1_322' title='bbox 352 1619 445 1656; x_wconf 83' lang='lat' dir='ltr'>senex</span> <span class='ocrx_word' id='word_1_323' title='bbox 464 1622 506 1655; x_wconf 86' lang='lat' dir='ltr'>est</span> <span class='ocrx_word' id='word_1_324' title='bbox 524 1621 680 1668; x_wconf 78' lang='lat' dir='ltr'>quiddam</span> <span class='ocrx_word' id='word_1_325' title='bbox 690 1620 778 1668; x_wconf 84' lang='lat' dir='ltr'>quod</span> <span class='ocrx_word' id='word_1_326' title='bbox 801 1619 899 1668; x_wconf 83' lang='lat' dir='ltr'>poffit</span> <span class='ocrx_word' id='word_1_327' title='bbox 920 1619 980 1655; x_wconf 81' lang='lat' dir='ltr'>esse</span> <span class='ocrx_word' id='word_1_328' title='bbox 995 1624 1135 1668; x_wconf 84' lang='lat' dir='ltr'>juvenis:</span> <span class='ocrx_word' id='word_1_329' title='bbox 1156 1634 1224 1657; x_wconf 87' lang='lat' dir='ltr'>tum</span> <span class='ocrx_word' id='word_1_330' title='bbox 1241 1623 1330 1657; x_wconf 62' lang='lat' dir='ltr'>redte</span> <span class='ocrx_word' id='word_1_331' title='bbox 1342 1625 1552 1658; x_wconf 82' lang='lat' dir='ltr'>convertitur:</span> 
     </span>
     <span class='ocr_line' id='line_1_32' title="bbox 166 1667 1553 1719; baseline 0.004 -17"><span class='ocrx_word' id='word_1_332' title='bbox 166 1668 273 1702; x_wconf 88' lang='lat' dir='ltr'>nullus</span> <span class='ocrx_word' id='word_1_333' title='bbox 291 1672 347 1714; x_wconf 89' lang='lat' dir='ltr'>qui</span> <span class='ocrx_word' id='word_1_334' title='bbox 358 1669 453 1716; x_wconf 80' lang='lat' dir='ltr'>possit</span> <span class='ocrx_word' id='word_1_335' title='bbox 468 1667 528 1703; x_wconf 73' lang='lat' dir='ltr'>effe</span> <span class='ocrx_word' id='word_1_336' title='bbox 539 1672 679 1715; x_wconf 85' lang='lat' dir='ltr'>juvenis,</span> <span class='ocrx_word' id='word_1_337' title='bbox 693 1670 735 1703; x_wconf 89' lang='lat' dir='ltr'>est</span> <span class='ocrx_word' id='word_1_338' title='bbox 753 1667 856 1705; x_wconf 82' lang='lat' dir='ltr'>senex.</span> <span class='ocrx_word' id='word_1_339' title='bbox 866 1672 934 1704; x_wconf 73' lang='lat' dir='ltr'>Has</span> <span class='ocrx_word' id='word_1_340' title='bbox 952 1671 1085 1717; x_wconf 82' lang='lat' dir='ltr'>quidem</span> <span class='ocrx_word' id='word_1_341' title='bbox 1096 1673 1264 1719; x_wconf 77' lang='lat' dir='ltr'>captiones</span> <span class='ocrx_word' id='word_1_342' title='bbox 1279 1669 1441 1706; x_wconf 82' lang='lat' dir='ltr'>noluimus</span> <span class='ocrx_word' id='word_1_343' title='bbox 1454 1674 1553 1707; x_wconf 81' lang='lat' dir='ltr'>omit-</span> 
     </span>
     <span class='ocr_line' id='line_1_33' title="bbox 166 1716 1414 1769; baseline 0.002 -18"><span class='ocrx_word' id='word_1_344' title='bbox 166 1727 235 1751; x_wconf 86' lang='lat' dir='ltr'>tere</span> <span class='ocrx_word' id='word_1_345' title='bbox 248 1716 336 1764; x_wconf 79' lang='lat' dir='ltr'>quod</span> <span class='ocrx_word' id='word_1_346' title='bbox 352 1720 383 1753; x_wconf 93' lang='lat' dir='ltr'>in</span> <span class='ocrx_word' id='word_1_347' title='bbox 398 1717 511 1753; x_wconf 86' lang='lat' dir='ltr'>scholis</span> <span class='ocrx_word' id='word_1_348' title='bbox 528 1730 612 1755; x_wconf 86' lang='lat' dir='ltr'>nuuc</span> <span class='ocrx_word' id='word_1_349' title='bbox 625 1716 683 1752; x_wconf 87' lang='lat' dir='ltr'>sint</span> <span class='ocrx_word' id='word_1_350' title='bbox 705 1717 822 1752; x_wconf 75' lang='lat' dir='ltr'>nfimtae</span> <span class='ocrx_word' id='word_1_351' title='bbox 834 1748 843 1762; x_wconf 91' lang='lat'>‚</span> <span class='ocrx_word' id='word_1_352' title='bbox 863 1724 895 1755; x_wconf 82' lang='lat'>&amp;</span> <span class='ocrx_word' id='word_1_353' title='bbox 917 1721 1060 1754; x_wconf 84' lang='lat' dir='ltr'>tironum</span> <span class='ocrx_word' id='word_1_354' title='bbox 1080 1722 1211 1769; x_wconf 87' lang='lat' dir='ltr'>ingenia</span> <span class='ocrx_word' id='word_1_355' title='bbox 1233 1731 1414 1756; x_wconf 77' lang='lat' dir='ltr'>exerceant.</span> 
     </span>
    </p>

    <p class='ocr_par' dir='ltr' id='par_1_7' title="bbox 162 1767 1549 1963">
     <span class='ocr_line' id='line_1_34' title="bbox 630 1767 1065 1816; baseline 0.005 -17"><span class='ocrx_word' id='word_1_356' title='bbox 630 1767 794 1815; x_wconf 76' lang='lat' dir='ltr'>Oppofiti&#39;o</span> <span class='ocrx_word' id='word_1_357' title='bbox 811 1768 1065 1816; x_wconf 83' lang='lat' dir='ltr'>propofitionum.</span> 
     </span>
     <span class='ocr_line' id='line_1_35' title="bbox 165 1815 1549 1865; baseline 0.001 -12"><span class='ocrx_word' id='word_1_358' title='bbox 165 1815 177 1860; x_wconf 56' lang='lat'>‚⁸</span> <span class='ocrx_word' id='word_1_359' title='bbox 200 1815 377 1865; x_wconf 86' lang='lat' dir='ltr'>Oppositio</span> <span class='ocrx_word' id='word_1_360' title='bbox 388 1817 431 1851; x_wconf 89' lang='lat' dir='ltr'>est</span> <span class='ocrx_word' id='word_1_361' title='bbox 441 1818 651 1865; x_wconf 70' lang='lat' dir='ltr'>repugnantia</span> <span class='ocrx_word' id='word_1_362' title='bbox 661 1817 794 1852; x_wconf 88' lang='lat' dir='ltr'>duarum</span> <span class='ocrx_word' id='word_1_363' title='bbox 806 1815 1062 1864; x_wconf 75' lang='lat' dir='ltr'>propositionum</span> <span class='ocrx_word' id='word_1_364' title='bbox 1073 1831 1144 1865; x_wconf 81' lang='lat' dir='ltr'>quae</span> <span class='ocrx_word' id='word_1_365' title='bbox 1155 1818 1271 1852; x_wconf 88' lang='lat' dir='ltr'>eodem</span> <span class='ocrx_word' id='word_1_366' title='bbox 1281 1818 1427 1865; x_wconf 68' lang='lat' dir='ltr'>subje&amp;o</span> <span class='ocrx_word' id='word_1_367' title='bbox 1445 1824 1479 1857; x_wconf 75' lang='grc' dir='ltr'>δε</span> <span class='ocrx_word' id='word_1_368' title='bbox 1499 1832 1549 1854; x_wconf 87' lang='lat' dir='ltr'>at-</span> 
     </span>
     <span class='ocr_line' id='line_1_36' title="bbox 164 1864 1547 1917; baseline 0.001 -17"><span class='ocrx_word' id='word_1_369' title='bbox 164 1864 289 1900; x_wconf 90' lang='lat' dir='ltr'>tributo</span> <span class='ocrx_word' id='word_1_370' title='bbox 302 1865 444 1902; x_wconf 87' lang='lat' dir='ltr'>constant</span> <span class='ocrx_word' id='word_1_371' title='bbox 458 1881 465 1901; x_wconf 91' lang='grc'>·.</span> <span class='ocrx_word' id='word_1_372' title='bbox 480 1878 578 1913; x_wconf 87' lang='lat' dir='ltr'>atque</span> <span class='ocrx_word' id='word_1_373' title='bbox 593 1866 657 1901; x_wconf 83' lang='lat' dir='ltr'>liaec</span> <span class='ocrx_word' id='word_1_374' title='bbox 667 1867 878 1914; x_wconf 79' lang='lat' dir='ltr'>repugnantia</span> <span class='ocrx_word' id='word_1_375' title='bbox 891 1866 945 1902; x_wconf 92' lang='lat' dir='ltr'>vel</span> <span class='ocrx_word' id='word_1_376' title='bbox 954 1867 997 1901; x_wconf 88' lang='lat' dir='ltr'>est</span> <span class='ocrx_word' id='word_1_377' title='bbox 1007 1879 1106 1916; x_wconf 87' lang='lat' dir='ltr'>penes</span> <span class='ocrx_word' id='word_1_378' title='bbox 1118 1869 1336 1914; x_wconf 79' lang='lat' dir='ltr'>quantitatem</span> <span class='ocrx_word' id='word_1_379' title='bbox 1349 1896 1359 1911; x_wconf 84' lang='lat'><em>‚</em></span> <span class='ocrx_word' id='word_1_380' title='bbox 1374 1867 1428 1902; x_wconf 90' lang='lat' dir='ltr'>vel</span> <span class='ocrx_word' id='word_1_381' title='bbox 1447 1880 1547 1917; x_wconf 81' lang='lat' dir='ltr'>penes</span> 
     </span>
     <span class='ocr_line' id='line_1_37' title="bbox 162 1915 756 1963; baseline -0.005 -13"><span class='ocrx_word' id='word_1_382' title='bbox 162 1915 355 1963; x_wconf 86' lang='lat' dir='ltr'>qualitatem</span> <span class='ocrx_word' id='word_1_383' title='bbox 366 1943 375 1953; x_wconf 89' lang='lat'><em>‚</em></span> <span class='ocrx_word' id='word_1_384' title='bbox 390 1915 448 1950; x_wconf 87' lang='lat' dir='ltr'>vel</span> <span class='ocrx_word' id='word_1_385' title='bbox 463 1927 562 1963; x_wconf 88' lang='lat' dir='ltr'>penes</span> <span class='ocrx_word' id='word_1_386' title='bbox 575 1927 756 1962; x_wconf 83' lang='lat' dir='ltr'>utramque.</span> 
     </span>
    </p>

    <p class='ocr_par' dir='ltr' id='par_1_8' title="bbox 164 1962 1546 2057">
     <span class='ocr_line' id='line_1_38' title="bbox 207 1962 1546 2014; baseline 0.003 -16"><span class='ocrx_word' id='word_1_387' title='bbox 207 1963 418 2014; x_wconf 82' lang='lat' dir='ltr'>Qadruplex</span> <span class='ocrx_word' id='word_1_388' title='bbox 429 1963 531 2014; x_wconf 72' lang='lat' dir='ltr'>vulgo</span> <span class='ocrx_word' id='word_1_389' title='bbox 541 1964 631 1998; x_wconf 84' lang='lat' dir='ltr'>statui</span> <span class='ocrx_word' id='word_1_390' title='bbox 643 1963 724 2000; x_wconf 87' lang='lat' dir='ltr'>solet</span> <span class='ocrx_word' id='word_1_391' title='bbox 732 1962 893 2012; x_wconf 86' lang='lat' dir='ltr'>oppositio</span> <span class='ocrx_word' id='word_1_392' title='bbox 904 1962 1160 2012; x_wconf 86' lang='lat' dir='ltr'>propositionum</span> <span class='ocrx_word' id='word_1_393' title='bbox 1171 1978 1178 1998; x_wconf 77' lang='lat'><em>3</em></span> <span class='ocrx_word' id='word_1_394' title='bbox 1200 1966 1546 2010; x_wconf 54' lang='lat' dir='ltr'>coiitradid‘totiasson-</span> 
     </span>
     <span class='ocr_line' id='line_1_39' title="bbox 164 2012 788 2057; baseline 0.003 -9"><span class='ocrx_word' id='word_1_395' title='bbox 164 2016 260 2049; x_wconf 89' lang='lat' dir='ltr'>traria</span> <span class='ocrx_word' id='word_1_396' title='bbox 274 2041 283 2056; x_wconf 86' lang='lat'><strong>‚</strong></span> <span class='ocrx_word' id='word_1_397' title='bbox 295 2012 515 2048; x_wconf 84' lang='lat' dir='ltr'>subcontraria</span> <span class='ocrx_word' id='word_1_398' title='bbox 525 2043 534 2057; x_wconf 90' lang='lat'>,</span> <span class='ocrx_word' id='word_1_399' title='bbox 549 2019 580 2050; x_wconf 86' lang='lat'>&amp;</span> <span class='ocrx_word' id='word_1_400' title='bbox 597 2012 788 2050; x_wconf 77' lang='lat' dir='ltr'>subalterna.</span> 
     </span>
    </p>

    <p class='ocr_par' dir='ltr' id='par_1_9' title="bbox 162 2061 1550 2309">
     <span class='ocr_line' id='line_1_40' title="bbox 197 2061 1548 2111; baseline 0 -13"><span class='ocrx_word' id='word_1_401' title='bbox 197 2061 372 2109; x_wconf 85' lang='lat' dir='ltr'>Oppositio</span> <span class='ocrx_word' id='word_1_402' title='bbox 384 2063 637 2098; x_wconf 70' lang='lat' dir='ltr'>contradictoria</span> <span class='ocrx_word' id='word_1_403' title='bbox 657 2063 700 2098; x_wconf 87' lang='lat' dir='ltr'>est</span> <span class='ocrx_word' id='word_1_404' title='bbox 727 2065 808 2099; x_wconf 86' lang='lat' dir='ltr'>inter</span> <span class='ocrx_word' id='word_1_405' title='bbox 825 2063 902 2097; x_wconf 75' lang='lat' dir='ltr'>duas</span> <span class='ocrx_word' id='word_1_406' title='bbox 923 2061 1156 2111; x_wconf 84' lang='lat' dir='ltr'>propositiones</span> <span class='ocrx_word' id='word_1_407' title='bbox 1179 2076 1314 2111; x_wconf 84' lang='lat' dir='ltr'>quarum</span> <span class='ocrx_word' id='word_1_408' title='bbox 1332 2077 1394 2099; x_wconf 86' lang='lat' dir='ltr'>una</span> <span class='ocrx_word' id='word_1_409' title='bbox 1417 2064 1460 2098; x_wconf 90' lang='lat' dir='ltr'>est</span> <span class='ocrx_word' id='word_1_410' title='bbox 1476 2067 1548 2099; x_wconf 87' lang='lat' dir='ltr'>uni-</span> 
     </span>
     <span class='ocr_line' id='line_1_41' title="bbox 163 2110 1549 2162; baseline -0.001 -14"><span class='ocrx_word' id='word_1_411' title='bbox 163 2110 291 2148; x_wconf 86' lang='lat' dir='ltr'>versalis</span> <span class='ocrx_word' id='word_1_412' title='bbox 304 2140 313 2154; x_wconf 86' lang='lat'>‚</span> <span class='ocrx_word' id='word_1_413' title='bbox 328 2111 429 2146; x_wconf 87' lang='lat' dir='ltr'>altera</span> <span class='ocrx_word' id='word_1_414' title='bbox 442 2111 644 2159; x_wconf 87' lang='lat' dir='ltr'>particularis</span> <span class='ocrx_word' id='word_1_415' title='bbox 654 2129 663 2155; x_wconf 80' lang='lat'>3</span> <span class='ocrx_word' id='word_1_416' title='bbox 674 2125 738 2147; x_wconf 87' lang='lat' dir='ltr'>una</span> <span class='ocrx_word' id='word_1_417' title='bbox 748 2111 920 2153; x_wconf 83' lang='lat' dir='ltr'>affirmans,</span> <span class='ocrx_word' id='word_1_418' title='bbox 936 2111 1038 2146; x_wconf 77' lang='lat' dir='ltr'>altera</span> <span class='ocrx_word' id='word_1_419' title='bbox 1051 2124 1170 2162; x_wconf 79' lang='lat' dir='ltr'>negans</span> <span class='ocrx_word' id='word_1_420' title='bbox 1185 2127 1192 2148; x_wconf 88' lang='lat'>:</span> <span class='ocrx_word' id='word_1_421' title='bbox 1210 2125 1246 2147; x_wconf 88' lang='lat' dir='ltr'>ut</span> <span class='ocrx_word' id='word_1_422' title='bbox 1266 2116 1371 2148; x_wconf 88' lang='lat' dir='ltr'>omnis</span> <span class='ocrx_word' id='word_1_423' title='bbox 1385 2113 1487 2148; x_wconf 88' lang='lat' dir='ltr'>homo</span> <span class='ocrx_word' id='word_1_424' title='bbox 1506 2114 1549 2148; x_wconf 82' lang='lat' dir='ltr'>cst</span> 
     </span>
     <span class='ocr_line' id='line_1_42' title="bbox 163 2160 1550 2210; baseline -0.001 -13"><span class='ocrx_word' id='word_1_425' title='bbox 163 2160 295 2204; x_wconf 66' lang='lat' dir='ltr'>animas,</span> <span class='ocrx_word' id='word_1_426' title='bbox 306 2160 422 2206; x_wconf 87' lang='lat' dir='ltr'>aliquis</span> <span class='ocrx_word' id='word_1_427' title='bbox 440 2161 541 2197; x_wconf 85' lang='lat' dir='ltr'>homo</span> <span class='ocrx_word' id='word_1_428' title='bbox 553 2175 618 2197; x_wconf 89' lang='lat' dir='ltr'>non</span> <span class='ocrx_word' id='word_1_429' title='bbox 635 2161 677 2195; x_wconf 89' lang='lat' dir='ltr'>est</span> <span class='ocrx_word' id='word_1_430' title='bbox 700 2162 818 2196; x_wconf 86' lang='lat' dir='ltr'>animal</span> <span class='ocrx_word' id='word_1_431' title='bbox 835 2178 842 2197; x_wconf 85' lang='grc'>,-</span> <span class='ocrx_word' id='word_1_432' title='bbox 865 2161 969 2195; x_wconf 89' lang='lat' dir='ltr'>nullus</span> <span class='ocrx_word' id='word_1_433' title='bbox 987 2160 1088 2195; x_wconf 84' lang='lat' dir='ltr'>homo</span> <span class='ocrx_word' id='word_1_434' title='bbox 1109 2162 1151 2196; x_wconf 88' lang='lat' dir='ltr'>est</span> <span class='ocrx_word' id='word_1_435' title='bbox 1171 2161 1380 2210; x_wconf 81' lang='lat' dir='ltr'>Philosophus</span> <span class='ocrx_word' id='word_1_436' title='bbox 1394 2192 1404 2206; x_wconf 84' lang='lat'>,</span> <span class='ocrx_word' id='word_1_437' title='bbox 1417 2163 1550 2209; x_wconf 80' lang='lat' dir='ltr'>quidam</span> 
     </span>
     <span class='ocr_line' id='line_1_43' title="bbox 162 2208 1548 2260; baseline 0.001 -16"><span class='ocrx_word' id='word_1_438' title='bbox 162 2210 265 2244; x_wconf 87' lang='lat' dir='ltr'>homo</span> <span class='ocrx_word' id='word_1_439' title='bbox 278 2210 320 2244; x_wconf 89' lang='lat' dir='ltr'>est</span> <span class='ocrx_word' id='word_1_440' title='bbox 337 2209 558 2259; x_wconf 82' lang='lat' dir='ltr'>PhilosophuS.</span> <span class='ocrx_word' id='word_1_441' title='bbox 569 2212 644 2245; x_wconf 84' lang='lat' dir='ltr'>Huc</span> <span class='ocrx_word' id='word_1_442' title='bbox 653 2211 735 2246; x_wconf 86' lang='lat' dir='ltr'>adde</span> <span class='ocrx_word' id='word_1_443' title='bbox 754 2209 987 2260; x_wconf 75' lang='lat' dir='ltr'>propositiones</span> <span class='ocrx_word' id='word_1_444' title='bbox 1001 2208 1322 2258; x_wconf 77' lang='lat' dir='ltr'>siiigulares‚qtmrum</span> <span class='ocrx_word' id='word_1_445' title='bbox 1334 2224 1397 2245; x_wconf 89' lang='lat' dir='ltr'>una</span> <span class='ocrx_word' id='word_1_446' title='bbox 1410 2210 1548 2246; x_wconf 81' lang='lat' dir='ltr'>affirmat</span> 
     </span>
     <span class='ocr_line' id='line_1_44' title="bbox 165 2258 1525 2309; baseline 0.002 -17"><span class='ocrx_word' id='word_1_447' title='bbox 165 2259 197 2292; x_wconf 84' lang='lat' dir='ltr'>id</span> <span class='ocrx_word' id='word_1_448' title='bbox 219 2259 307 2306; x_wconf 90' lang='lat' dir='ltr'>quod</span> <span class='ocrx_word' id='word_1_449' title='bbox 324 2271 422 2307; x_wconf 82' lang='lat' dir='ltr'>negat</span> <span class='ocrx_word' id='word_1_450' title='bbox 437 2259 556 2296; x_wconf 85' lang='lat' dir='ltr'>altera:</span> <span class='ocrx_word' id='word_1_451' title='bbox 571 2272 606 2295; x_wconf 94' lang='lat' dir='ltr'>ut</span> <span class='ocrx_word' id='word_1_452' title='bbox 624 2263 737 2295; x_wconf 78' lang='lat' dir='ltr'>Petrus</span> <span class='ocrx_word' id='word_1_453' title='bbox 754 2273 821 2295; x_wconf 80' lang='lat' dir='ltr'>cras</span> <span class='ocrx_word' id='word_1_454' title='bbox 835 2258 1013 2308; x_wconf 81' lang='lat' dir='ltr'>disputabit</span> <span class='ocrx_word' id='word_1_455' title='bbox 1026 2288 1035 2300; x_wconf 88' lang='lat'>‚</span> <span class='ocrx_word' id='word_1_456' title='bbox 1049 2261 1160 2294; x_wconf 86' lang='lat' dir='ltr'>Petrus</span> <span class='ocrx_word' id='word_1_457' title='bbox 1175 2272 1241 2293; x_wconf 86' lang='lat' dir='ltr'>cras</span> <span class='ocrx_word' id='word_1_458' title='bbox 1253 2273 1318 2295; x_wconf 90' lang='lat' dir='ltr'>non</span> <span class='ocrx_word' id='word_1_459' title='bbox 1341 2259 1525 2309; x_wconf 84' lang='lat' dir='ltr'>disputabit.</span> 
     </span>
    </p>

    <p class='ocr_par' dir='ltr' id='par_1_10' title="bbox 166 2306 1547 2407">
     <span class='ocr_line' id='line_1_45' title="bbox 203 2306 1547 2356; baseline 0.001 -13"><span class='ocrx_word' id='word_1_460' title='bbox 203 2306 461 2355; x_wconf 75' lang='lat' dir='ltr'>propositionum</span> <span class='ocrx_word' id='word_1_461' title='bbox 475 2310 796 2344; x_wconf 62' lang='lat' dir='ltr'>contradictoriarum</span> <span class='ocrx_word' id='word_1_462' title='bbox 806 2322 868 2345; x_wconf 83' lang='lat' dir='ltr'>una</span> <span class='ocrx_word' id='word_1_463' title='bbox 882 2309 1007 2356; x_wconf 85' lang='lat' dir='ltr'>semper</span> <span class='ocrx_word' id='word_1_464' title='bbox 1025 2320 1101 2343; x_wconf 86' lang='lat' dir='ltr'>vera</span> <span class='ocrx_word' id='word_1_465' title='bbox 1113 2337 1123 2351; x_wconf 88' lang='lat'><em>,</em></span> <span class='ocrx_word' id='word_1_466' title='bbox 1134 2308 1235 2342; x_wconf 87' lang='lat' dir='ltr'>altera</span> <span class='ocrx_word' id='word_1_467' title='bbox 1249 2309 1292 2343; x_wconf 89' lang='lat' dir='ltr'>est</span> <span class='ocrx_word' id='word_1_468' title='bbox 1305 2307 1382 2344; x_wconf 82' lang='lat' dir='ltr'>falsa</span> <span class='ocrx_word' id='word_1_469' title='bbox 1393 2324 1401 2345; x_wconf 87' lang='lat'>:</span> <span class='ocrx_word' id='word_1_470' title='bbox 1411 2310 1496 2345; x_wconf 88' lang='lat' dir='ltr'>unde</span> <span class='ocrx_word' id='word_1_471' title='bbox 1507 2322 1547 2344; x_wconf 81' lang='lat' dir='ltr'>ex</span> 
     </span>
     <span class='ocr_line' id='line_1_46' title="bbox 166 2356 1062 2407; baseline -0.001 -17"><span class='ocrx_word' id='word_1_472' title='bbox 166 2357 303 2394; x_wconf 77' lang='lat' dir='ltr'>veritate</span> <span class='ocrx_word' id='word_1_473' title='bbox 316 2359 409 2391; x_wconf 88' lang='lat' dir='ltr'>unius</span> <span class='ocrx_word' id='word_1_474' title='bbox 422 2356 596 2393; x_wconf 77' lang='lat' dir='ltr'>necessario</span> <span class='ocrx_word' id='word_1_475' title='bbox 613 2357 776 2407; x_wconf 78' lang='lat' dir='ltr'>colligitur</span> <span class='ocrx_word' id='word_1_476' title='bbox 787 2357 904 2393; x_wconf 65' lang='lat' dir='ltr'>falsitas</span> <span class='ocrx_word' id='word_1_477' title='bbox 921 2357 1062 2392; x_wconf 86' lang='lat' dir='ltr'>alterius.</span> 
     </span>
    </p>
   </div>
   <div class='ocr_carea' id='block_1_2' title="bbox 162 2403 1546 2490">
    <p class='ocr_par' dir='ltr' id='par_1_11' title="bbox 162 2403 1546 2490">
     <span class='ocr_line' id='line_1_47' title="bbox 162 2403 1546 2489; baseline 0.003 -52"><span class='ocrx_word' id='word_1_478' title='bbox 162 2444 165 2445; x_wconf 19' lang='lat'><em>⁷</em></span> <span class='ocrx_word' id='word_1_479' title='bbox 200 2403 374 2486; x_wconf 55' lang='lat' dir='ltr'>Oppgsitio</span> <span class='ocrx_word' id='word_1_480' title='bbox 387 2410 548 2489; x_wconf 64' lang='lat' dir='ltr'>cpntraria</span> <span class='ocrx_word' id='word_1_481' title='bbox 570 2408 613 2443; x_wconf 88' lang='lat' dir='ltr'>est</span> <span class='ocrx_word' id='word_1_482' title='bbox 631 2409 713 2444; x_wconf 85' lang='lat' dir='ltr'>inter</span> <span class='ocrx_word' id='word_1_483' title='bbox 739 2408 815 2443; x_wconf 84' lang='lat' dir='ltr'>duas</span> <span class='ocrx_word' id='word_1_484' title='bbox 832 2405 1065 2458; x_wconf 73' lang='lat' dir='ltr'>propositiones</span> <span class='ocrx_word' id='word_1_485' title='bbox 1090 2406 1302 2451; x_wconf 75' lang='lat' dir='ltr'>universales,</span> <span class='ocrx_word' id='word_1_486' title='bbox 1321 2419 1459 2454; x_wconf 81' lang='lat' dir='ltr'>quarum</span> <span class='ocrx_word' id='word_1_487' title='bbox 1484 2419 1546 2443; x_wconf 85' lang='lat' dir='ltr'>una</span> 
     </span>
     <span class='ocr_line' id='line_1_48' title="bbox 315 2458 1359 2490; baseline 0.018 -2"><span class='ocrx_word' id='word_1_488' title='bbox 315 2467 374 2489; x_wconf 74' lang='lat' dir='ltr'>Dm.</span> <span class='ocrx_word' id='word_1_489' title='bbox 429 2481 438 2490; x_wconf 65' lang='grc' dir='ltr'>ι</span> <span class='ocrx_word' id='word_1_490' title='bbox 1336 2458 1359 2490; x_wconf 79' lang='grc' dir='ltr'>Β</span> 
     </span>
    </p>
   </div>
  </div>
 </body>
</html>
