<?xml version="1.0" encoding="UTF-8"?>
<!DOCTYPE html PUBLIC "-//W3C//DTD XHTML 1.0 Transitional//EN"
    "http://www.w3.org/TR/xhtml1/DTD/xhtml1-transitional.dtd">
<html xmlns="http://www.w3.org/1999/xhtml" xml:lang="en" lang="en">
 <head>
  <title>
</title>
<meta http-equiv="Content-Type" content="text/html;charset=utf-8" />
  <meta name='ocr-system' content='tesseract 3.04.00' />
  <meta name='ocr-capabilities' content='ocr_page ocr_carea ocr_par ocr_line ocrx_word'/>
</head>
<body>
  <div class='ocr_page' id='page_1' title='image "./philosophiavetus01duhauoft_0454.png"; bbox 0 0 1857 2745; ppageno 0'>
   <div class='ocr_carea' id='block_1_1' title="bbox 370 117 1780 1003">
    <p class='ocr_par' dir='ltr' id='par_1_1' title="bbox 370 117 1778 452">
     <span class='ocr_line' id='line_1_1' title="bbox 370 117 1765 169; baseline -0.007 -11"><span class='ocrx_word' id='word_1_1' title='bbox 370 126 441 169; x_wconf 80' lang='lat'>&#39;436</span> <span class='ocrx_word' id='word_1_2' title='bbox 757 117 1261 155; x_wconf 75' lang='lat' dir='ltr'>METAPHYSICAE</span> <span class='ocrx_word' id='word_1_3' title='bbox 1744 145 1765 157; x_wconf 72' lang='lat'><em>„</em></span> 
     </span>
     <span class='ocr_line' id='line_1_2' title="bbox 372 160 1769 216; baseline -0.005 -10"><span class='ocrx_word' id='word_1_4' title='bbox 372 173 441 206; x_wconf 84' lang='lat' dir='ltr'>cius</span> <span class='ocrx_word' id='word_1_5' title='bbox 462 168 750 216; x_wconf 79' lang='lat' dir='ltr'>afferripotest3in</span> <span class='ocrx_word' id='word_1_6' title='bbox 772 168 803 201; x_wconf 89' lang='lat' dir='ltr'>id</span> <span class='ocrx_word' id='word_1_7' title='bbox 825 179 960 216; x_wconf 88' lang='lat' dir='ltr'>quoque</span> <span class='ocrx_word' id='word_1_8' title='bbox 988 166 1192 203; x_wconf 86' lang='lat' dir='ltr'>resolvuntur</span> <span class='ocrx_word' id='word_1_9' title='bbox 1205 197 1215 211; x_wconf 91' lang='lat'>,</span> <span class='ocrx_word' id='word_1_10' title='bbox 1240 179 1310 216; x_wconf 82' lang='lat' dir='ltr'>quae</span> <span class='ocrx_word' id='word_1_11' title='bbox 1342 165 1608 202; x_wconf 74' lang='lat' dir='ltr'>demonstrantur</span> <span class='ocrx_word' id='word_1_12' title='bbox 1629 160 1769 201; x_wconf 68' lang='lat' dir='ltr'>omnia*</span> 
     </span>
     <span class='ocr_line' id='line_1_3' title="bbox 371 214 1773 265; baseline -0.002 -13"><span class='ocrx_word' id='word_1_13' title='bbox 371 222 439 255; x_wconf 83' lang='lat' dir='ltr'>imo</span> <span class='ocrx_word' id='word_1_14' title='bbox 457 219 626 265; x_wconf 79' lang='lat' dir='ltr'>&amp;quialia</span> <span class='ocrx_word' id='word_1_15' title='bbox 646 227 743 265; x_wconf 81' lang='lat' dir='ltr'>negat</span> <span class='ocrx_word' id='word_1_16' title='bbox 751 219 927 265; x_wconf 85' lang='lat' dir='ltr'>principia,</span> <span class='ocrx_word' id='word_1_17' title='bbox 948 216 988 253; x_wconf 79' lang='grc' dir='ltr'>εὸ</span> <span class='ocrx_word' id='word_1_18' title='bbox 1003 216 1135 252; x_wconf 86' lang='lat' dir='ltr'>tandem</span> <span class='ocrx_word' id='word_1_19' title='bbox 1150 218 1289 264; x_wconf 68' lang='lat' dir='ltr'>adigitur</span> <span class='ocrx_word' id='word_1_20' title='bbox 1301 245 1311 260; x_wconf 83' lang='grc'>,</span> <span class='ocrx_word' id='word_1_21' title='bbox 1339 228 1376 251; x_wconf 80' lang='lat' dir='ltr'>ut</span> <span class='ocrx_word' id='word_1_22' title='bbox 1406 215 1469 251; x_wconf 90' lang='lat' dir='ltr'>hoc</span> <span class='ocrx_word' id='word_1_23' title='bbox 1491 214 1659 251; x_wconf 79' lang='lat' dir='ltr'>absurdum</span> <span class='ocrx_word' id='word_1_24' title='bbox 1671 243 1681 258; x_wconf 93' lang='lat'>‚</span> <span class='ocrx_word' id='word_1_25' title='bbox 1701 227 1773 263; x_wconf 79' lang='lat' dir='ltr'>quo»</span> 
     </span>
     <span class='ocr_line' id='line_1_4' title="bbox 372 258 1769 314; baseline -0.005 -11"><span class='ocrx_word' id='word_1_26' title='bbox 372 267 499 304; x_wconf 87' lang='lat' dir='ltr'>nullum</span> <span class='ocrx_word' id='word_1_27' title='bbox 512 268 553 302; x_wconf 87' lang='lat' dir='ltr'>est</span> <span class='ocrx_word' id='word_1_28' title='bbox 571 271 669 314; x_wconf 76' lang='lat' dir='ltr'>majus</span> <span class='ocrx_word' id='word_1_29' title='bbox 680 266 832 300; x_wconf 78' lang='lat' dir='ltr'>admittat</span> <span class='ocrx_word' id='word_1_30' title='bbox 842 295 852 309; x_wconf 88' lang='lat'>‚</span> <span class='ocrx_word' id='word_1_31' title='bbox 865 266 954 301; x_wconf 60' lang='lat' dir='ltr'>idem</span> <span class='ocrx_word' id='word_1_32' title='bbox 964 264 1121 302; x_wconf 84' lang='lat' dir='ltr'>videlicet</span> <span class='ocrx_word' id='word_1_33' title='bbox 1133 258 1223 302; x_wconf 77' lang='lat' dir='ltr'>firmil</span> <span class='ocrx_word' id='word_1_34' title='bbox 1232 263 1293 301; x_wconf 76' lang='lat' dir='ltr'>esse</span> <span class='ocrx_word' id='word_1_35' title='bbox 1305 295 1314 309; x_wconf 83' lang='lat'>,</span> <span class='ocrx_word' id='word_1_36' title='bbox 1325 271 1359 302; x_wconf 71' lang='grc' dir='ltr'>ὃ(</span> <span class='ocrx_word' id='word_1_37' title='bbox 1375 278 1441 300; x_wconf 88' lang='lat' dir='ltr'>non</span> <span class='ocrx_word' id='word_1_38' title='bbox 1454 263 1529 301; x_wconf 82' lang='lat' dir='ltr'>esse.</span> <span class='ocrx_word' id='word_1_39' title='bbox 1543 267 1596 299; x_wconf 86' lang='lat' dir='ltr'>Sic</span> <span class='ocrx_word' id='word_1_40' title='bbox 1607 266 1693 298; x_wconf 88' lang='lat' dir='ltr'>enim</span> <span class='ocrx_word' id='word_1_41' title='bbox 1710 263 1769 297; x_wconf 85' lang='lat' dir='ltr'>ad-</span> 
     </span>
     <span class='ocr_line' id='line_1_5' title="bbox 373 310 1773 364; baseline -0.004 -12"><span class='ocrx_word' id='word_1_42' title='bbox 373 316 547 352; x_wconf 63' lang='lat' dir='ltr'>versarium</span> <span class='ocrx_word' id='word_1_43' title='bbox 561 318 739 364; x_wconf 81' lang='lat' dir='ltr'><strong>premimus</strong></span> <span class='ocrx_word' id='word_1_44' title='bbox 754 343 764 357; x_wconf 94' lang='lat'>‚</span> <span class='ocrx_word' id='word_1_45' title='bbox 785 327 822 351; x_wconf 82' lang='lat' dir='ltr'>ut</span> <span class='ocrx_word' id='word_1_46' title='bbox 839 313 859 350; x_wconf 84' lang='lat' dir='ltr'>si</span> <span class='ocrx_word' id='word_1_47' title='bbox 879 314 972 351; x_wconf 85' lang='lat' dir='ltr'>aliter</span> <span class='ocrx_word' id='word_1_48' title='bbox 987 327 1037 350; x_wconf 88' lang='lat' dir='ltr'>res</span> <span class='ocrx_word' id='word_1_49' title='bbox 1054 313 1085 349; x_wconf 69' lang='lat' dir='ltr'>fe</span> <span class='ocrx_word' id='word_1_50' title='bbox 1099 314 1236 352; x_wconf 78' lang='lat' dir='ltr'>haberet</span> <span class='ocrx_word' id='word_1_51' title='bbox 1248 345 1259 360; x_wconf 89' lang='lat'>‚</span> <span class='ocrx_word' id='word_1_52' title='bbox 1290 329 1322 352; x_wconf 76' lang='lat' dir='ltr'>v,</span> <span class='ocrx_word' id='word_1_53' title='bbox 1335 328 1382 364; x_wconf 79' lang='lat' dir='ltr'>gr.</span> <span class='ocrx_word' id='word_1_54' title='bbox 1397 313 1416 349; x_wconf 79' lang='lat' dir='ltr'>si</span> <span class='ocrx_word' id='word_1_55' title='bbox 1435 312 1586 349; x_wconf 76' lang='lat' dir='ltr'>concessis</span> <span class='ocrx_word' id='word_1_56' title='bbox 1608 310 1773 362; x_wconf 68' lang='lat' dir='ltr'>praemiffis</span> 
     </span>
     <span class='ocr_line' id='line_1_6' title="bbox 373 361 1778 413; baseline -0.004 -12"><span class='ocrx_word' id='word_1_57' title='bbox 373 365 534 401; x_wconf 84' lang='lat' dir='ltr'>conclusio</span> <span class='ocrx_word' id='word_1_58' title='bbox 545 378 609 400; x_wconf 89' lang='lat' dir='ltr'>non</span> <span class='ocrx_word' id='word_1_59' title='bbox 625 362 703 400; x_wconf 86' lang='lat' dir='ltr'>esset</span> <span class='ocrx_word' id='word_1_60' title='bbox 723 377 821 408; x_wconf 79' lang='lat' dir='ltr'>vera,</span> <span class='ocrx_word' id='word_1_61' title='bbox 833 365 919 400; x_wconf 89' lang='lat' dir='ltr'>idem</span> <span class='ocrx_word' id='word_1_62' title='bbox 930 363 1105 401; x_wconf 81' lang='lat' dir='ltr'>essetfimul</span> <span class='ocrx_word' id='word_1_63' title='bbox 1125 370 1159 402; x_wconf 86' lang='lat'>&amp;</span> <span class='ocrx_word' id='word_1_64' title='bbox 1173 378 1241 402; x_wconf 90' lang='lat' dir='ltr'>non</span> <span class='ocrx_word' id='word_1_65' title='bbox 1256 364 1332 400; x_wconf 78' lang='lat' dir='ltr'>esset</span> <span class='ocrx_word' id='word_1_66' title='bbox 1352 380 1359 401; x_wconf 89' lang='lat'><strong>:</strong></span> <span class='ocrx_word' id='word_1_67' title='bbox 1388 364 1479 413; x_wconf 86' lang='lat' dir='ltr'>quod</span> <span class='ocrx_word' id='word_1_68' title='bbox 1505 365 1620 411; x_wconf 82' lang='lat' dir='ltr'>utique</span> <span class='ocrx_word' id='word_1_69' title='bbox 1640 361 1684 397; x_wconf 89' lang='lat' dir='ltr'>est</span> <span class='ocrx_word' id='word_1_70' title='bbox 1702 372 1778 410; x_wconf 72' lang='lat' dir='ltr'>peu-</span> 
     </span>
     <span class='ocr_line' id='line_1_7' title="bbox 374 414 563 452; baseline 0.011 -2"><span class='ocrx_word' id='word_1_71' title='bbox 374 414 563 452; x_wconf 77' lang='lat' dir='ltr'>absurdum.</span> 
     </span>
    </p>

    <p class='ocr_par' dir='ltr' id='par_1_2' title="bbox 373 461 1780 1003">
     <span class='ocr_line' id='line_1_8' title="bbox 416 461 1777 513; baseline -0.001 -15"><span class='ocrx_word' id='word_1_72' title='bbox 416 463 569 510; x_wconf 84' lang='lat' dir='ltr'>Confirm.</span> <span class='ocrx_word' id='word_1_73' title='bbox 579 464 708 499; x_wconf 84' lang='lat' dir='ltr'>Caetera</span> <span class='ocrx_word' id='word_1_74' title='bbox 720 476 792 512; x_wconf 84' lang='lat' dir='ltr'>quae</span> <span class='ocrx_word' id='word_1_75' title='bbox 806 462 983 499; x_wconf 77' lang='lat' dir='ltr'>afferuntur</span> <span class='ocrx_word' id='word_1_76' title='bbox 992 492 1002 507; x_wconf 88' lang='lat'>,</span> <span class='ocrx_word' id='word_1_77' title='bbox 1024 476 1080 500; x_wconf 83' lang='lat' dir='ltr'>aut</span> <span class='ocrx_word' id='word_1_78' title='bbox 1092 464 1134 500; x_wconf 80' lang='lat' dir='ltr'>ab</span> <span class='ocrx_word' id='word_1_79' title='bbox 1147 476 1187 498; x_wconf 91' lang='lat' dir='ltr'>eo</span> <span class='ocrx_word' id='word_1_80' title='bbox 1201 466 1362 513; x_wconf 88' lang='lat' dir='ltr'>principio</span> <span class='ocrx_word' id='word_1_81' title='bbox 1373 476 1440 499; x_wconf 89' lang='lat' dir='ltr'>non</span> <span class='ocrx_word' id='word_1_82' title='bbox 1457 461 1604 499; x_wconf 81' lang='lat' dir='ltr'>dissident</span> <span class='ocrx_word' id='word_1_83' title='bbox 1613 490 1623 505; x_wconf 80' lang='lat'>,</span> <span class='ocrx_word' id='word_1_84' title='bbox 1636 471 1692 495; x_wconf 88' lang='lat' dir='ltr'>aut</span> <span class='ocrx_word' id='word_1_85' title='bbox 1705 473 1777 497; x_wconf 69' lang='lat' dir='ltr'>nom</span> 
     </span>
     <span class='ocr_line' id='line_1_9' title="bbox 373 509 1774 562; baseline -0.004 -12"><span class='ocrx_word' id='word_1_86' title='bbox 373 513 445 550; x_wconf 82' lang='lat' dir='ltr'>sunt</span> <span class='ocrx_word' id='word_1_87' title='bbox 456 514 560 562; x_wconf 86' lang='lat' dir='ltr'>prima</span> <span class='ocrx_word' id='word_1_88' title='bbox 573 542 584 557; x_wconf 88' lang='lat'>,</span> <span class='ocrx_word' id='word_1_89' title='bbox 594 526 629 548; x_wconf 90' lang='lat' dir='ltr'>ut</span> <span class='ocrx_word' id='word_1_90' title='bbox 642 525 680 548; x_wconf 85' lang='lat' dir='ltr'>ea</span> <span class='ocrx_word' id='word_1_91' title='bbox 693 515 891 562; x_wconf 79' lang='lat' dir='ltr'>percurrenti</span> <span class='ocrx_word' id='word_1_92' title='bbox 905 512 1038 561; x_wconf 90' lang='lat' dir='ltr'>planum</span> <span class='ocrx_word' id='word_1_93' title='bbox 1057 512 1126 551; x_wconf 83' lang='lat' dir='ltr'>fiet.</span> <span class='ocrx_word' id='word_1_94' title='bbox 1149 516 1231 549; x_wconf 84' lang='lat' dir='ltr'>Haec</span> <span class='ocrx_word' id='word_1_95' title='bbox 1247 514 1313 547; x_wconf 90' lang='lat' dir='ltr'>duo</span> <span class='ocrx_word' id='word_1_96' title='bbox 1327 512 1398 548; x_wconf 85' lang='lat' dir='ltr'>sunt</span> <span class='ocrx_word' id='word_1_97' title='bbox 1411 526 1452 556; x_wconf 84' lang='lat' dir='ltr'>‚v-</span> <span class='ocrx_word' id='word_1_98' title='bbox 1466 524 1511 561; x_wconf 84' lang='lat' dir='ltr'>gr.</span> <span class='ocrx_word' id='word_1_99' title='bbox 1527 523 1624 547; x_wconf 87' lang='lat' dir='ltr'>unum</span> <span class='ocrx_word' id='word_1_100' title='bbox 1639 515 1672 547; x_wconf 71' lang='grc' dir='ltr'>ὅ(</span> <span class='ocrx_word' id='word_1_101' title='bbox 1686 509 1774 545; x_wconf 85' lang='lat' dir='ltr'>idem</span> 
     </span>
     <span class='ocr_line' id='line_1_10' title="bbox 374 556 1775 611; baseline -0.002 -15"><span class='ocrx_word' id='word_1_102' title='bbox 374 565 571 610; x_wconf 84' lang='lat' dir='ltr'>principium</span> <span class='ocrx_word' id='word_1_103' title='bbox 582 592 592 607; x_wconf 88' lang='lat'>‚</span> <span class='ocrx_word' id='word_1_104' title='bbox 611 561 804 611; x_wconf 83' lang='lat' dir='ltr'>impoffibile</span> <span class='ocrx_word' id='word_1_105' title='bbox 815 562 862 597; x_wconf 87' lang='lat' dir='ltr'>est</span> <span class='ocrx_word' id='word_1_106' title='bbox 879 563 966 597; x_wconf 87' lang='lat' dir='ltr'>idem</span> <span class='ocrx_word' id='word_1_107' title='bbox 984 561 1167 600; x_wconf 80' lang='lat' dir='ltr'>effe&amp;non</span> <span class='ocrx_word' id='word_1_108' title='bbox 1184 561 1244 598; x_wconf 83' lang='lat' dir='ltr'>effe</span> <span class='ocrx_word' id='word_1_109' title='bbox 1260 579 1269 605; x_wconf 80' lang='lat'>3</span> <span class='ocrx_word' id='word_1_110' title='bbox 1286 575 1324 597; x_wconf 89' lang='lat' dir='ltr'>ac</span> <span class='ocrx_word' id='word_1_111' title='bbox 1342 559 1466 597; x_wconf 81' lang='lat' dir='ltr'>necesse</span> <span class='ocrx_word' id='word_1_112' title='bbox 1477 561 1520 596; x_wconf 91' lang='lat' dir='ltr'>est</span> <span class='ocrx_word' id='word_1_113' title='bbox 1532 558 1707 608; x_wconf 86' lang='lat' dir='ltr'>quodlibet</span> <span class='ocrx_word' id='word_1_114' title='bbox 1728 556 1775 594; x_wconf 87' lang='lat' dir='ltr'>es-</span> 
     </span>
     <span class='ocr_line' id='line_1_11' title="bbox 375 607 1775 661; baseline -0.004 -15"><span class='ocrx_word' id='word_1_115' title='bbox 375 611 424 655; x_wconf 84' lang='lat' dir='ltr'>se,</span> <span class='ocrx_word' id='word_1_116' title='bbox 441 612 494 646; x_wconf 90' lang='lat' dir='ltr'>vel</span> <span class='ocrx_word' id='word_1_117' title='bbox 508 625 574 647; x_wconf 81' lang='lat' dir='ltr'>non</span> <span class='ocrx_word' id='word_1_118' title='bbox 588 610 660 648; x_wconf 81' lang='lat' dir='ltr'>esse.</span> <span class='ocrx_word' id='word_1_119' title='bbox 682 614 776 649; x_wconf 79' lang='lat' dir='ltr'>Nam</span> <span class='ocrx_word' id='word_1_120' title='bbox 786 612 853 647; x_wconf 78' lang='lat' dir='ltr'>haec</span> <span class='ocrx_word' id='word_1_121' title='bbox 866 613 1023 661; x_wconf 81' lang='lat' dir='ltr'>principia</span> <span class='ocrx_word' id='word_1_122' title='bbox 1037 626 1104 648; x_wconf 89' lang='lat' dir='ltr'>non</span> <span class='ocrx_word' id='word_1_123' title='bbox 1120 625 1155 647; x_wconf 91' lang='lat' dir='ltr'>re</span> <span class='ocrx_word' id='word_1_124' title='bbox 1168 641 1178 655; x_wconf 84' lang='lat'>,</span> <span class='ocrx_word' id='word_1_125' title='bbox 1196 611 1248 647; x_wconf 89' lang='lat' dir='ltr'>sed</span> <span class='ocrx_word' id='word_1_126' title='bbox 1267 610 1375 646; x_wconf 87' lang='lat' dir='ltr'>verbis</span> <span class='ocrx_word' id='word_1_127' title='bbox 1395 610 1592 659; x_wconf 82' lang='lat' dir='ltr'>discrepant..</span> <span class='ocrx_word' id='word_1_128' title='bbox 1608 607 1691 643; x_wconf 84' lang='lat' dir='ltr'>Illud</span> <span class='ocrx_word' id='word_1_129' title='bbox 1702 620 1775 642; x_wconf 86' lang='lat' dir='ltr'>me-</span> 
     </span>
     <span class='ocr_line' id='line_1_12' title="bbox 376 661 1773 710; baseline -0.004 -14"><span class='ocrx_word' id='word_1_130' title='bbox 376 662 465 697; x_wconf 78' lang='lat' dir='ltr'>dium</span> <span class='ocrx_word' id='word_1_131' title='bbox 484 673 584 696; x_wconf 88' lang='lat' dir='ltr'>omne</span> <span class='ocrx_word' id='word_1_132' title='bbox 607 673 664 710; x_wconf 90' lang='lat' dir='ltr'>per</span> <span class='ocrx_word' id='word_1_133' title='bbox 681 664 988 710; x_wconf 79' lang='lat' dir='ltr'>participationem3</span> <span class='ocrx_word' id='word_1_134' title='bbox 1009 661 1073 697; x_wconf 87' lang='lat' dir='ltr'>hoc</span> <span class='ocrx_word' id='word_1_135' title='bbox 1090 662 1235 698; x_wconf 86' lang='lat' dir='ltr'>medium</span> <span class='ocrx_word' id='word_1_136' title='bbox 1249 672 1305 709; x_wconf 85' lang='lat' dir='ltr'>per</span> <span class='ocrx_word' id='word_1_137' title='bbox 1320 662 1532 710; x_wconf 75' lang='lat' dir='ltr'>negationem</span> <span class='ocrx_word' id='word_1_138' title='bbox 1550 669 1773 693; x_wconf 83' lang='lat' dir='ltr'>extremorum</span> 
     </span>
     <span class='ocr_line' id='line_1_13' title="bbox 376 704 1779 754; baseline -0.003 -10"><span class='ocrx_word' id='word_1_139' title='bbox 376 712 513 745; x_wconf 85' lang='lat' dir='ltr'>omnino</span> <span class='ocrx_word' id='word_1_140' title='bbox 527 709 670 746; x_wconf 85' lang='lat' dir='ltr'>excludit</span> <span class='ocrx_word' id='word_1_141' title='bbox 682 710 759 747; x_wconf 79' lang='lat' dir='ltr'>:illa</span> <span class='ocrx_word' id='word_1_142' title='bbox 769 723 879 746; x_wconf 81' lang='lat' dir='ltr'>aurem</span> <span class='ocrx_word' id='word_1_143' title='bbox 889 711 998 746; x_wconf 82' lang='lat' dir='ltr'>media</span> <span class='ocrx_word' id='word_1_144' title='bbox 1012 713 1047 746; x_wconf 84' lang='lat' dir='ltr'>in</span> <span class='ocrx_word' id='word_1_145' title='bbox 1055 711 1315 747; x_wconf 68' lang='lat' dir='ltr'>contradictoriis</span> <span class='ocrx_word' id='word_1_146' title='bbox 1328 709 1398 745; x_wconf 87' lang='lat' dir='ltr'>sunt</span> <span class='ocrx_word' id='word_1_147' title='bbox 1410 722 1510 745; x_wconf 80' lang='lat' dir='ltr'>unum</span> <span class='ocrx_word' id='word_1_148' title='bbox 1525 713 1559 745; x_wconf 73' lang='grc' dir='ltr'>δι</span> <span class='ocrx_word' id='word_1_149' title='bbox 1572 707 1670 743; x_wconf 87' lang='lat' dir='ltr'>idem:</span> <span class='ocrx_word' id='word_1_150' title='bbox 1681 704 1779 754; x_wconf 74' lang='lat' dir='ltr'>quod:</span> 
     </span>
     <span class='ocr_line' id='line_1_14' title="bbox 376 757 1780 809; baseline -0.003 -16"><span class='ocrx_word' id='word_1_151' title='bbox 376 762 465 794; x_wconf 86' lang='lat' dir='ltr'>enim</span> <span class='ocrx_word' id='word_1_152' title='bbox 485 771 584 793; x_wconf 90' lang='lat' dir='ltr'>unum</span> <span class='ocrx_word' id='word_1_153' title='bbox 594 771 692 809; x_wconf 81' lang='lat' dir='ltr'>negat</span> <span class='ocrx_word' id='word_1_154' title='bbox 704 789 714 803; x_wconf 87' lang='lat'>‚</span> <span class='ocrx_word' id='word_1_155' title='bbox 731 772 829 809; x_wconf 76' lang='lat' dir='ltr'>negat</span> <span class='ocrx_word' id='word_1_156' title='bbox 840 760 1031 797; x_wconf 74' lang='lat' dir='ltr'>&amp;alterum</span> <span class='ocrx_word' id='word_1_157' title='bbox 1050 763 1127 796; x_wconf 89' lang='lat' dir='ltr'>Huc</span> <span class='ocrx_word' id='word_1_158' title='bbox 1141 763 1241 795; x_wconf 86' lang='lat' dir='ltr'>etiam</span> <span class='ocrx_word' id='word_1_159' title='bbox 1251 761 1395 807; x_wconf 82' lang='lat' dir='ltr'>pertinet</span> <span class='ocrx_word' id='word_1_160' title='bbox 1412 758 1495 793; x_wconf 59' lang='lat' dir='ltr'>illud&lt;</span> <span class='ocrx_word' id='word_1_161' title='bbox 1507 759 1662 798; x_wconf 75' lang='lat' dir='ltr'>axioma,</span> <span class='ocrx_word' id='word_1_162' title='bbox 1688 757 1780 791; x_wconf 66' lang='lat' dir='ltr'>inter&lt;</span> 
     </span>
     <span class='ocr_line' id='line_1_15' title="bbox 378 802 1779 857; baseline -0.003 -16"><span class='ocrx_word' id='word_1_163' title='bbox 378 819 434 843; x_wconf 84' lang='lat' dir='ltr'>ens</span> <span class='ocrx_word' id='word_1_164' title='bbox 446 813 481 844; x_wconf 69' lang='lat' dir='ltr'>&lt;Sc</span> <span class='ocrx_word' id='word_1_165' title='bbox 494 821 561 843; x_wconf 91' lang='lat' dir='ltr'>non</span> <span class='ocrx_word' id='word_1_166' title='bbox 570 820 628 843; x_wconf 88' lang='lat' dir='ltr'>ens</span> <span class='ocrx_word' id='word_1_167' title='bbox 641 822 707 843; x_wconf 90' lang='lat' dir='ltr'>non</span> <span class='ocrx_word' id='word_1_168' title='bbox 719 810 810 844; x_wconf 84' lang='lat' dir='ltr'>datur</span> <span class='ocrx_word' id='word_1_169' title='bbox 821 810 967 846; x_wconf 88' lang='lat' dir='ltr'>medium</span> <span class='ocrx_word' id='word_1_170' title='bbox 981 823 989 845; x_wconf 75' lang='grc' dir='ltr'>ε</span> <span class='ocrx_word' id='word_1_171' title='bbox 1003 809 1057 845; x_wconf 90' lang='lat' dir='ltr'>vel</span> <span class='ocrx_word' id='word_1_172' title='bbox 1071 809 1172 853; x_wconf 89' lang='lat' dir='ltr'>illud,</span> <span class='ocrx_word' id='word_1_173' title='bbox 1189 806 1368 857; x_wconf 71' lang='lat' dir='ltr'>quodlibet</span> <span class='ocrx_word' id='word_1_174' title='bbox 1387 808 1430 844; x_wconf 88' lang='lat' dir='ltr'>est</span> <span class='ocrx_word' id='word_1_175' title='bbox 1445 836 1456 851; x_wconf 93' lang='lat'>‚</span> <span class='ocrx_word' id='word_1_176' title='bbox 1473 806 1526 841; x_wconf 85' lang='lat' dir='ltr'>vel</span> <span class='ocrx_word' id='word_1_177' title='bbox 1549 819 1615 841; x_wconf 89' lang='lat' dir='ltr'>non</span> <span class='ocrx_word' id='word_1_178' title='bbox 1629 804 1674 840; x_wconf 89' lang='lat' dir='ltr'>est</span> <span class='ocrx_word' id='word_1_179' title='bbox 1690 821 1699 848; x_wconf 81' lang='lat'><em>3</em></span> <span class='ocrx_word' id='word_1_180' title='bbox 1718 802 1779 839; x_wconf 83' lang='lat' dir='ltr'>vel.</span> 
     </span>
     <span class='ocr_line' id='line_1_16' title="bbox 376 854 1780 904; baseline -0.001 -12"><span class='ocrx_word' id='word_1_181' title='bbox 376 858 416 892; x_wconf 82' lang='lat' dir='ltr'>de</span> <span class='ocrx_word' id='word_1_182' title='bbox 427 856 581 904; x_wconf 87' lang='lat' dir='ltr'>quolibet</span> <span class='ocrx_word' id='word_1_183' title='bbox 598 869 676 892; x_wconf 84' lang='lat' dir='ltr'>vera</span> <span class='ocrx_word' id='word_1_184' title='bbox 689 858 734 892; x_wconf 87' lang='lat' dir='ltr'>est</span> <span class='ocrx_word' id='word_1_185' title='bbox 753 857 940 902; x_wconf 75' lang='lat' dir='ltr'>affirmatio,</span> <span class='ocrx_word' id='word_1_186' title='bbox 957 871 1013 894; x_wconf 88' lang='lat' dir='ltr'>aut</span> <span class='ocrx_word' id='word_1_187' title='bbox 1026 861 1171 904; x_wconf 63' lang='lat' dir='ltr'>negatio.</span> <span class='ocrx_word' id='word_1_188' title='bbox 1191 860 1280 895; x_wconf 78' lang='lat' dir='ltr'>Nam</span> <span class='ocrx_word' id='word_1_189' title='bbox 1299 856 1417 891; x_wconf 87' lang='lat' dir='ltr'>eodem</span> <span class='ocrx_word' id='word_1_190' title='bbox 1436 858 1548 892; x_wconf 86' lang='lat' dir='ltr'>omnia</span> <span class='ocrx_word' id='word_1_191' title='bbox 1565 854 1714 889; x_wconf 89' lang='lat' dir='ltr'>recidunt</span> <span class='ocrx_word' id='word_1_192' title='bbox 1740 857 1780 890; x_wconf 68' lang='lat' dir='ltr'>&amp;e</span> 
     </span>
     <span class='ocr_line' id='line_1_17' title="bbox 376 900 1780 956; baseline -0.004 -15"><span class='ocrx_word' id='word_1_193' title='bbox 376 906 577 955; x_wconf 77' lang='lat' dir='ltr'>explicantur</span> <span class='ocrx_word' id='word_1_194' title='bbox 590 918 647 955; x_wconf 85' lang='lat' dir='ltr'>per</span> <span class='ocrx_word' id='word_1_195' title='bbox 662 906 742 942; x_wconf 91' lang='lat' dir='ltr'>illud</span> <span class='ocrx_word' id='word_1_196' title='bbox 754 937 763 951; x_wconf 89' lang='lat'>‚</span> <span class='ocrx_word' id='word_1_197' title='bbox 779 907 902 944; x_wconf 81' lang='lat' dir='ltr'>necesse</span> <span class='ocrx_word' id='word_1_198' title='bbox 912 908 959 942; x_wconf 88' lang='lat' dir='ltr'>est</span> <span class='ocrx_word' id='word_1_199' title='bbox 970 900 1150 956; x_wconf 79' lang='lat' dir='ltr'>quodlibet.</span> <span class='ocrx_word' id='word_1_200' title='bbox 1163 906 1224 943; x_wconf 82' lang='lat' dir='ltr'>esse</span> <span class='ocrx_word' id='word_1_201' title='bbox 1237 936 1248 951; x_wconf 92' lang='lat'><em>,</em></span> <span class='ocrx_word' id='word_1_202' title='bbox 1269 905 1322 943; x_wconf 76' lang='lat' dir='ltr'>vel</span> <span class='ocrx_word' id='word_1_203' title='bbox 1332 918 1399 943; x_wconf 89' lang='lat' dir='ltr'>non</span> <span class='ocrx_word' id='word_1_204' title='bbox 1417 903 1477 941; x_wconf 80' lang='lat' dir='ltr'>effe</span> <span class='ocrx_word' id='word_1_205' title='bbox 1493 922 1509 950; x_wconf 76' lang='lat'>3.</span> <span class='ocrx_word' id='word_1_206' title='bbox 1522 900 1780 952; x_wconf 46' lang='lat' dir='ltr'>autimpoffibi*</span> 
     </span>
     <span class='ocr_line' id='line_1_18' title="bbox 377 954 961 1003; baseline 0.005 -13"><span class='ocrx_word' id='word_1_207' title='bbox 377 954 408 990; x_wconf 86' lang='lat' dir='ltr'>le</span> <span class='ocrx_word' id='word_1_208' title='bbox 432 956 477 991; x_wconf 84' lang='lat' dir='ltr'>est</span> <span class='ocrx_word' id='word_1_209' title='bbox 496 956 583 992; x_wconf 89' lang='lat' dir='ltr'>idem</span> <span class='ocrx_word' id='word_1_210' title='bbox 601 954 662 992; x_wconf 77' lang='lat' dir='ltr'>effe</span> <span class='ocrx_word' id='word_1_211' title='bbox 675 986 689 1003; x_wconf 19' lang='lat'>‚⁷</span> <span class='ocrx_word' id='word_1_212' title='bbox 714 956 770 994; x_wconf 85' lang='lat' dir='ltr'>vel</span> <span class='ocrx_word' id='word_1_213' title='bbox 796 969 866 994; x_wconf 88' lang='lat' dir='ltr'>non</span> <span class='ocrx_word' id='word_1_214' title='bbox 882 955 961 993; x_wconf 56' lang='lat' dir='ltr'>essem</span> 
     </span>
    </p>
   </div>
   <div class='ocr_carea' id='block_1_2' title="bbox 867 1056 1265 1102">
    <p class='ocr_par' dir='ltr' id='par_1_3' title="bbox 867 1056 1265 1102">
     <span class='ocr_line' id='line_1_19' title="bbox 867 1056 1265 1102; baseline 0.005 -11"><span class='ocrx_word' id='word_1_215' title='bbox 867 1057 1049 1093; x_wconf 74' lang='lat' dir='ltr'>Solvuntur</span> <span class='ocrx_word' id='word_1_216' title='bbox 1064 1056 1265 1102; x_wconf 15' lang='lat' dir='ltr'>objeffioneszr</span> 
     </span>
    </p>
   </div>
   <div class='ocr_carea' id='block_1_3' title="bbox 379 1150 1783 1398">
    <p class='ocr_par' dir='ltr' id='par_1_4' title="bbox 379 1150 1783 1398">
     <span class='ocr_line' id='line_1_20' title="bbox 461 1150 1783 1205; baseline -0.003 -15"><span class='ocrx_word' id='word_1_217' title='bbox 461 1156 543 1205; x_wconf 85' lang='lat' dir='ltr'>Opp.</span> <span class='ocrx_word' id='word_1_218' title='bbox 573 1168 598 1191; x_wconf 79' lang='grc' dir='ltr'>ι.</span> <span class='ocrx_word' id='word_1_219' title='bbox 626 1153 699 1188; x_wconf 85' lang='lat' dir='ltr'>Illas</span> <span class='ocrx_word' id='word_1_220' title='bbox 726 1152 962 1201; x_wconf 77' lang='lat' dir='ltr'>propositiones</span> <span class='ocrx_word' id='word_1_221' title='bbox 999 1153 1061 1190; x_wconf 80' lang='lat' dir='ltr'>effe</span> <span class='ocrx_word' id='word_1_222' title='bbox 1091 1152 1262 1189; x_wconf 81' lang='lat' dir='ltr'>modales;</span> <span class='ocrx_word' id='word_1_223' title='bbox 1290 1151 1414 1189; x_wconf 83' lang='lat' dir='ltr'>necesse</span> <span class='ocrx_word' id='word_1_224' title='bbox 1439 1152 1483 1188; x_wconf 85' lang='lat' dir='ltr'>est</span> <span class='ocrx_word' id='word_1_225' title='bbox 1502 1150 1677 1200; x_wconf 84' lang='lat' dir='ltr'>quodlibet</span> <span class='ocrx_word' id='word_1_226' title='bbox 1710 1151 1783 1187; x_wconf 76' lang='lat' dir='ltr'>esse·</span> 
     </span>
     <span class='ocr_line' id='line_1_21' title="bbox 380 1199 1779 1251; baseline -0.004 -10"><span class='ocrx_word' id='word_1_227' title='bbox 380 1203 435 1241; x_wconf 75' lang='lat' dir='ltr'>vel</span> <span class='ocrx_word' id='word_1_228' title='bbox 457 1218 526 1240; x_wconf 88' lang='lat' dir='ltr'>non</span> <span class='ocrx_word' id='word_1_229' title='bbox 544 1203 605 1240; x_wconf 84' lang='lat' dir='ltr'>effe</span> <span class='ocrx_word' id='word_1_230' title='bbox 625 1221 634 1248; x_wconf 77' lang='lat'><em>3</em></span> <span class='ocrx_word' id='word_1_231' title='bbox 660 1214 716 1238; x_wconf 85' lang='lat' dir='ltr'>aut</span> <span class='ocrx_word' id='word_1_232' title='bbox 740 1201 939 1251; x_wconf 73' lang='lat' dir='ltr'>impossibile</span> <span class='ocrx_word' id='word_1_233' title='bbox 960 1204 1021 1246; x_wconf 87' lang='lat' dir='ltr'>est,</span> <span class='ocrx_word' id='word_1_234' title='bbox 1040 1209 1103 1240; x_wconf 67' lang='grc' dir='ltr'>διε.</span> <span class='ocrx_word' id='word_1_235' title='bbox 1138 1203 1200 1237; x_wconf 86' lang='lat' dir='ltr'>Sed</span> <span class='ocrx_word' id='word_1_236' title='bbox 1217 1201 1395 1251; x_wconf 85' lang='lat' dir='ltr'>propositio</span> <span class='ocrx_word' id='word_1_237' title='bbox 1419 1200 1565 1237; x_wconf 73' lang='lat' dir='ltr'>ebsoluta</span> <span class='ocrx_word' id='word_1_238' title='bbox 1588 1206 1623 1238; x_wconf 70' lang='grc' dir='ltr'>δε</span> <span class='ocrx_word' id='word_1_239' title='bbox 1640 1199 1779 1249; x_wconf 79' lang='lat' dir='ltr'>simplex·</span> 
     </span>
     <span class='ocr_line' id='line_1_22' title="bbox 380 1250 1783 1311; baseline -0.002 -23"><span class='ocrx_word' id='word_1_240' title='bbox 380 1256 468 1310; x_wconf 65' lang='lat' dir='ltr'>prior</span> <span class='ocrx_word' id='word_1_241' title='bbox 483 1254 525 1289; x_wconf 89' lang='lat' dir='ltr'>est</span> <span class='ocrx_word' id='word_1_242' title='bbox 543 1252 667 1288; x_wconf 84' lang='lat' dir='ltr'>modali</span> <span class='ocrx_word' id='word_1_243' title='bbox 684 1265 698 1288; x_wconf 31' lang='lat' dir='ltr'>:J</span> <span class='ocrx_word' id='word_1_244' title='bbox 718 1263 796 1300; x_wconf 82' lang='lat' dir='ltr'>ergo</span> <span class='ocrx_word' id='word_1_245' title='bbox 811 1253 874 1289; x_wconf 87' lang='lat' dir='ltr'>illae</span> <span class='ocrx_word' id='word_1_246' title='bbox 897 1251 1130 1302; x_wconf 74' lang='lat' dir='ltr'>propositiones</span> <span class='ocrx_word' id='word_1_247' title='bbox 1147 1264 1215 1286; x_wconf 86' lang='lat' dir='ltr'>non</span> <span class='ocrx_word' id='word_1_248' title='bbox 1235 1250 1307 1311; x_wconf 79' lang='lat' dir='ltr'>sunt</span> <span class='ocrx_word' id='word_1_249' title='bbox 1322 1253 1424 1300; x_wconf 80' lang='lat' dir='ltr'>prima</span> <span class='ocrx_word' id='word_1_250' title='bbox 1443 1252 1638 1299; x_wconf 81' lang='lat' dir='ltr'>cognitionis</span> <span class='ocrx_word' id='word_1_251' title='bbox 1656 1252 1783 1299; x_wconf 83' lang='lat' dir='ltr'>princi--</span> 
     </span>
     <span class='ocr_line' id='line_1_23' title="bbox 379 1316 1772 1398; baseline -0.003 -14"><span class='ocrx_word' id='word_1_252' title='bbox 379 1316 454 1388; x_wconf 46' lang='grc' dir='ltr'><strong><em>Ριῗέ.</em></strong></span> <span class='ocrx_word' id='word_1_253' title='bbox 475 1351 559 1396; x_wconf 66' lang='grc' dir='ltr'>Βίβ.</span> <span class='ocrx_word' id='word_1_254' title='bbox 577 1349 842 1396; x_wconf 76' lang='lat' dir='ltr'>min.Propositi0</span> <span class='ocrx_word' id='word_1_255' title='bbox 860 1349 1006 1385; x_wconf 87' lang='lat' dir='ltr'>absoluta</span> <span class='ocrx_word' id='word_1_256' title='bbox 1027 1354 1114 1398; x_wconf 87' lang='lat' dir='ltr'>prior</span> <span class='ocrx_word' id='word_1_257' title='bbox 1130 1349 1175 1384; x_wconf 88' lang='lat' dir='ltr'>est</span> <span class='ocrx_word' id='word_1_258' title='bbox 1193 1349 1316 1384; x_wconf 79' lang='lat' dir='ltr'>modali</span> <span class='ocrx_word' id='word_1_259' title='bbox 1342 1354 1376 1385; x_wconf 87' lang='lat'>&amp;</span> <span class='ocrx_word' id='word_1_260' title='bbox 1397 1347 1585 1396; x_wconf 72' lang='lat' dir='ltr'>simplicior,</span> <span class='ocrx_word' id='word_1_261' title='bbox 1614 1361 1772 1397; x_wconf 78' lang='lat' dir='ltr'>quatenus</span> 
     </span>
    </p>
   </div>
   <div class='ocr_carea' id='block_1_4' title="bbox 380 1395 1784 1450">
    <p class='ocr_par' dir='ltr' id='par_1_5' title="bbox 380 1395 1784 1450">
     <span class='ocr_line' id='line_1_24' title="bbox 380 1395 1784 1450; baseline -0.001 -15"><span class='ocrx_word' id='word_1_262' title='bbox 380 1402 424 1436; x_wconf 74' lang='lat' dir='ltr'>est</span> <span class='ocrx_word' id='word_1_263' title='bbox 441 1400 617 1450; x_wconf 83' lang='lat' dir='ltr'>propositio</span> <span class='ocrx_word' id='word_1_264' title='bbox 629 1429 637 1439; x_wconf 96' lang='lat'><em>‚</em></span> <span class='ocrx_word' id='word_1_265' title='bbox 656 1402 694 1432; x_wconf 88' lang='lat' dir='ltr'>C.</span> <span class='ocrx_word' id='word_1_266' title='bbox 712 1410 868 1446; x_wconf 74' lang='lat' dir='ltr'>quatenus</span> <span class='ocrx_word' id='word_1_267' title='bbox 887 1399 933 1433; x_wconf 87' lang='lat' dir='ltr'>est</span> <span class='ocrx_word' id='word_1_268' title='bbox 958 1400 1170 1447; x_wconf 84' lang='lat' dir='ltr'>principium,</span> <span class='ocrx_word' id='word_1_269' title='bbox 1197 1400 1248 1433; x_wconf 89' lang='lat' dir='ltr'>N.</span> <span class='ocrx_word' id='word_1_270' title='bbox 1275 1399 1439 1447; x_wconf 83' lang='lat' dir='ltr'>Majorem</span> <span class='ocrx_word' id='word_1_271' title='bbox 1457 1398 1546 1432; x_wconf 87' lang='lat' dir='ltr'>enim</span> <span class='ocrx_word' id='word_1_272' title='bbox 1565 1395 1645 1446; x_wconf 83' lang='lat' dir='ltr'>saepe</span> <span class='ocrx_word' id='word_1_273' title='bbox 1667 1411 1730 1448; x_wconf 77' lang='lat' dir='ltr'>pra:</span> <span class='ocrx_word' id='word_1_274' title='bbox 1744 1398 1784 1434; x_wconf 80' lang='lat' dir='ltr'>se·</span> 
     </span>
    </p>
   </div>
   <div class='ocr_carea' id='block_1_5' title="bbox 377 1445 1783 2477">
    <p class='ocr_par' dir='ltr' id='par_1_6' title="bbox 381 1445 1338 1496">
     <span class='ocr_line' id='line_1_25' title="bbox 381 1445 1338 1496; baseline -0.005 -12"><span class='ocrx_word' id='word_1_275' title='bbox 381 1450 446 1485; x_wconf 90' lang='lat' dir='ltr'>fert</span> <span class='ocrx_word' id='word_1_276' title='bbox 462 1450 662 1484; x_wconf 87' lang='lat' dir='ltr'>evidentiam</span> <span class='ocrx_word' id='word_1_277' title='bbox 680 1448 817 1483; x_wconf 82' lang='lat' dir='ltr'>modalis</span> <span class='ocrx_word' id='word_1_278' title='bbox 831 1477 840 1491; x_wconf 85' lang='lat'>,</span> <span class='ocrx_word' id='word_1_279' title='bbox 854 1448 956 1496; x_wconf 68' lang='lat' dir='ltr'>quam</span> <span class='ocrx_word' id='word_1_280' title='bbox 975 1447 1122 1483; x_wconf 85' lang='lat' dir='ltr'>absoluta</span> <span class='ocrx_word' id='word_1_281' title='bbox 1143 1445 1338 1496; x_wconf 74' lang='lat' dir='ltr'>proposttiO..</span> 
     </span>
    </p>

    <p class='ocr_par' dir='ltr' id='par_1_7' title="bbox 381 1496 1783 1646">
     <span class='ocr_line' id='line_1_26' title="bbox 411 1496 1783 1548; baseline -0.001 -16"><span class='ocrx_word' id='word_1_282' title='bbox 411 1500 498 1548; x_wconf 80' lang='lat' dir='ltr'>Opp.</span> <span class='ocrx_word' id='word_1_283' title='bbox 528 1513 554 1534; x_wconf 79' lang='lat'>2·</span> <span class='ocrx_word' id='word_1_284' title='bbox 581 1499 780 1546; x_wconf 87' lang='lat' dir='ltr'>Principium</span> <span class='ocrx_word' id='word_1_285' title='bbox 799 1496 877 1532; x_wconf 88' lang='lat' dir='ltr'>illud</span> <span class='ocrx_word' id='word_1_286' title='bbox 898 1496 1115 1544; x_wconf 84' lang='lat' dir='ltr'>impoffibile,</span> <span class='ocrx_word' id='word_1_287' title='bbox 1140 1503 1205 1534; x_wconf 85' lang='lat' dir='ltr'>&amp;c.</span> <span class='ocrx_word' id='word_1_288' title='bbox 1227 1497 1270 1531; x_wconf 86' lang='lat' dir='ltr'>est</span> <span class='ocrx_word' id='word_1_289' title='bbox 1286 1496 1461 1545; x_wconf 77' lang='lat' dir='ltr'>propositio</span> <span class='ocrx_word' id='word_1_290' title='bbox 1484 1507 1626 1545; x_wconf 79' lang='lat' dir='ltr'>negans,</span> <span class='ocrx_word' id='word_1_291' title='bbox 1649 1508 1689 1531; x_wconf 80' lang='lat' dir='ltr'>ex</span> <span class='ocrx_word' id='word_1_292' title='bbox 1711 1508 1783 1544; x_wconf 70' lang='lat' dir='ltr'>qua.</span> 
     </span>
     <span class='ocr_line' id='line_1_27' title="bbox 381 1544 1776 1595; baseline -0.001 -13"><span class='ocrx_word' id='word_1_293' title='bbox 381 1547 596 1583; x_wconf 73' lang='lat' dir='ltr'>demonstrari.</span> <span class='ocrx_word' id='word_1_294' title='bbox 616 1560 683 1582; x_wconf 89' lang='lat' dir='ltr'>non</span> <span class='ocrx_word' id='word_1_295' title='bbox 703 1547 810 1595; x_wconf 73' lang='lat' dir='ltr'>potest</span> <span class='ocrx_word' id='word_1_296' title='bbox 829 1545 988 1582; x_wconf 86' lang='lat' dir='ltr'>conclusio</span> <span class='ocrx_word' id='word_1_297' title='bbox 1009 1544 1174 1582; x_wconf 70' lang='lat' dir='ltr'>affirmans</span> <span class='ocrx_word' id='word_1_298' title='bbox 1194 1560 1209 1582; x_wconf 65' lang='grc' dir='ltr'>ι</span> <span class='ocrx_word' id='word_1_299' title='bbox 1231 1558 1309 1594; x_wconf 81' lang='lat' dir='ltr'>ergo</span> <span class='ocrx_word' id='word_1_300' title='bbox 1333 1559 1400 1582; x_wconf 90' lang='lat' dir='ltr'>non</span> <span class='ocrx_word' id='word_1_301' title='bbox 1426 1545 1469 1581; x_wconf 91' lang='lat' dir='ltr'>est</span> <span class='ocrx_word' id='word_1_302' title='bbox 1483 1547 1621 1594; x_wconf 82' lang='lat' dir='ltr'>primum</span> <span class='ocrx_word' id='word_1_303' title='bbox 1652 1547 1776 1594; x_wconf 82' lang='lat' dir='ltr'>princi-</span> 
     </span>
     <span class='ocr_line' id='line_1_28' title="bbox 382 1611 484 1646; baseline 0 -14"><span class='ocrx_word' id='word_1_304' title='bbox 382 1611 484 1646; x_wconf 70' lang='lat' dir='ltr'>pium.</span> 
     </span>
    </p>

    <p class='ocr_par' dir='ltr' id='par_1_8' title="bbox 382 1642 1783 1788">
     <span class='ocr_line' id='line_1_29' title="bbox 423 1642 1778 1696; baseline -0.002 -13"><span class='ocrx_word' id='word_1_305' title='bbox 423 1648 512 1696; x_wconf 64' lang='lat' dir='ltr'>Resp,</span> <span class='ocrx_word' id='word_1_306' title='bbox 531 1651 575 1683; x_wconf 84' lang='lat' dir='ltr'>Ex</span> <span class='ocrx_word' id='word_1_307' title='bbox 590 1645 807 1695; x_wconf 77' lang='lat' dir='ltr'>propositione</span> <span class='ocrx_word' id='word_1_308' title='bbox 827 1657 967 1693; x_wconf 78' lang='lat' dir='ltr'>negante</span> <span class='ocrx_word' id='word_1_309' title='bbox 984 1644 1197 1682; x_wconf 75' lang='lat' dir='ltr'>demonstrari</span> <span class='ocrx_word' id='word_1_310' title='bbox 1218 1658 1284 1680; x_wconf 89' lang='lat' dir='ltr'>non</span> <span class='ocrx_word' id='word_1_311' title='bbox 1305 1643 1391 1693; x_wconf 79' lang='lat' dir='ltr'>posse</span> <span class='ocrx_word' id='word_1_312' title='bbox 1405 1656 1462 1692; x_wconf 85' lang='lat' dir='ltr'>per</span> <span class='ocrx_word' id='word_1_313' title='bbox 1477 1642 1716 1680; x_wconf 77' lang='lat' dir='ltr'>conclusionem</span> <span class='ocrx_word' id='word_1_314' title='bbox 1727 1644 1778 1680; x_wconf 81' lang='lat' dir='ltr'>af-</span> 
     </span>
     <span class='ocr_line' id='line_1_30' title="bbox 382 1693 1783 1743; baseline -0.003 -12"><span class='ocrx_word' id='word_1_315' title='bbox 382 1695 566 1731; x_wconf 67' lang='lat' dir='ltr'>firmantem</span> <span class='ocrx_word' id='word_1_316' title='bbox 585 1698 708 1732; x_wconf 69' lang='lat' dir='ltr'>dii-cete</span> <span class='ocrx_word' id='word_1_317' title='bbox 724 1702 755 1732; x_wconf 57' lang='grc' dir='ltr'>δέ</span> <span class='ocrx_word' id='word_1_318' title='bbox 769 1694 942 1739; x_wconf 83' lang='lat' dir='ltr'>ostensive,</span> <span class='ocrx_word' id='word_1_319' title='bbox 962 1707 998 1730; x_wconf 91' lang='lat' dir='ltr'>ut</span> <span class='ocrx_word' id='word_1_320' title='bbox 1008 1698 1096 1730; x_wconf 87' lang='lat' dir='ltr'>aiunt</span> <span class='ocrx_word' id='word_1_321' title='bbox 1109 1725 1118 1738; x_wconf 86' lang='lat'>,</span> <span class='ocrx_word' id='word_1_322' title='bbox 1135 1694 1222 1742; x_wconf 83' lang='lat' dir='ltr'>quod</span> <span class='ocrx_word' id='word_1_323' title='bbox 1240 1695 1281 1728; x_wconf 88' lang='lat' dir='ltr'>est</span> <span class='ocrx_word' id='word_1_324' title='bbox 1293 1707 1403 1729; x_wconf 83' lang='lat' dir='ltr'>verum</span> <span class='ocrx_word' id='word_1_325' title='bbox 1428 1693 1783 1743; x_wconf 65' lang='lat' dir='ltr'>demonstrationisge-</span> 
     </span>
     <span class='ocr_line' id='line_1_31' title="bbox 382 1743 1630 1788; baseline -0.006 -7"><span class='ocrx_word' id='word_1_326' title='bbox 382 1758 439 1781; x_wconf 86' lang='lat' dir='ltr'>nus</span> <span class='ocrx_word' id='word_1_327' title='bbox 451 1775 460 1788; x_wconf 91' lang='lat'>,</span> <span class='ocrx_word' id='word_1_328' title='bbox 484 1744 536 1780; x_wconf 88' lang='lat' dir='ltr'>sed</span> <span class='ocrx_word' id='word_1_329' title='bbox 553 1746 713 1781; x_wconf 58' lang='lat' dir='ltr'>indirecte</span> <span class='ocrx_word' id='word_1_330' title='bbox 739 1743 866 1779; x_wconf 67' lang='lat' dir='ltr'>tantum</span> <span class='ocrx_word' id='word_1_331' title='bbox 879 1749 913 1780; x_wconf 86' lang='lat'>&amp;</span> <span class='ocrx_word' id='word_1_332' title='bbox 927 1745 1075 1779; x_wconf 90' lang='lat' dir='ltr'>ducendo</span> <span class='ocrx_word' id='word_1_333' title='bbox 1086 1743 1299 1778; x_wconf 78' lang='lat' dir='ltr'>adversarium</span> <span class='ocrx_word' id='word_1_334' title='bbox 1319 1744 1356 1777; x_wconf 80' lang='lat' dir='ltr'>ad</span> <span class='ocrx_word' id='word_1_335' title='bbox 1374 1744 1630 1779; x_wconf 65' lang='lat' dir='ltr'>inconveniens„</span> 
     </span>
    </p>

    <p class='ocr_par' dir='ltr' id='par_1_9' title="bbox 379 1791 1782 2090">
     <span class='ocr_line' id='line_1_32' title="bbox 426 1791 1776 1843; baseline -0.005 -12"><span class='ocrx_word' id='word_1_336' title='bbox 426 1795 509 1842; x_wconf 63' lang='lat' dir='ltr'>Opp,</span> <span class='ocrx_word' id='word_1_337' title='bbox 525 1809 549 1840; x_wconf 69' lang='grc' dir='ltr'>ς.</span> <span class='ocrx_word' id='word_1_338' title='bbox 563 1795 646 1830; x_wconf 79' lang='lat' dir='ltr'>Illud</span> <span class='ocrx_word' id='word_1_339' title='bbox 656 1796 847 1843; x_wconf 83' lang='lat' dir='ltr'>principium</span> <span class='ocrx_word' id='word_1_340' title='bbox 858 1791 1054 1842; x_wconf 69' lang='lat' dir='ltr'>impossibile</span> <span class='ocrx_word' id='word_1_341' title='bbox 1065 1793 1124 1836; x_wconf 84' lang='lat' dir='ltr'>est,</span> <span class='ocrx_word' id='word_1_342' title='bbox 1138 1798 1200 1830; x_wconf 56' lang='lat' dir='ltr'>&amp;a</span> <span class='ocrx_word' id='word_1_343' title='bbox 1210 1806 1276 1829; x_wconf 90' lang='lat' dir='ltr'>non</span> <span class='ocrx_word' id='word_1_344' title='bbox 1290 1793 1333 1827; x_wconf 82' lang='lat' dir='ltr'>est</span> <span class='ocrx_word' id='word_1_345' title='bbox 1349 1795 1497 1828; x_wconf 88' lang='lat' dir='ltr'>omnium</span> <span class='ocrx_word' id='word_1_346' title='bbox 1509 1794 1666 1840; x_wconf 86' lang='lat' dir='ltr'>primum,</span> <span class='ocrx_word' id='word_1_347' title='bbox 1685 1791 1707 1827; x_wconf 89' lang='lat' dir='ltr'>si</span> <span class='ocrx_word' id='word_1_348' title='bbox 1724 1795 1776 1828; x_wconf 82' lang='lat' dir='ltr'>in-</span> 
     </span>
     <span class='ocr_line' id='line_1_33' title="bbox 380 1841 1782 1889; baseline -0.004 -8"><span class='ocrx_word' id='word_1_349' title='bbox 380 1858 429 1881; x_wconf 86' lang='lat' dir='ltr'>ter</span> <span class='ocrx_word' id='word_1_350' title='bbox 441 1842 501 1879; x_wconf 83' lang='lat' dir='ltr'>esse</span> <span class='ocrx_word' id='word_1_351' title='bbox 511 1873 520 1887; x_wconf 86' lang='lat'>,</span> <span class='ocrx_word' id='word_1_352' title='bbox 534 1850 567 1881; x_wconf 72' lang='grc' dir='ltr'>δε</span> <span class='ocrx_word' id='word_1_353' title='bbox 577 1858 643 1879; x_wconf 89' lang='lat' dir='ltr'>non</span> <span class='ocrx_word' id='word_1_354' title='bbox 654 1842 714 1878; x_wconf 81' lang='lat' dir='ltr'>effe</span> <span class='ocrx_word' id='word_1_355' title='bbox 728 1872 737 1887; x_wconf 86' lang='lat'>‚</span> <span class='ocrx_word' id='word_1_356' title='bbox 755 1842 809 1877; x_wconf 89' lang='lat' dir='ltr'>seu</span> <span class='ocrx_word' id='word_1_357' title='bbox 824 1845 909 1879; x_wconf 87' lang='lat' dir='ltr'>inter</span> <span class='ocrx_word' id='word_1_358' title='bbox 920 1843 1172 1878; x_wconf 64' lang='lat' dir='ltr'>contradietoria</span> <span class='ocrx_word' id='word_1_359' title='bbox 1192 1842 1285 1877; x_wconf 91' lang='lat' dir='ltr'>detur</span> <span class='ocrx_word' id='word_1_360' title='bbox 1296 1841 1426 1889; x_wconf 83' lang='lat' dir='ltr'>aliquod</span> <span class='ocrx_word' id='word_1_361' title='bbox 1437 1842 1592 1876; x_wconf 87' lang='lat' dir='ltr'>medium.</span> <span class='ocrx_word' id='word_1_362' title='bbox 1610 1841 1675 1875; x_wconf 87' lang='lat' dir='ltr'>Sed</span> <span class='ocrx_word' id='word_1_363' title='bbox 1690 1843 1782 1876; x_wconf 74' lang='lat' dir='ltr'>intet-</span> 
     </span>
     <span class='ocr_line' id='line_1_34' title="bbox 383 1888 1776 1941; baseline -0.005 -12"><span class='ocrx_word' id='word_1_364' title='bbox 383 1907 439 1929; x_wconf 86' lang='lat' dir='ltr'>ens</span> <span class='ocrx_word' id='word_1_365' title='bbox 454 1898 487 1930; x_wconf 69' lang='grc' dir='ltr'>δε</span> <span class='ocrx_word' id='word_1_366' title='bbox 501 1893 584 1928; x_wconf 76' lang='lat' dir='ltr'>illius</span> <span class='ocrx_word' id='word_1_367' title='bbox 597 1895 808 1941; x_wconf 68' lang='lat' dir='ltr'>negationem</span> <span class='ocrx_word' id='word_1_368' title='bbox 825 1922 834 1937; x_wconf 86' lang='lat'>‚</span> <span class='ocrx_word' id='word_1_369' title='bbox 853 1905 889 1927; x_wconf 90' lang='lat' dir='ltr'>ut</span> <span class='ocrx_word' id='word_1_370' title='bbox 904 1894 990 1927; x_wconf 85' lang='lat' dir='ltr'>inter</span> <span class='ocrx_word' id='word_1_371' title='bbox 1007 1892 1111 1927; x_wconf 87' lang='lat' dir='ltr'>visum</span> <span class='ocrx_word' id='word_1_372' title='bbox 1135 1897 1169 1929; x_wconf 84' lang='lat'>&amp;</span> <span class='ocrx_word' id='word_1_373' title='bbox 1187 1893 1397 1940; x_wconf 82' lang='lat' dir='ltr'>negationem</span> <span class='ocrx_word' id='word_1_374' title='bbox 1417 1888 1506 1923; x_wconf 71' lang='lat' dir='ltr'>visus</span> <span class='ocrx_word' id='word_1_375' title='bbox 1520 1917 1529 1932; x_wconf 85' lang='lat'>‚</span> <span class='ocrx_word' id='word_1_376' title='bbox 1552 1889 1657 1937; x_wconf 77' lang='lat' dir='ltr'>qualis</span> <span class='ocrx_word' id='word_1_377' title='bbox 1673 1890 1719 1924; x_wconf 87' lang='lat' dir='ltr'>est</span> <span class='ocrx_word' id='word_1_378' title='bbox 1740 1892 1776 1925; x_wconf 89' lang='lat' dir='ltr'>in</span> 
     </span>
     <span class='ocr_line' id='line_1_35' title="bbox 380 1938 1782 1993; baseline -0.003 -15"><span class='ocrx_word' id='word_1_379' title='bbox 380 1942 489 1993; x_wconf 79' lang='lat' dir='ltr'>lapide</span> <span class='ocrx_word' id='word_1_380' title='bbox 502 1972 511 1986; x_wconf 92' lang='lat'>,</span> <span class='ocrx_word' id='word_1_381' title='bbox 532 1942 627 1977; x_wconf 82' lang='lat' dir='ltr'>datur</span> <span class='ocrx_word' id='word_1_382' title='bbox 637 1942 771 1990; x_wconf 81' lang='lat' dir='ltr'>aliquod</span> <span class='ocrx_word' id='word_1_383' title='bbox 786 1941 929 1977; x_wconf 86' lang='lat' dir='ltr'>medium</span> <span class='ocrx_word' id='word_1_384' title='bbox 940 1953 997 1990; x_wconf 87' lang='lat' dir='ltr'>per</span> <span class='ocrx_word' id='word_1_385' title='bbox 1007 1940 1216 1976; x_wconf 82' lang='lat' dir='ltr'>exclusionem</span> <span class='ocrx_word' id='word_1_386' title='bbox 1226 1938 1389 1987; x_wconf 84' lang='lat' dir='ltr'>utriusque</span> <span class='ocrx_word' id='word_1_387' title='bbox 1406 1939 1542 1972; x_wconf 82' lang='lat' dir='ltr'>extremi</span> <span class='ocrx_word' id='word_1_388' title='bbox 1559 1965 1570 1981; x_wconf 82' lang='grc'>,</span> <span class='ocrx_word' id='word_1_389' title='bbox 1591 1949 1626 1972; x_wconf 88' lang='lat' dir='ltr'>ut</span> <span class='ocrx_word' id='word_1_390' title='bbox 1638 1941 1782 1978; x_wconf 72' lang='lat' dir='ltr'>caecitasr</span> 
     </span>
     <span class='ocr_line' id='line_1_36' title="bbox 379 1987 1776 2042; baseline -0.006 -15"><span class='ocrx_word' id='word_1_391' title='bbox 379 2005 458 2042; x_wconf 86' lang='lat' dir='ltr'>ergo</span> <span class='ocrx_word' id='word_1_392' title='bbox 474 2004 531 2026; x_wconf 86' lang='lat' dir='ltr'>ens</span> <span class='ocrx_word' id='word_1_393' title='bbox 545 1997 579 2028; x_wconf 72' lang='grc' dir='ltr'>δι</span> <span class='ocrx_word' id='word_1_394' title='bbox 594 1994 725 2039; x_wconf 77' lang='lat' dir='ltr'>negatio</span> <span class='ocrx_word' id='word_1_395' title='bbox 741 1993 826 2026; x_wconf 89' lang='lat' dir='ltr'>entis</span> <span class='ocrx_word' id='word_1_396' title='bbox 839 2004 906 2026; x_wconf 91' lang='lat' dir='ltr'>non</span> <span class='ocrx_word' id='word_1_397' title='bbox 917 1991 1104 2025; x_wconf 81' lang='lat' dir='ltr'>immediate</span> <span class='ocrx_word' id='word_1_398' title='bbox 1119 2000 1351 2037; x_wconf 81' lang='lat' dir='ltr'>opponuntur,</span> <span class='ocrx_word' id='word_1_399' title='bbox 1377 1989 1507 2026; x_wconf 82' lang='lat' dir='ltr'>&amp;inter</span> <span class='ocrx_word' id='word_1_400' title='bbox 1517 1998 1688 2036; x_wconf 78' lang='lat' dir='ltr'>utrumque</span> <span class='ocrx_word' id='word_1_401' title='bbox 1714 1987 1776 2023; x_wconf 63' lang='lat' dir='ltr'>alr.</span> 
     </span>
     <span class='ocr_line' id='line_1_37' title="bbox 379 2041 820 2090; baseline -0.005 -13"><span class='ocrx_word' id='word_1_402' title='bbox 379 2042 470 2090; x_wconf 80' lang='lat' dir='ltr'>quod</span> <span class='ocrx_word' id='word_1_403' title='bbox 482 2041 622 2075; x_wconf 84' lang='lat' dir='ltr'>medium</span> <span class='ocrx_word' id='word_1_404' title='bbox 640 2043 820 2087; x_wconf 79' lang='lat' dir='ltr'>interjacet.</span> 
     </span>
    </p>

    <p class='ocr_par' dir='ltr' id='par_1_10' title="bbox 377 2085 1778 2466">
     <span class='ocr_line' id='line_1_38' title="bbox 418 2085 1775 2137; baseline -0.004 -13"><span class='ocrx_word' id='word_1_405' title='bbox 418 2091 507 2137; x_wconf 70' lang='lat' dir='ltr'>Rcfp,</span> <span class='ocrx_word' id='word_1_406' title='bbox 521 2092 608 2124; x_wconf 85' lang='lat' dir='ltr'>Inter</span> <span class='ocrx_word' id='word_1_407' title='bbox 622 2101 676 2123; x_wconf 85' lang='lat' dir='ltr'>ens</span> <span class='ocrx_word' id='word_1_408' title='bbox 688 2118 697 2132; x_wconf 87' lang='lat'>,</span> <span class='ocrx_word' id='word_1_409' title='bbox 729 2094 761 2124; x_wconf 87' lang='lat'>&amp;</span> <span class='ocrx_word' id='word_1_410' title='bbox 776 2101 842 2123; x_wconf 91' lang='lat' dir='ltr'>non</span> <span class='ocrx_word' id='word_1_411' title='bbox 863 2100 918 2123; x_wconf 88' lang='lat' dir='ltr'>ens</span> <span class='ocrx_word' id='word_1_412' title='bbox 930 2087 1076 2124; x_wconf 82' lang='lat' dir='ltr'>absolute</span> <span class='ocrx_word' id='word_1_413' title='bbox 1088 2087 1214 2124; x_wconf 87' lang='lat' dir='ltr'>nullum</span> <span class='ocrx_word' id='word_1_414' title='bbox 1228 2088 1370 2123; x_wconf 84' lang='lat' dir='ltr'>medium</span> <span class='ocrx_word' id='word_1_415' title='bbox 1389 2085 1589 2121; x_wconf 83' lang='lat' dir='ltr'>intercedere</span> <span class='ocrx_word' id='word_1_416' title='bbox 1602 2115 1611 2128; x_wconf 83' lang='lat'>,</span> <span class='ocrx_word' id='word_1_417' title='bbox 1631 2096 1667 2120; x_wconf 88' lang='lat' dir='ltr'>ut</span> <span class='ocrx_word' id='word_1_418' title='bbox 1690 2087 1775 2120; x_wconf 89' lang='lat' dir='ltr'>inter</span> 
     </span>
     <span class='ocr_line' id='line_1_39' title="bbox 381 2136 1774 2182; baseline -0.004 -7"><span class='ocrx_word' id='word_1_419' title='bbox 381 2141 551 2175; x_wconf 85' lang='lat' dir='ltr'>hominem</span> <span class='ocrx_word' id='word_1_420' title='bbox 564 2168 573 2181; x_wconf 82' lang='lat'>‚</span> <span class='ocrx_word' id='word_1_421' title='bbox 593 2144 624 2175; x_wconf 73' lang='grc' dir='ltr'>δε</span> <span class='ocrx_word' id='word_1_422' title='bbox 642 2151 709 2173; x_wconf 91' lang='lat' dir='ltr'>non</span> <span class='ocrx_word' id='word_1_423' title='bbox 725 2137 893 2172; x_wconf 78' lang='lat' dir='ltr'>ho&#39;minem</span> <span class='ocrx_word' id='word_1_424' title='bbox 910 2155 919 2182; x_wconf 78' lang='lat'>3</span> <span class='ocrx_word' id='word_1_425' title='bbox 933 2139 1017 2173; x_wconf 88' lang='lat' dir='ltr'>inter</span> <span class='ocrx_word' id='word_1_426' title='bbox 1032 2138 1144 2173; x_wconf 83' lang='lat' dir='ltr'>videre</span> <span class='ocrx_word' id='word_1_427' title='bbox 1155 2167 1164 2182; x_wconf 86' lang='lat'>,</span> <span class='ocrx_word' id='word_1_428' title='bbox 1191 2144 1223 2175; x_wconf 83' lang='lat'>&amp;</span> <span class='ocrx_word' id='word_1_429' title='bbox 1236 2151 1304 2174; x_wconf 88' lang='lat' dir='ltr'>non</span> <span class='ocrx_word' id='word_1_430' title='bbox 1315 2136 1425 2171; x_wconf 81' lang='lat' dir='ltr'>videre</span> <span class='ocrx_word' id='word_1_431' title='bbox 1442 2137 1606 2182; x_wconf 78' lang='lat' dir='ltr'>:quamvis</span> <span class='ocrx_word' id='word_1_432' title='bbox 1623 2136 1707 2169; x_wconf 90' lang='lat' dir='ltr'>inter</span> <span class='ocrx_word' id='word_1_433' title='bbox 1717 2146 1774 2169; x_wconf 87' lang='lat' dir='ltr'>ens</span> 
     </span>
     <span class='ocr_line' id='line_1_40' title="bbox 384 2185 1778 2235; baseline -0.004 -12"><span class='ocrx_word' id='word_1_434' title='bbox 384 2189 458 2232; x_wconf 83' lang='lat' dir='ltr'>tale,</span> <span class='ocrx_word' id='word_1_435' title='bbox 471 2194 503 2225; x_wconf 90' lang='lat'>&amp;</span> <span class='ocrx_word' id='word_1_436' title='bbox 522 2202 591 2223; x_wconf 85' lang='lat' dir='ltr'>non</span> <span class='ocrx_word' id='word_1_437' title='bbox 602 2200 657 2221; x_wconf 83' lang='lat' dir='ltr'>ens</span> <span class='ocrx_word' id='word_1_438' title='bbox 671 2200 744 2222; x_wconf 87' lang='lat' dir='ltr'>cum</span> <span class='ocrx_word' id='word_1_439' title='bbox 764 2186 908 2235; x_wconf 62' lang='lat' dir='ltr'>subjeeto</span> <span class='ocrx_word' id='word_1_440' title='bbox 923 2187 1034 2234; x_wconf 82' lang='lat' dir='ltr'>aliquo</span> <span class='ocrx_word' id='word_1_441' title='bbox 1048 2188 1264 2222; x_wconf 83' lang='lat' dir='ltr'>determinato</span> <span class='ocrx_word' id='word_1_442' title='bbox 1274 2215 1284 2230; x_wconf 91' lang='lat'>‚</span> <span class='ocrx_word' id='word_1_443' title='bbox 1299 2198 1335 2220; x_wconf 91' lang='lat' dir='ltr'>ut</span> <span class='ocrx_word' id='word_1_444' title='bbox 1349 2188 1434 2220; x_wconf 84' lang='lat' dir='ltr'>inter</span> <span class='ocrx_word' id='word_1_445' title='bbox 1452 2185 1568 2228; x_wconf 85' lang='lat' dir='ltr'>visum,</span> <span class='ocrx_word' id='word_1_446' title='bbox 1580 2189 1613 2221; x_wconf 86' lang='lat'>&amp;</span> <span class='ocrx_word' id='word_1_447' title='bbox 1624 2185 1778 2233; x_wconf 79' lang='lat' dir='ltr'>negatio-</span> 
     </span>
     <span class='ocr_line' id='line_1_41' title="bbox 384 2230 1774 2285; baseline -0.004 -14"><span class='ocrx_word' id='word_1_448' title='bbox 384 2250 458 2272; x_wconf 82' lang='lat' dir='ltr'>nem</span> <span class='ocrx_word' id='word_1_449' title='bbox 470 2237 558 2272; x_wconf 64' lang='lat' dir='ltr'>visus</span> <span class='ocrx_word' id='word_1_450' title='bbox 571 2239 603 2271; x_wconf 91' lang='lat' dir='ltr'>in</span> <span class='ocrx_word' id='word_1_451' title='bbox 616 2236 723 2285; x_wconf 80' lang='lat' dir='ltr'>lapide</span> <span class='ocrx_word' id='word_1_452' title='bbox 737 2265 745 2279; x_wconf 89' lang='lat'>,</span> <span class='ocrx_word' id='word_1_453' title='bbox 769 2236 904 2284; x_wconf 80' lang='lat' dir='ltr'>aliquod</span> <span class='ocrx_word' id='word_1_454' title='bbox 917 2238 1061 2272; x_wconf 84' lang='lat' dir='ltr'>medium</span> <span class='ocrx_word' id='word_1_455' title='bbox 1075 2240 1273 2284; x_wconf 81' lang='lat' dir='ltr'>interjaceat.</span> <span class='ocrx_word' id='word_1_456' title='bbox 1293 2233 1560 2282; x_wconf 85' lang='lat' dir='ltr'>Qotiescunque</span> <span class='ocrx_word' id='word_1_457' title='bbox 1579 2245 1688 2269; x_wconf 83' lang='lat' dir='ltr'>autem</span> <span class='ocrx_word' id='word_1_458' title='bbox 1702 2230 1774 2266; x_wconf 84' lang='lat' dir='ltr'>sub-</span> 
     </span>
     <span class='ocr_line' id='line_1_42' title="bbox 377 2281 1776 2333; baseline -0.004 -12"><span class='ocrx_word' id='word_1_459' title='bbox 377 2289 500 2332; x_wconf 69' lang='lat' dir='ltr'>jectum</span> <span class='ocrx_word' id='word_1_460' title='bbox 513 2285 648 2332; x_wconf 77' lang='lat' dir='ltr'>aliquod</span> <span class='ocrx_word' id='word_1_461' title='bbox 659 2286 908 2321; x_wconf 80' lang='lat' dir='ltr'>determinatum</span> <span class='ocrx_word' id='word_1_462' title='bbox 919 2285 1051 2321; x_wconf 85' lang='lat' dir='ltr'>affertur</span> <span class='ocrx_word' id='word_1_463' title='bbox 1061 2316 1070 2330; x_wconf 86' lang='lat'>,</span> <span class='ocrx_word' id='word_1_464' title='bbox 1083 2298 1117 2321; x_wconf 85' lang='lat' dir='ltr'>ut</span> <span class='ocrx_word' id='word_1_465' title='bbox 1130 2286 1208 2333; x_wconf 84' lang='lat' dir='ltr'>lapis</span> <span class='ocrx_word' id='word_1_466' title='bbox 1224 2314 1234 2329; x_wconf 88' lang='lat'>‚</span> <span class='ocrx_word' id='word_1_467' title='bbox 1254 2297 1323 2319; x_wconf 88' lang='lat' dir='ltr'>tum</span> <span class='ocrx_word' id='word_1_468' title='bbox 1338 2296 1376 2318; x_wconf 84' lang='lat' dir='ltr'>ea</span> <span class='ocrx_word' id='word_1_469' title='bbox 1387 2297 1454 2318; x_wconf 85' lang='lat' dir='ltr'>non</span> <span class='ocrx_word' id='word_1_470' title='bbox 1465 2284 1507 2318; x_wconf 89' lang='lat' dir='ltr'>est</span> <span class='ocrx_word' id='word_1_471' title='bbox 1523 2281 1682 2332; x_wconf 88' lang='lat' dir='ltr'>oppositio</span> <span class='ocrx_word' id='word_1_472' title='bbox 1691 2294 1776 2316; x_wconf 83' lang='lat' dir='ltr'>con-</span> 
     </span>
     <span class='ocr_line' id='line_1_43' title="bbox 386 2330 1773 2383; baseline -0.002 -16"><span class='ocrx_word' id='word_1_473' title='bbox 386 2336 570 2369; x_wconf 57' lang='lat' dir='ltr'>tradicmria</span> <span class='ocrx_word' id='word_1_474' title='bbox 583 2364 591 2378; x_wconf 89' lang='lat'>‚</span> <span class='ocrx_word' id='word_1_475' title='bbox 609 2333 660 2369; x_wconf 85' lang='lat' dir='ltr'>sed</span> <span class='ocrx_word' id='word_1_476' title='bbox 671 2337 779 2383; x_wconf 89' lang='lat' dir='ltr'>potius</span> <span class='ocrx_word' id='word_1_477' title='bbox 794 2335 833 2369; x_wconf 86' lang='lat' dir='ltr'>ad</span> <span class='ocrx_word' id='word_1_478' title='bbox 844 2337 1038 2383; x_wconf 69' lang='lat' dir='ltr'>privativam</span> <span class='ocrx_word' id='word_1_479' title='bbox 1049 2335 1228 2370; x_wconf 87' lang='lat' dir='ltr'>reducitur:</span> <span class='ocrx_word' id='word_1_480' title='bbox 1246 2346 1316 2381; x_wconf 83' lang='lat' dir='ltr'>quae</span> <span class='ocrx_word' id='word_1_481' title='bbox 1326 2333 1446 2381; x_wconf 84' lang='lat' dir='ltr'>duplex</span> <span class='ocrx_word' id='word_1_482' title='bbox 1461 2333 1521 2376; x_wconf 86' lang='lat' dir='ltr'>est,</span> <span class='ocrx_word' id='word_1_483' title='bbox 1543 2334 1694 2367; x_wconf 89' lang='lat' dir='ltr'>nimirum</span> <span class='ocrx_word' id='word_1_484' title='bbox 1705 2330 1773 2364; x_wconf 73' lang='lat' dir='ltr'>stri-</span> 
     </span>
     <span class='ocr_line' id='line_1_44' title="bbox 386 2378 1770 2466; baseline 0 -49"><span class='ocrx_word' id='word_1_485' title='bbox 386 2384 436 2417; x_wconf 67' lang='lat' dir='ltr'>&amp;e</span> <span class='ocrx_word' id='word_1_486' title='bbox 451 2384 544 2431; x_wconf 27' lang='lat' dir='ltr'>‚dieta</span> <span class='ocrx_word' id='word_1_487' title='bbox 564 2386 726 2434; x_wconf 81' lang='lat' dir='ltr'>privatio,</span> <span class='ocrx_word' id='word_1_488' title='bbox 752 2397 827 2421; x_wconf 89' lang='lat' dir='ltr'>cum</span> <span class='ocrx_word' id='word_1_489' title='bbox 849 2383 1025 2431; x_wconf 70' lang='lat' dir='ltr'>subjectum</span> <span class='ocrx_word' id='word_1_490' title='bbox 1046 2396 1146 2434; x_wconf 81' lang='lat' dir='ltr'>capax</span> <span class='ocrx_word' id='word_1_491' title='bbox 1170 2384 1211 2421; x_wconf 87' lang='lat' dir='ltr'>est</span> <span class='ocrx_word' id='word_1_492' title='bbox 1237 2383 1349 2421; x_wconf 86' lang='lat' dir='ltr'>formae</span> <span class='ocrx_word' id='word_1_493' title='bbox 1377 2382 1573 2431; x_wconf 83' lang='lat' dir='ltr'>excipiendae</span> <span class='ocrx_word' id='word_1_494' title='bbox 1591 2399 1601 2426; x_wconf 91' lang='lat'>;</span> <span class='ocrx_word' id='word_1_495' title='bbox 1627 2386 1660 2466; x_wconf 50' lang='lat' dir='ltr'>{a</span> <span class='ocrx_word' id='word_1_496' title='bbox 1679 2378 1770 2413; x_wconf 73' lang='lat' dir='ltr'>latius</span> 
     </span>
    </p>

    <p class='ocr_par' dir='ltr' id='par_1_11' title="bbox 1606 2438 1764 2477">
     <span class='ocr_line' id='line_1_45' title="bbox 1606 2438 1764 2477; baseline -0.025 -12"><span class='ocrx_word' id='word_1_497' title='bbox 1606 2442 1628 2465; x_wconf 88' lang='lat' dir='ltr'>u</span> <span class='ocrx_word' id='word_1_498' title='bbox 1642 2438 1764 2477; x_wconf 79' lang='lat' dir='ltr'>utpata,</span> 
     </span>
    </p>
   </div>
   <div class='ocr_carea' id='block_1_6' title="bbox 1837 0 1857 279">
    <p class='ocr_par' dir='ltr' id='par_1_12' title="bbox 1837 0 1857 279">
     <span class='ocr_line' id='line_1_46' title="bbox 1837 0 1857 115; baseline 0 0"><span class='ocrx_word' id='word_1_499' title='bbox 1837 0 1857 115; x_wconf 83' lang='grc'><strong>1</strong></span> 
     </span>
     <span class='ocr_line' id='line_1_47' title="bbox 1843 138 1857 279; baseline 0 0"><span class='ocrx_word' id='word_1_500' title='bbox 1843 138 1857 279; x_wconf 66' lang='lat' dir='ltr'>l</span> 
     </span>
    </p>
   </div>
  </div>
 </body>
</html>
