1857 2745
608 97 648 130 M
666 96 701 131 O
720 94 752 130 R
769 96 798 132 A
821 96 874 130 LI
898 97 933 131 S.
1379 111 1427 140 23q

30 160 80 186 -ut
90 147 218 185 malum.
242 147 304 182 His
326 146 459 194 quidem
476 143 634 193 explicitis
650 173 660 189 ,
680 157 750 192 quae
768 156 880 180 contra
896 146 1019 193 opponi
1046 142 1168 186 solent,
1196 142 1352 179 facillime
1369 145 1425 181 dis-

44 197 214 235 solventur.

563 243 748 278 Diluuntur
764 240 893 287 objefla.

75 343 159 392 Opp.
183 357 206 380 1.
223 345 302 378 Sunt
321 343 468 389 quaedam
480 352 610 391 peccata
622 353 696 389 quae
718 342 865 377 dicuntur
885 352 926 375 ex
949 352 1026 389 pura
1052 339 1174 376 malitia
1195 357 1203 378 :
1231 354 1309 391 ergo
1333 343 1365 376 in
1389 343 1426 377 iis

40 391 159 427 malum
187 393 253 440 qua
266 391 385 426 malurn
404 393 576 439 appetitur.

75 442 112 477 R.
125 443 175 479 N.
187 443 263 488 confi
275 442 325 474 Sic
339 442 426 475 enim
443 441 505 475 dici
526 439 629 475 solent
648 450 780 489 peccata
797 452 869 487 quae
887 450 995 486 neque
1017 450 1057 474 ex
1078 438 1266 475 infirmitate
1281 467 1291 483 ‚
1316 451 1424 486 neque

37 501 76 523 ex
88 491 265 539 ignorantia
277 488 370 524 fiunt.
389 491 470 525 Non
483 488 571 536 quod
584 489 707 524 malurn
716 488 781 536 qua
794 488 914 524 malurn
930 487 1082 523 voluntas
1106 487 1313 535 prosequatur
1327 502 1335 523 :
1370 488 1424 523 sed

36 540 111 586 quia
123 539 222 574 nullus
242 541 275 573 in
287 540 327 572 iis
338 538 380 572 est
391 537 589 579 excusationi
600 538 688 573 locus
700 567 709 582 ‚
734 543 767 575 δε
778 549 817 571 ex
830 549 947 585 magna
959 538 1102 571 oriuntur
1119 536 1336 584 perverfitate.

76 589 162 636 Opp.
172 603 196 624 2.
208 586 378 635 Desperati
391 581 624 636 appeiuntnon
638 586 700 622 effe
711 616 720 630 ,
741 591 775 623 δε
791 590 899 622 Deum
915 585 1052 620 oderunt
1063 585 1210 619 damnati
1228 599 1235 620 :
1263 598 1341 635 ergo
1356 597 1425 622 ma.

36 635 181 684 lumqua
189 636 310 671 maium
324 635 555 684 prosequuntur
577 651 585 672 :
610 634 765 682 siquidem
781 647 848 670 non
867 632 928 669 effe
946 661 955 678 ‚
977 647 1046 670 non
1061 633 1169 682 potest
1190 633 1310 670 habere
1326 638 1425 670 ratio-

36 696 113 720 nem
126 685 224 728 boni,
253 697 313 719 nec
336 688 422 720 Deus
437 685 539 720 habet
554 687 712 719 rationem
728 683 813 718 mali.

69 733 107 769 R.
125 735 176 769 N.
196 735 272 778 confi
291 735 378 769 Nam
393 735 450 780 qui
466 744 625 781 appetunt
644 746 709 766 non
733 730 814 772 effe,
840 730 939 766 finem
966 730 1186 767 calamitatum
1204 731 1361 780 ‘quaetunt
1389 745 1425 768 ut

34 781 199 828 quoddam
225 780 364 825 bonurn,
385 787 418 818 &
433 783 579 816 damnati
596 780 652 816 fibi
671 785 778 816 Deum
802 791 838 814 ut
854 780 1017 814 crudelem
1038 780 1207 815 exhibent.

69 829 152 878 Opp.
178 843 207 873 3.
227 830 386 865 Voluntas
405 831 451 864 est
472 829 574 865 libera
592 832 674 865 circa
690 829 815 865 bonum
828 834 861 866 &
872 829 1012 865 malum:
1034 841 1112 878 ergo
1125 830 1231 877 potest
1242 842 1350 866 amate
1360 843 1424 865 rna-

35 877 102 912 lum
113 885 178 921 ‚,&
196 877 293 913 odisse
310 879 442 914 bonum.
1295 922 1300 928 .

70 926 108 962 R.
124 927 207 972 Dist.
222 938 324 961 antec.
338 927 497 961 Voluntas
507 926 554 960 est
565 925 666 961 libera
683 926 834 962 libertate
848 927 1112 962 contradiecionis
1123 956 1133 970 ‚
1152 939 1188 961 ut
1201 926 1325 962 bonum
1336 937 1426 962 amet

35 973 85 1008 vei
102 988 168 1010 non
179 986 267 1010 amet
280 1004 289 1018 ‚
307 976 347 1012 C.
359 975 508 1010 libertate
523 978 755 1010 contrarietatis
771 1005 781 1019 ,
803 988 838 1011 ut
853 975 980 1013 bonum
998 988 1108 1010 amore
1123 975 1351 1024 prosequatur,
1369 987 1422 1011 aut

34 1022 140 1057 oderit
157 1039 164 1058 ;
184 1023 305 1058 malum
327 1024 443 1057 itidem
461 1035 547 1057 amet
560 1024 612 1057 vel
638 1024 743 1057 oderit
763 1053 772 1066 ,
808 1027 853 1059 N.

68 1071 202 1115 instant.
214 1074 247 1106 Si
260 1071 408 1107 voluntas
426 1084 493 1106 non
511 1072 616 1119 potest
630 1070 727 1106 odisse
737 1070 863 1106 bonum
874 1100 885 1115 ,
901 1078 935 1109 &
948 1083 1056 1106 amare
1070 1071 1192 1106 malum
1209 1073 1275 1120 qua
1290 1073 1423 1113 malum,

34 1132 199 1166 nunquam
210 1119 347 1154 liberum
358 1121 419 1154 erit
434 1118 700 1168 idernobjecffhim
712 1132 841 1164 amare,
871 1126 905 1157 δε
933 1120 1010 1155 odio
1035 1119 1166 1154 habere.
1191 1124 1280 1157 Nan]
1300 1122 1423 1169 semper

33 1167 197 1216 objee‘mm
207 1168 432 1204 illiexhibetur
441 1180 475 1203 ut
488 1167 612 1204 bonum
626 1198 635 1212 ,
654 1180 709 1203 aut
720 1169 840 1204 malum
857 1182 863 1203 :
887 1168 907 1203 fi
917 1180 951 1203 ut
965 1168 1089 1203 bonurn
1107 1169 1296 1206 exhibeatur
1310 1200 1321 1215 ,
1342 1171 1422 1206 illud

33 1217 112 1262 odio
123 1217 249 1253 habere
260 1230 326 1253 non
340 1220 460 1266 poterit
476 1218 658 1265 3<neque1⁴d
673 1230 782 1252 amare
797 1247 807 1262 ‚
823 1217 844 1252 si
856 1218 935 1253 mali
951 1216 1260 1256 habeat-rationem.

69 1267 107 1303 R.
118 1268 165 1302 N.
175 1279 267 1301 antec
286 1267 392 1303 Potest
403 1268 487 1301 enim
502 1267 588 1302 idem
599 1265 768 1315 objec'hun
782 1279 869 1302 certa
878 1269 1002 1302 ratione
1013 1265 1189 1315 speetatum
1204 1267 1285 1304 boni
1296 1267 1420 1304 habere

33 1316 211 1351 rationem:
225 1329 298 1351 cum
308 1328 350 1350 ex
363 1315 424 1350 alia
435 1314 524 1350 velut
534 1327 626 1364 parte
644 1314 877 1351 considera-tum
891 1315 1010 1351 habeat
1018 1318 1179 1352 rationem
1191 1317 1279 1354 mali.
1306 1320 1358 1352 Sic
1367 1319 1421 1352 in-

35 1364 161 1409 terdum
179 1365 265 1412 quod
277 1365 447 1414 jucundum
464 1364 524 1406 est,
549 1377 620 1399 curn
632 1363 764 1399 honesto
774 1376 915 1413 pugnat,
931 1365 1061 1412 &quod
1071 1365 1150 1400 utile
1174 1366 1304 1402 videtur
1316 1395 1326 1409 ‚
1347 1379 1419 1402 cum

33 1423 75 1445 eo
93 1413 412 1459 quodesthonestum
430 1416 644 1460 componitur.
658 1413 721 1447 Sed
737 1411 844 1460 fiquid
855 1413 974 1448 habeat
988 1412 1116 1448 tantum
1134 1417 1294 1451 rationem
1314 1415 1418 1459 boni,

34 1459 111 1493 illud
128 1459 225 1495 odisse
245 1474 313 1496 non
332 1459 490 1509 poisumus
509 1477 518 1503 3
542 1463 587 1495 uti
604 1473 664 1495 nec
686 1473 814 1504 amare,
839 1460 861 1495 si
876 1462 908 1495 id
921 1461 1001 1496 nihil
1020 1473 1135 1508 praeter
1150 1462 1227 1496 mali
1251 1467 1416 1499 rationem

32 1507 153 1543 habere
163 1510 318 1542 videatur.

75 1556 208 1598 Instant.
217 1558 316 1607 Qd
328 1556 465 1591 liberum
476 1557 517 1591 est
527 1556 676 1591 libertate
686 1558 1066 1605 contradi&ionis,potest
1076 1557 1174 1594 odiffe
1185 1564 1219 1596 &
1230 1573 1295 1595 non
1305 1560 1417 1605 minse,

30 1616 140 1640 amare
150 1611 183 1642 δε
197 1619 260 1640 non
270 1618 387 1641 aniate.
402 1606 464 1640 Sed
479 1605 626 1640 voluntas
642 1606 685 1640 est
699 1605 801 1640 libera
815 1609 897 1640 circa
916 1606 1037 1641 malum
1057 1607 1209 1642 libertate
1234 1610 1417 1644 contradic-

34 1655 131 1687 tionis
150 1669 157 1690 ς
180 1667 256 1703 ergo
275 1654 349 1688 illud
365 1667 473 1688 amite
486 1654 592 1701 potest
611 1660 719 1690 &non
742 1666 861 1697 amare,
880 1656 957 1688 odio
972 1654 1092 1689 habere
1108 1686 1117 1698 ‚
1144 1662 1177 1693 &
1195 1670 1261 1692 non
1280 1657 1411 1694 habere,

68 1702 106 1739 R,
123 1702 202 1746 Dist.
213 1707 289 1746 maj.
312 1704 414 1749 Qiod
425 1701 566 1737 liberum
576 1703 618 1737 est
629 1701 780 1738 libertate
795 1704 1059 1738 contradictionis
1082 1705 1248 1752 adaequata
1261 1735 1272 1749 ,
1306 1707 1338 1740 id
1357 1720 1417 1755 po-

34 1751 91 1785 test
102 1757 252 1788 amaret&
262 1764 328 1786 non
339 1763 464 1794 amare,
485 1749 581 1785 odisse
593 1757 700 1788 &non
712 1750 821 1793 odissb,
838 1754 878 1788 C.
896 1751 1045 1788 libertate
1055 1754 1256 1799 inadaequata
1266 1783 1276 1797 ,
1293 1757 1338 1790 N.
1356 1769 1415 1790 vo-

32 1799 134 1833 luntas
149 1812 257 1834 autem
269 1803 351 1833 circa
364 1800 482 1834 malum
498 1801 543 1833 ita
564 1800 610 1834 est
620 1799 721 1834 libera
735 1829 744 1843 ‚
756 1812 791 1834 ut
799 1801 831 1834 id
846 1802 923 1835 odio
935 1799 1083 1849 prosequi
1098 1801 1202 1850 poffit,
1214 1807 1247 1838 ὃς
1259 1816 1327 1837 non
1338 1805 1415 1839 odio

31 1847 170 1890 habere3
185 1847 312 1883 sednon
328 1848 370 1882 est
384 1850 427 1883 ita
437 1847 537 1882 libera
553 1876 561 1889 ‚
580 1860 614 1882 ut
634 1861 740 1882 amare
763 1849 793 1882 id
808 1861 907 1896 queat
936 1855 968 1886 ἃ
994 1863 1060 1884 non
1078 1862 1197 1888 aniate.

63 1898 149 1946 ,Opp·
170 1911 198 1933 2.
217 1900 327 1932 Minus
339 1895 461 1932 bonum
473 1910 545 1932 cum
556 1896 692 1931 meliore
706 1909 926 1945 comparatum
945 1897 1043 1933 habet
1059 1901 1220 1934 rationem
1232 1899 1309 1935 mali
1327 1914 1334 1935 :
1361 1898 1414 1934 sed

32 1943 190 1992 possumus
201 1949 303 1981 minus
317 1945 441 1981 bonum
461 1947 559 1982 etiam
572 1948 738 1997 cognitum
753 1945 878 1982 meliori
894 1958 1090 1998 anteponere
1110 1962 1118 1984 τ
1143 1960 1218 1997 ergo
1235 1948 1357 1983 malurn
1378 1960 1414 1984 ut

32 1993 150 2029 malum
172 1994 328 2042 possumus
348 1994 476 2040 eligere.

66 2043 104 2078 R.
130 2043 216 2086 Dtst.
230 2047 305 2079 min.
328 2042 488 2080 Poisumus
505 2047 607 2081 minus
624 2043 857 2082 bonurn-etiam
876 2047 1045 2094 cognitum
1057 2045 1185 2081 meliori
1204 2058 1414 2096 anteponere,

32 2101 69 2126 ut
82 2089 162 2127 boni
174 2091 275 2127 habet
285 2092 444 2128 rationem
457 2122 467 2136 ‚
486 2094 524 2127 C.
539 2106 575 2128 ut
589 2096 692 2128 minus
704 2094 747 2127 est
759 2093 861 2128 altero
875 2123 884 2137 ‚
902 2097 949 2131 Ν,
964 2108 1038 2129 nam
1058 2093 1183 2143 semper
1194 2096 1303 2143 aliqua
1315 2100 1413 2132 ratio..

33 2140 77 2173 ne‘
92 2140 233 2176 ducimur
243 2153 277 2176 ut
284 2142 423 2176 deterius
434 2142 561 2177 meliori
571 2142 783 2190 praeferamus.
801 2144 909 2190 Atque
926 2154 961 2177 ut
975 2143 1059 2177 forte
1072 2145 1159 2190 quod
1171 2144 1329 2189 eligimus,
1339 2145 1413 2180 nul..

35 2184 98 2220 lam
109 2187 228 2224 habeat
239 2189 336 2237 reipsa
346 2189 427 2225 boni
440 2193 608 2232 rationem,
623 2192 777 2237 opinione
790 2203 900 2226 tamen
913 2193 1013 2226 nostra
1025 2191 1163 2238 speciem
1174 2192 1275 2227 habet
1285 2192 1411 2228 bonita-

37 2235 213 2270 tis-Deinde
224 2250 259 2272 ut
270 2238 418 2273 voluntas
431 2239 525 2287 posfit
536 2242 639 2274 minus
658 2238 781 2273 bonum
797 2242 911 2286 majori
924 2251 1201 2287 anteponere,n0n
1214 2242 1330 2276 idcirco
1341 2255 1409 2277 ma-

37 2280 102 2314 lum
119 2293 153 2316 ut
166 2286 284 2320 malum
298 2299 404 2322 amate
431 2289 532 2336 potest
555 2302 562 2323 ε
585 2290 660 2335 quia
674 2289 758 2322 intra
776 2287 942 2335 objectum
965 2287 1214 2336 specificativutn
1233 2289 1412 2330 voluntatis

36 2342 101 2367 non
116 2334 309 2373 continetur.
1207 2363 1209 2366 Α

1153 2389 1212 2436 Gg
1234 2388 1266 2432 iij
