1857 2745
379 144 441 175 270
843 123 1261 161 PHILOSOPHIA

380 178 539 214 currenda
558 184 709 210 cerneret
723 199 734 215 ‚
768 173 823 208 vix
843 172 873 206 se
895 174 927 207 in
954 174 1069 207 vitium
1089 175 1286 221 praecipitem
1311 171 1414 209 daret.

419 227 483 262 Sed
497 254 507 268 ‚
524 226 649 270 inquies
665 251 674 265 ‚
701 221 722 257 si
740 233 791 256 res
812 223 856 255 ita
875 218 905 255 se
923 219 1061 264 habeat,
1081 234 1178 256 nemo
1191 220 1341 269 peccabit
1352 221 1406 256 nisi
1418 233 1461 257 ex
1473 221 1676 270 ignorantia3
1698 226 1732 258 ὅ(
1745 223 1787 259 ad

381 278 539 311 virtutem
551 274 611 307 erit
624 270 710 307 bene
730 268 944 319 compofimS,
963 275 1048 319 cujus
1069 281 1158 307 mens
1183 270 1267 306 bene
1287 271 1405 306 edocta
1429 270 1552 313 fuerit·,
1581 268 1787 308 discutiendae

381 323 585 359 solummodo
604 333 698 357 erunt
714 322 902 370 ignorantiae
918 319 1064 355 tenebrae
1079 349 1088 364 ,
1105 332 1218 356 omnes
1233 320 1337 355 statim
1350 323 1484 355 virtutes
1500 319 1638 354 aderunt
1654 337 1664 365 3
1678 323 1786 358 omnis

380 373 512 408 demum
527 370 715 407 flexibilitas
727 370 1011 406 autindiffcrentia
1021 371 1126 405 eritin
1136 368 1306 406 intellectu
1318 398 1329 414 ,
1344 383 1409 407 non
1419 372 1453 406 in
1467 368 1639 405 voluntate
1655 384 1665 404 ς
1684 380 1787 419 atque
1806 372 1808 375 “
1830 378 1832 380 ’

380 421 440 457 illo
455 431 618 471 praeeunte
633 450 642 465 ‚
665 421 734 456 haec
755 417 928 455 neceffan'o
946 418 1164 467 subsequetur.

418 472 507 518 Resp.
525 469 608 505 Illud
624 467 685 505 esse
703 471 850 505 omnium
862 481 919 504 ote
935 468 1118 518 usurpatum
1130 498 1140 513 ‚
1158 468 1246 518 quod
1265 470 1369 506 omnis
1387 479 1538 517 peccator
1559 466 1596 502 fit
1611 468 1764 517 ignorans
1771 478 1786 513 ,⁴

379 531 477 568 atque
488 532 523 555 ut
540 522 587 555 ait
598 521 760 569 Scriptura
773 544 783 562 ,
800 530 908 553 errant
922 531 1023 553 omnes
1038 520 1096 565 qui
1114 529 1288 568 operantur
1302 519 1423 554 malum
1440 533 1448 553 ;
1468 519 1543 553 actu
1560 515 1702 560 scilicet,
1716 528 1784 555 non
1812 553 1820 562 Ἴ
1842 524 1844 528 ’

378 568 510 606 habitu.
524 571 599 607 Nec
612 581 724 604 tamen
739 567 810 603 satis
826 567 922 603 fuerit
936 567 1140 604 inrelledlmrn
1157 569 1333 604 instruere:
1352 580 1428 603 nam
1440 566 1537 604 usu&
1549 566 1785 602 exercitatione

378 620 518 654 virtutes
527 631 596 654 non
609 616 719 654 minus
729 617 829 666 quam
844 619 1009 667 praeceptis
1020 621 1340 666 compar-antuan
1348 629 1387 651 ex
1398 615 1536 662 objectis
1548 613 1788 664 impreffiones,

376 673 464 705 &ex
482 669 631 716 appetitu
647 666 808 703 sentiente
826 669 974 702 oriuntur
997 666 1261 716 perturbationes
1280 664 1400 703 fortius
1417 667 1561 701 animum
1578 664 1784 714 percellunt,-

376 715 516 752 confusae
531 717 667 764 quidem
680 719 768 752 exiis
787 717 891 752 duelxe
903 745 913 760 ,
931 716 985 752 sed
1000 729 1084 765 pene
1097 728 1250 765 cogentes
1268 719 1412 753 rationes
1430 725 1578 750 mentem
1590 714 1653 748 alio
1663 713 1785 749 deflec-
1816 733 1837 759 ζ.

375 775 456 803 tunt.
469 767 561 801 Nam
573 767 698 802 animus
712 765 916 814 objectorum
940 764 1141 814 impreffione
1152 793 1161 808 ,
1171 776 1228 800 aut
1240 763 1566 812 sensuum'voluptate
1578 762 1730 799 delinitus
1741 762 1786 799 ad

375 825 414 849 ea
437 828 504 851 non
524 815 688 859 attendit,
711 827 783 862 quae
794 817 929 850 rationis
942 814 1051 850 lumen
1068 814 1216 850 ostendit-

409 865 534 900 Eadem
542 864 673 899 demum
687 865 731 898 est
742 863 928 899 flexibilitas
939 870 974 901 ὅ(
985 862 1206 899 indifferentia
1221 864 1257 898 in
1270 861 1452 905 voluntate,
1470 874 1539 910 quae
1552 860 1783 906 imtelleau,

374 925 484 961 neque
502 926 565 948 una
578 912 620 947 ab
631 912 733 947 altera
750 912 915 947 divellitur
932 926 940 948 z
957 926 1032 948 cum
1046 912 1133 947 idem
1142 910 1178 946 fit
1190 913 1314 946 animus
1324 913 1381 958 qui
1393 911 1464 946 vult
1477 917 1510 947 δε
1524 909 1627 946 intelli
1653 912 1782 946 it‘drno

372 960 446 997 satis
466 963 513 996 est
532 961 703 998 verisimile
712 961 835 997 nullam
846 961 907 997 effe
922 962 1145 1009 cognitionem
1154 990 1164 1004 ‚
1176 971 1245 1008 quae
1259 972 1325 994 non
1337 958 1373 994 fit
1387 959 1580 1004 formaliter,
1593 971 1629 994 nt
1650 972 1782 1008 oquun-

374 1022 436 1054 tur,
449 1023 506 1046 aut
522 1011 705 1046 virtualiter
717 1010 829 1046 saltem
842 1009 974 1046 affectio
987 1027 995 1053 3
1007 1008 1094 1044 nulla
1103 1010 1218 1045 itidem
1226 1008 1359 1044 affectio
1370 1008 1561 1052 voluntatis,
1573 1008 1675 1046 nullus
1688 1020 1782 1046 arnor
1812 1023 1814 1025 ¹
1828 1030 1830 1036 =

373 1063 507 1105 quinon
519 1059 554 1095 fit
569 1060 713 1107 quaedam
729 1058 992 1107 experimentalis
1004 1060 1151 1105 cognitio
1166 1075 1174 1101 3
1189 1070 1227 1091 ac
1241 1069 1356 1092 neutra
1370 1059 1458 1092 aetio
1481 1058 1545 1093 fine
1558 1058 1658 1092 altera
1671 1057 1781 1106 potest
1817 1096 1819 1103 Σ

371 1107 537 1142 confistere
557 1124 567 1150 ·,
596 1107 701 1142 nullus
713 1107 797 1140 adeo
814 1108 861 1140 est
882 1104 1059 1142 necessitati
1085 1105 1172 1141 locus
1198 1120 1206 1142 ι
1227 1117 1326 1153 atque
1342 1105 1560 1141 indifferentia
1579 1106 1630 1141 seu
1645 1106 1755 1155 judicii
1768 1135 1781 1151 ,

371 1154 424 1190 seu
438 1155 613 1190 voluntatis
627 1184 636 1199 ,
654 1156 799 1202 quandiu
813 1156 952 1190 vivimus
967 1184 977 1199 ‚
997 1153 1145 1190 tollinon
1162 1155 1280 1203 potest.
1297 1155 1415 1190 Frustra
1429 1167 1539 1191 autem
1549 1158 1705 1191 enitimur
1715 1183 1725 1194 ,
1742 1167 1780 1191 ut
1824 1177 1826 1182 =

372 1204 526 1239 voluntas
537 1203 603 1239 suas
616 1214 723 1239 mutet
734 1205 951 1252 appetitiones
964 1233 974 1248 ‚
993 1201 1049 1238 nifi
1065 1205 1098 1238 in
1111 1204 1174 1239 boc
1193 1202 1377 1240 laboremus
1389 1233 1398 1247 ‚
1418 1215 1454 1239 ut
1471 1217 1562 1239 mens
1578 1204 1629 1240 sua
1643 1217 1780 1253 quoque

372 1265 479 1289 mutet
491 1254 611 1300 judicia
623 1283 633 1297 ‚
658 1265 699 1288 ne
712 1252 818 1287 fucata
835 1252 939 1301 specie
949 1252 1031 1287 boni
1045 1252 1223 1301 decipiatur
1241 1282 1249 1296 ‚
1267 1266 1310 1288 ne
1325 1252 1426 1288 visum
1440 1266 1519 1288 vero
1533 1253 1626 1289 bono
1641 1265 1778 1301 antepo-

370 1314 427 1336 nat
440 1304 490 1339 :id
503 1305 591 1337 enim
602 1302 727 1350 semper
743 1301 893 1337 voluntas
906 1301 1046 1350 sequitur
1057 1330 1067 1345 ,
1083 1307 1168 1350 cujus
1178 1301 1299 1350 species
1310 1303 1452 1337 animum
1464 1302 1603 1338 validius
1618 1303 1777 1352 percellit.

372 1353 453 1385 Haec
466 1351 560 1399 paulo
572 1350 668 1386 fufius
681 1350 888 1399 exposuimus
900 1380 909 1395 ,
922 1352 1011 1399 quod
1023 1353 1189 1398 permagni
1200 1352 1239 1385 ad
1250 1363 1286 1385 ea
1296 1364 1369 1397 quae
1379 1352 1495 1386 dicturi
1509 1350 1609 1386 sumus
1620 1353 1661 1386 de
1675 1350 1776 1387 liber-

369 1410 435 1434 tate
453 1431 462 1444 ,
489 1398 547 1434 fint
560 1412 729 1436 momenti.
769 1401 845 1447 Qa
855 1412 964 1435 autem
974 1402 1098 1435 ratione
1112 1391 1261 1434 voluntas
1273 1398 1429 1449 subJedbis
1442 1399 1501 1435 sibi
1515 1400 1685 1436 facultates
1700 1414 1776 1437 mo-

371 1461 447 1485 veat
464 1479 474 1493 ‚
490 1460 545 1484 aut
562 1449 604 1484 ab
628 1452 664 1484 iis
680 1460 872 1492 moveatur,
893 1450 1013 1485 idoneo
1028 1448 1102 1483 loco
1113 1450 1249 1484 dicetur.

846 1545 942 1593 QU
968 1546 1008 1578 ΑΞ
1032 1546 1053 1579 S
1078 1548 1109 1581 T
1134 1549 1147 1580 1
1171 1548 1205 1582 O
1265 1548 1337 1582 111.

940 1645 997 1677 De
1020 1643 1054 1676 V
1055 1644 1221 1679 oluntario.

365 1740 487 1824 ILlud
505 1740 728 1776 voluntarium
741 1739 804 1774 dici
819 1740 899 1776 solet
911 1771 920 1785 ,
935 1741 1024 1788 quod
1040 1740 1059 1774 ὲ
1074 1740 1244 1776 voluntate
1261 1740 1472 1790 proficiscitur
1487 1758 1494 1780 :
1511 1748 1644 1794 proprie
1657 1755 1768 1783 autem

406 1795 438 1825 ὃς
453 1791 606 1825 strictiore
618 1788 796 1839 significatu
809 1802 979 1839 acceptum
998 1789 1151 1826 definitur
1170 1789 1211 1824 ab
1227 1791 1402 1826 Aristotele
1423 1791 1482 1830 lib.
1505 1808 1528 1839 3.
1547 1795 1649 1830 Ethic.
1676 1795 1771 1843 Qod

368 1839 409 1883 est
423 1837 443 1871 Σι
458 1840 616 1887 principio
639 1839 804 1883 intrinftco
824 1842 1017 1888 cognostente
1028 1840 1159 1888 fingula
1183 1842 1216 1874 in
1232 1838 1347 1886 quibus
1363 1840 1403 1885 est
1419 1842 1520 1877 aflim
1542 1843 1604 1878 hoc
1622 1843 1669 1877 est
1687 1855 1768 1892 cog..

364 1887 519 1922 noscente
539 1887 673 1936 singulas
689 1889 826 1922 aetionis
839 1889 1076 1924 circunstantias
1097 1905 1106 1932 3
1132 1886 1232 1923 finem
1249 1888 1404 1922 videlicet
1419 1917 1428 1931 ,
1454 1902 1588 1938 quaeque
1606 1891 1646 1925 ad
1666 1889 1767 1929 finem

364 1936 497 1973 ducunt.
519 1938 619 1973 Unde
637 1936 774 1972 bruta&
789 1937 930 1972 infantes
948 1937 1062 1985 sponte
1079 1937 1213 1984 quidem
1226 1948 1347 1985 agunt,
1375 1949 1442 1972 non
1460 1938 1642 1975 voluntarie
1662 1953 1670 1975 :
1687 1952 1765 1979 nam

362 1987 399 2019 iis
418 1986 508 2020 deest
520 1986 666 2034 perfecta
684 1986 755 2020 finis
774 1988 928 2032 cognitiO.

397 2038 510 2082 Itaque
528 2034 703 2070 voluntarii
718 2037 852 2069 nomine
863 2036 893 2069 id
907 2033 1251 2083 proprieintelligimus
1266 2064 1275 2077 ‚
1287 2034 1375 2082 quod
1390 2034 1426 2071 fit
1439 2035 1458 2071 21
1477 2040 1638 2087 principio
1647 2041 1764 2077 intrin-

363 2082 436 2118 seco
452 2097 526 2118 cum
545 2086 733 2131 cognitione
753 2082 835 2120 finis.
851 2083 887 2117 Id
904 2086 990 2119 enim
1004 2097 1045 2119 ex
1075 2083 1284 2119 inclinatione
1299 2084 1402 2120 nostra
1419 2090 1454 2120 &
1472 2086 1682 2135 propensione
1702 2087 1762 2134 fit,

364 2138 450 2181 cujus
469 2135 660 2180 principium
675 2135 706 2166 in
727 2131 822 2167 nobis
840 2133 945 2169 est.ln
968 2145 1086 2181 agente
1104 2146 1262 2182 corporeo
1283 2135 1475 2181 principium
1493 2136 1630 2183 quidem
1645 2139 1762 2174 dicitur

365 2182 508 2216 natur-,ile
524 2182 634 2217 motus
652 2211 662 2225 ,
679 2194 776 2227 quem
790 2187 880 2231 juxta
892 2183 1078 2218 consuetum
1101 2194 1220 2217 naturae
1240 2184 1387 2218 ordinem
1413 2181 1494 2217 ‹ffici
1501 2196 1521 2220 t.
1553 2187 1606 2220 Sic
1624 2187 1760 2224 dicimus

365 2242 490 2264 mstum
510 2231 624 2279 lapidis
638 2230 784 2266 deorsum
803 2230 862 2266 (lle
880 2232 1058 2267 naturalem
1072 2263 1079 2271 ,
1104 2243 1137 2266 ut
1162 2243 1286 2267 motum
1307 2230 1421 2267 sursum
1437 2232 1496 2268 effe
1519 2235 1700 2271 violentum
1722 2242 1760 2274 δε

364 2291 476 2325 praeter
493 2280 576 2314 illius
594 2280 840 2320 inclinationem
863 2295 871 2317 :
893 2284 1039 2328 quamvis
1061 2281 1145 2317 forte
1170 2293 1303 2328 uterque
1323 2293 1431 2316 motus
1448 2283 1634 2319 extrinsecus
1657 2285 1759 2334 lapidi

363 2328 525 2364 adveniat.
544 2329 704 2364 ssel'uaein
719 2329 747 2363 se
764 2329 803 2363 sui
826 2331 936 2365 motus
955 2331 1077 2365 liabent
1097 2333 1310 2379 principium,
1335 2336 1366 2367 &
1391 2329 1501 2379 seipsas
1525 2347 1663 2369 movent
1676 2348 1759 2382 quo-

359 2375 558 2425 dammodo,
570 2381 718 2427 quamvis
737 2386 778 2416 ‘ex
787 2380 934 2428 perfecta
950 2379 1020 2419 finis
1036 2382 1223 2430 cognitione
1237 2393 1303 2418 non
1321 2392 1427 2430 agant.
1447 2383 1535 2419 Hinc
1556 2382 1668 2433 sponte
1679 2385 1758 2433 qui-

1815 686 1819 695 2
1829 656 1841 699 ,ἑ

1818 711 1819 714 ¹
1831 710 1835 721 ι

1814 795 1830 820 ⁶2

1819 819 1841 886 ‘fl

1820 930 1836 957 1!
