1857 2745
376 144 434 179 ¹50
828 122 1235 161 T'RACTA‘TUS'

371 178 536 215 relationis
558 176 806 211 fundamentum
821 176 864 210 est
884 176 971 210 aetio
990 203 1000 217 ,
1023 173 1082 208 ubi
1098 171 1188 208 causa
1203 169 1343 207 refertur
1351 171 1391 207 ad
1406 172 1630 218 effecturum&
1645 173 1775 224 paffiog,

374 227 504 277 qnando
518 224 653 260 effeetus
668 238 742 259 cum
764 222 854 259 causa
870 235 1084 272 comparatur.

409 276 562 321 Plerique
577 276 710 309 tertium
727 274 851 310 addunt
863 274 1027 308 relationis
1063 283 1138 308 enus
1150 301 1160 316 ‚
1178 276 1264 320 cujus
1285 270 1535 308 fundamentum
1546 273 1593 308 est
1608 272 1766 318 mensura,

373 337 427 360 aut
439 336 488 358 res
501 323 734 359 mensurabilis.
758 325 811 358 Sic
830 323 960 358 scientia
980 322 1017 356 ad
1042 334 1120 357 uum
1135 320 1299 370 objestum
1312 350 1321 364 ‚
1338 333 1375 356 ut
1386 320 1485 357 sensus
1500 323 1540 356 ad
1554 321 1699 358 sensibile
1713 336 1768 358 re-

373 374 488 410 fertur.
504 376 628 408 Verum
641 374 730 422 hujus
740 375 867 421 generis
883 371 1057 406 relationes
1070 383 1136 406 non
1153 370 1224 405 sunt
1237 374 1428 419 categoricae
1440 400 1450 414 ,
1467 373 1679 417 &fi’cundum
1690 374 1765 419 ff»

374 422 428 458 sed
454 433 580 457 tantum
593 423 767 468 secundum
785 423 858 459 dici.
886 423 967 457 Non
985 422 1072 456 enim
1095 432 1209 468 purum
1223 419 1347 454 habent
1363 423 1564 464 terminum;
1586 434 1695 469 neque
1708 433 1767 456 ne-

374 470 456 507 cesse
467 471 514 506 est
529 484 564 506 ut
582 473 738 507 terminus
759 470 842 506 illius
861 470 1050 516 relationis,
1067 482 1136 518 quae
1148 469 1322 518 secundum
1339 469 1405 505 dici
1428 472 1610 515 vocitatur,
1631 472 1782 507 omnino·

374 521 503 557 existat.
533 524 537 525 ⁷

400 573 447 607 Ex
467 572 505 604 iis
518 568 662 618 sequitur
676 568 826 605 nonsatis
838 581 913 617 apte
928 569 1169 605 relationem-in
1181 580 1328 605 mutuam
1348 573 1381 606 δε
1399 581 1466 604 non
1487 579 1632 604 mutuam
1650 567 1782 605 secati:

376 633 451 656 cum
461 621 566 655 omnis
576 619 691 654 relatio
704 620 886 667 categorica
903 618 939 655 sit
949 631 1060 654 mutua
1070 623 1105 656 ὃ(
1117 621 1294 668 reciproca.
1310 620 1400 654 Nam
1422 616 1555 653 subinde
1573 618 1770 653 ostendimus
1783 644 1784 647 η

377 680 525 706 mutuam
544 667 604 704 esse
619 669 810 704 relationem
826 670 911 703 inter
929 680 1111 704 creatorem
1124 673 1158 706 ὅ(
1174 679 1334 702 creaturas
1345 682 1352 703 :
1362 666 1457 714 quod
1469 665 1566 702 facile
1578 665 1773 714 impetrabi-

376 731 449 755 mus
464 717 505 753 ab
521 720 560 754 iis
570 720 626 766 qui
637 717 829 752 relationem
846 716 867 752 ὲ
884 717 1101 753 fundamento
1115 730 1183 752 non
1198 717 1410 765 distinguunn
1430 717 1489 750 Sic
1504 717 1594 752 enim
1609 715 1694 751 nihil
1709 729 1773 751 no-

375 771 412 805 vi
423 771 498 804 Deo
509 766 717 817 supervenit,
736 779 808 801 cum
819 766 861 800 ad
871 778 1030 802 creaturas
1049 766 1188 800 refertur
1199 768 1353 799 creatoris
1363 767 1511 800 nomine.

415 817 538 853 Melius
550 819 659 865 itaque
670 846 679 860 ‚
696 816 772 850 licet
781 814 919 850 barbare
930 845 939 859 ‚
953 815 1148 850 relationem
1160 815 1312 849 dividunt
1324 817 1357 849 in
1368 813 1560 849 relationem
1572 815 1774 862 aeqniparam

378 867 426 901 tiae
445 866 484 901 ὠ
501 866 757 915 dis'qniparantiae
776 881 786 907 ·,
802 864 857 898 illa
868 865 930 899 dici
948 865 1052 914 potest
1067 863 1199 911 aequalis
1214 864 1467 911 comparationis
1479 892 1488 907 ‚
1511 869 1545 900 &
1563 863 1701 911 ejusdem
1710 876 1773 898 no-

377 917 474 950 minis
487 929 495 951 :
507 927 543 949 ut
556 914 655 949 fimile
671 912 784 955 simili,
802 912 903 947 frater
922 912 1014 948 fratri
1029 931 1038 956 3
1059 912 1160 947 altera
1171 913 1332 959 inaequalis
1340 914 1593 959 comparationis
1608 924 1703 948 :cum
1712 911 1773 947 sci,

377 964 457 999 licet
475 966 604 1011 utrique
623 974 770 997 extremo
780 960 902 996 diversa
918 964 1130 1010 imponuntur
1139 963 1272 995 nomina
1286 989 1295 1004 ,
1314 972 1351 994 ut
1362 961 1525 996 Dominus
1538 965 1572 997 &
1584 960 1698 996 servus.
1713 974 1787 1009 pas

380 1025 430 1047 ter
445 1019 477 1049 &
492 1012 584 1046 filius.
602 1012 700 1046 Aede
713 1012 864 1059 generica
880 1011 1046 1046 relationis
1060 1007 1218 1044 divifione
1229 1008 1302 1043 satis
1319 1007 1406 1043 fuse:
1421 1022 1507 1044 nunc
1516 1010 1600 1044 unde
1610 1009 1773 1045 distinetio

380 1061 465 1096 illius
482 1060 629 1108 specifica
651 1058 831 1094 desumatur
842 1087 852 1101 ,
875 1059 1078 1094 intuendum.
1104 1059 1191 1092 Cum
1206 1069 1316 1091 autern
1337 1059 1371 1091 in
1397 1058 1555 1092 relatione
1571 1062 1628 1092 tria
1641 1056 1699 1092 sint
1712 1071 1775 1106 po-

380 1108 530 1145 tislimum
550 1138 558 1151 ,
582 1107 760 1156 subjeetum
772 1133 782 1148 ,
803 1106 1051 1142 fundamentum
1069 1111 1104 1142 &
1121 1107 1298 1142 terminus:
1314 1105 1422 1153 palam
1434 1107 1478 1140 est
1495 1119 1532 1141 ex
1556 1106 1705 1156 subjeeto
1722 1119 1774 1142 re-

382 1158 514 1193 lationis.
531 1157 672 1205 speciem
682 1169 747 1192 non
763 1155 910 1203 depromi
923 1169 930 1189 :
945 1155 1210 1203 quandoquidem
1220 1157 1252 1189 in
1264 1155 1382 1189 eodem
1395 1154 1541 1204 subjeeto
1552 1156 1685 1194 infinitae
1695 1169 1774 1206 pro-

383 1220 424 1257 pe
443 1207 614 1243 relationes
630 1205 734 1255 specie
750 1203 880 1241 diversae
896 1207 1023 1254 concipi
1040 1203 1176 1254 poffunt.
1192 1205 1241 1239 Sit
1254 1205 1366 1252 itaque
1718 1203 1720 1205 ’

906 1294 1019 1327 Prima
1041 1290 1203 1337 conclufio'.
1216 1320 1218 1323 .

415 1357 498 1392 Non
516 1356 646 1392 aliunde
668 1357 834 1393 relationis
857 1356 1003 1406 specifica
1017 1356 1183 1392 distinotio
1201 1356 1325 1399 oritur,
1349 1354 1448 1403 quam
1461 1355 1487 1396 ,ὲ
1500 1355 1717 1392 fundamento
1734 1353 1776 1391 fi'.

382 1404 449 1439 mul
467 1411 500 1442 Se
514 1409 672 1449 termino,
696 1406 876 1441 formaliter
894 1405 1027 1454 sumptis
1040 1435 1049 1449 ,
1069 1405 1131 1440 hoc
1142 1405 1208 1448 est,
1232 1416 1391 1451 quatenus
1403 1404 1652 1441 fundamentum
1663 1410 1696 1441 δέ
1708 1416 1776 1440 ter-

381 1457 487 1488 minus
502 1454 560 1489 sibi
574 1467 764 1503 coaptantur
778 1485 788 1499 ,
812 1461 847 1491 δε
865 1466 954 1489 certa
967 1456 1095 1488 ratione
1112 1453 1419 1489 commensurantur.

414 1502 578 1537 Probatur
603 1504 775 1548 Conclnfio.
800 1506 927 1539 Omnes
945 1502 1167 1537 similitudines
1188 1502 1258 1536 sunt
1285 1501 1428 1548 ejusdem
1451 1501 1594 1550 speciei,
1616 1502 1694 1538 licet
1715 1502 1775 1540 fint

380 1550 556 1598 qualitates
568 1551 704 1600 dispares
718 1566 726 1587 ι
739 1564 776 1586 ut
784 1553 874 1587 idem
884 1552 931 1586 est
943 1563 1092 1586 numerus
1110 1552 1265 1586 ternarius
1275 1579 1284 1594 ,
1303 1550 1367 1585 siue
1383 1550 1419 1586 fit
1432 1551 1603 1587 hominum
1615 1581 1625 1596 ‚
1655 1551 1717 1587 five
1728 1553 1777 1588 la.

380 1600 506 1648 pidum.
526 1603 614 1636 Nam
628 1603 818 1635 utmateria
843 1613 1050 1637 numerorum
1065 1600 1189 1635 diversa
1201 1613 1268 1634 non
1289 1600 1553 1649 mutat‘speciem
1568 1604 1712 1646 numeri,
1736 1601 1777 1637 fic

381 1649 506 1683 diversa
525 1649 955 1686 fundamentamaterialiter
970 1649 1094 1698 sumpta
1108 1678 1117 1692 ,
1139 1648 1257 1696 species
1274 1649 1441 1684 relationis
1453 1650 1619 1686 distinCtas
1636 1664 1704 1686 non
1722 1651 1774 1686 ef-

382 1697 510 1733 ficiunt.
532 1701 638 1746 Atque
655 1700 770 1734 eadem
785 1702 827 1735 est
846 1699 949 1748 specie
963 1699 1081 1733 relatio
1102 1700 1185 1732 inter
1208 1697 1288 1731 duos
1302 1698 1451 1733 homines
1470 1699 1606 1744 doctos,
1631 1705 1665 1737 &
1686 1702 1775 1734 inter

383 1747 459 1780 duas
477 1748 589 1782 statuas
606 1747 741 1798 ejusdem
760 1748 883 1795 figurat:
897 1761 975 1797 ergo
990 1747 1239 1783 fundamentum
1252 1749 1450 1784 &terminus
1462 1746 1607 1797 sumpta,
1626 1750 1774 1794 maium,

380 1794 566 1831 formaliter
578 1826 588 1839 ,
614 1797 763 1832 relationi
777 1798 924 1847 speciem·
935 1798 1120 1846 largiuntur.

415 1845 565 1891 Confrm.
577 1850 714 1882 Variato
730 1848 962 1891 fundamento,
984 1858 1041 1882 aut
1052 1847 1194 1881 termino
1212 1845 1336 1880 diversa
1348 1845 1517 1894 est-specie
1535 1846 1662 1881 relatio,
1685 1848 1778 1883 Nam

382 1895 483 1929 homo
497 1907 553 1941 per
574 1897 946 1945 eandemnigredinem‚
958 1910 990 1930 v.
1006 1907 1056 1942 gr.
1078 1894 1285 1940 est'AEthiopi
1299 1892 1407 1928 fiinflis
1425 1899 1458 1929 &
1480 1894 1580 1928 Gallo
1597 1893 1775 1939 diffimilis3

384 1945 519 1991 Cygnus
536 1946 568 1978 in
580 1945 695 1978 eadem
706 1944 861 1977 albedine
876 1956 948 1977 cum
961 1945 1037 1977 nive
1046 1943 1202 1976 convenit
1212 1971 1220 1984 ‚
1235 1946 1268 1978 δέ
1282 1940 1415 1976 &corvo
1424 1941 1581 1990 discrepat
1593 1957 1601 1978 :
1615 1955 1693 1992 ergo
1706 1957 1775 1981 non

384 1991 405 2028 ὲ
423 1989 735 2036 solofund.1mento·‚
759 1992 817 2026 sed·
831 1991 959 2026 etiamit
975 1992 1118 2026 termino
1132 2020 1142 2034 ‚
1160 2002 1215 2025 aut
1235 1992 1342 2039 potius
1351 1990 1397 2025 vab
1416 1991 1577 2038 utriusque
1593 1995 1775 2041 coaptatio-

384 2055 426 2077 ne
436 2072 445 2085 ,
469 2041 685 2090 ωηεῑιιειτῃεὶ)
700 2042 816 2076 eodem
829 2042 990 2089 principio
1001 2039 1268 2088 relatiospeciem
1283 2038 1368 2074 suam
1382 2040 1553 2089 depromit.

414 2090 566 2136 Confirm.
581 2095 696 2126 iterum
709 2092 777 2125 Res
793 2103 929 2138 quaeque
947 2090 1023 2125 inde
1043 2088 1130 2124 suam
1148 2088 1329 2137 specificam
1344 2092 1507 2124 unitatem
1528 2095 1646 2135 repetit
1658 2121 1668 2135 ‚
1687 2092 1773 2127 unde

386 2139 485 2175 h‘abet
502 2138 582 2175 effe:
603 2154 680 2175 cum
689 2136 751 2175 ensv
764 2145 798 2176 δε
816 2153 916 2175 unum
937 2150 1179 2174 convertantur.
1205 2139 1268 2173 Sed
1290 2137 1406 2172 relatio
1421 2137 1521 2173 habet
1540 2138 1599 2173 else
1620 2140 1775 2175 afunda-

386 2201 500 2223 mento
515 2189 532 2232 ,⁴
557 2201 592 2224 ut
605 2188 685 2225 asua
701 2187 789 2224 causst
803 2218 811 2229 ‚
832 2195 865 2225 &
878 2187 897 2223 ὲι
914 2190 1075 2231 termino,
1094 2200 1194 2234 quem
1208 2198 1366 2222 connotat
1381 2217 1391 2231 ,
1409 2194 1441 2224 &
1455 2188 1492 2221 ad
1509 2201 1607 2234 quem
1623 2187 1775 2224 essentia-

385 2237 458 2270 liter
479 2239 645 2274 ordinatur
660 2253 667 2274 :
685 2241 768 2287 Ergo
781 2237 821 2272 ab
833 2250 972 2286 utroque
985 2243 1018 2274 &
1031 2239 1192 2272 unitatem
1209 2236 1313 2280 suam,
1344 2241 1377 2272 &
1398 2237 1634 2272 distinctionem
1649 2237 1774 2287 specifi-

386 2297 457 2319 cam
486 2300 659 2324 mutuatur.

423 2336 507 2382 Opp.
518 2338 593 2371 Una
606 2338 762 2373 &eadem
775 2338 877 2386 specie
889 2337 1003 2373 relatio
1017 2335 1123 2377 potest
1139 2333 1258 2370 habere
1279 2336 1358 2369 duos
1377 2338 1530 2370 terminos
1546 2337 1649 2379 specie
1667 2337 1774 2371 diver-

384 2381 461 2465 sosb:
483 2395 516 2441 ut
530 2385 644 2420 eadem
658 2387 701 2420 est
711 2388 808 2437 prolis
822 2388 862 2423 ad
882 2398 1009 2436 patrem
1025 2392 1204 2425 &matrem
1221 2383 1358 2421 relatio:
1373 2398 1451 2435 crgo
1462 2386 1526 2422 haec
1547 2385 1688 2436 speciem
1706 2398 1775 2428 non

384 2444 423 2466 Πιὶ
453 2444 483 2467 Εἴ
501 2447 518 2468 ss
531 2445 702 2474 tetuinus„
