1857 2745
332 148 396 196 592
869 130 900 171 ἰ
928 137 965 173 0
996 135 1028 172 G
1050 137 1066 173 1
1091 133 1122 173 C
1143 137 1192 172 Ε
1274 108 1277 109 ⁷
1799 155 1810 176 ι

706 216 1054 258 aRricULus
1115 213 1377 258 PRiMUS..

911 302 968 339 De
991 304 1209 354 pracogm‘tisi.

352 383 608 476 TRi'plicem
625 381 730 420 solent
745 385 780 422 in
793 383 978 421 universum
991 386 1283 435 praecognitionem
1297 383 1503 434 distinguere.
1512 381 1676 420 Primaad
1688 381 1770 420 senss

441 435 488 472 sus
507 436 651 484 pertinet
665 462 675 477 ‚
693 445 796 483 eaque
810 433 911 484 vulgo
921 447 1101 484 praeparans
1114 437 1311 471 nominatur.
1323 435 1468 469 Secunda
1479 434 1526 469 est
1537 434 1684 482 cognitio
1695 444 1762 468 ter-

355 490 521 524 minorum
536 496 577 519 ex
599 483 715 531 quibus
731 485 860 532 quaestio
881 484 947 533 ipsa
962 487 1192 534 componitur,
1209 495 1281 532 quae
1300 485 1442 532 dirigens
1459 486 1762 530 vocitatur5eaque

352 537 505 586 cognitio
516 533 557 568 ad
569 531 747 582 [implicem
759 536 1008 583 perceptionem
1025 536 1168 584 pertinet
1181 562 1191 577 ‚
1210 545 1249 568 ex
1268 546 1331 581 qua
1343 533 1512 582 judicium,
1527 536 1596 568 imo
1611 537 1645 569 &
1660 534 1764 567 ratio-

350 588 476 622 cinatio
495 585 602 619 omnis
620 582 754 631 pendet.
783 586 861 620 Haec
882 585 1092 634 praecognitio
1118 582 1254 621 influens
1274 584 1413 628 dicitur,
1435 582 1527 631 quod
1544 592 1584 618 ex
1597 579 1774 630 praemiffis·

355 646 487 672 eruatur
513 631 688 668 conclusio.
1005 632 1008 634 ’

391 686 472 720 Tria
481 694 593 718 autem
604 681 673 718 sunt
693 694 761 730 quae
773 681 988 732 praecognosci
998 681 1128 719 debent
1139 694 1318 732 antequam
1335 678 1494 718 conclusio
1511 679 1576 729 ipsa
1597 680 1779 719 inferaturt.

356 732 539 781 subjeetum
549 761 560 776 ,
586 731 794 781 praedicatum
806 730 860 767 seu
876 731 1071 767 attributum
1083 761 1092 776 ‚
1105 737 1139 769 δε
1150 734 1348 769 antecedens
1367 730 1422 766 scu
1431 728 1609 779 praemilsae.
1622 733 1677 766 De
1689 729 1768 766 sub-

355 785 444 833 jecto
466 788 500 820 ὃς
524 782 697 831 praedicato
713 780 799 818 nolse
829 781 986 816 debemus
1015 781 1096 829 quid
1118 780 1282 829 utriusque
1304 791 1426 816 nornen
1459 778 1616 827 significet
1639 795 1650 822 ς
1674 778 1766 826 quod

355 831 539 882 subjedtum
551 831 678 875 existat,
687 842 742 865 aut
757 829 871 865 saltem
884 828 1121 880 possitexistere
1133 844 1142 866 ι
1155 843 1221 866 non
1234 831 1325 866 enim
1339 831 1386 864 rei
1399 826 1604 877 impossibilis
1616 829 1767 877 proprie..

356 892 442 918 tates
457 883 662 929 inquirimus.
681 879 784 926 Qod
806 891 919 917 autem
945 878 1142 914 attributum
1156 907 1166 922 ,
1190 879 1244 914 seu
1261 880 1442 927 proprietas
1468 876 1584 911 existat
1597 905 1608 920 ,
1624 890 1692 912 non
1705 889 1775 913 ne*

357 930 440 967 cesse
457 930 502 965 est
536 927 772 978 raecognoscere
795 943 803 964 :
828 927 880 963 sed
899 927 978 963 illud
999 928 1217 963 demonstrare
1236 927 1332 963 nobis
1351 923 1522 961 incumbit.
1560 928 1614 960 De
1635 937 1782 962 antece...

359 981 460 1015 dente
480 1010 489 1024 ‚
511 943 562 1015 seu
577 976 737 1027 praemisiis
752 977 831 1013 illud
849 976 1110 1028 cognoscendum
1124 1005 1135 1022 ‚
1157 977 1250 1024 quod
1266 987 1401 1025 utraque
1421 972 1458 1009 sit
1478 986 1555 1010 vera
1574 987 1679 1011 :nam
1696 977 1768 1012 exi.

358 1030 474 1065 stentia
494 1027 724 1076 propositionis
751 1028 795 1063 est
813 1027 905 1062 illius-
921 1029 1049 1063 veritas.-

395 1079 478 1112 Haec
491 1079 605 1124 utique
622 1075 698 1110 sunt*
710 1078 903 1124 praecognita
917 1076 957 1110 ad
976 1075 1289 1111 demonstrationem
1303 1073 1451 1122 requisita
1461 1102 1472 1117 ,
1491 1072 1512 1108 fi
1525 1072 1609 1108 illius
1620 1073 1767 1108 materiae

361 1127 518 1161 duntaxat
531 1127 695 1159 rationem
707 1123 898 1158 habeamus.
911 1126 1000 1160 Nam
1019 1137 1092 1171 quae
1104 1125 1145 1159 ad
1158 1123 1397 1159 illius-formam
1412 1134 1577 1171 pertinent
1589 1150 1599 1161 ,
1621 1119 1780 1170 superius,

363 1174 435 1210 sunt
447 1174 607 1223 explicata
625 1187 633 1209 :
661 1173 725 1208 hoc
741 1170 822 1209 vero
840 1172 914 1207 loco
937 1185 1010 1220 quae
1031 1173 1072 1206 ad
1097 1175 1267 1208 materiam
1292 1172 1572 1208 demonstrationis
1599 1170 1781 1220 spefitant,

363 1237 502 1272 quaeque
520 1222 712 1258 immediate
726 1222 766 1256 ad
778 1220 930 1257 assensum
943 1220 1155 1257 conclusionis
1172 1225 1381 1270 requiruntur
1394 1250 1404 1265 ‚
1425 1221 1559 1257 striffim
1576 1233 1651 1256 cum
1668 1219 1768 1269 vulgo

364 1272 636 1321 Philosophorum
655 1272 859 1306 decurrimus.
877 1271 1079 1318 Qanquam
1096 1271 1174 1307 illud
1190 1271 1287 1307 fateri
1301 1273 1448 1320 cogimur
1462 1283 1532 1306 rem
1557 1270 1690 1320 dignam
1706 1267 1769 1307 eise

365 1335 439 1370 quae
455 1322 552 1371 paulo
563 1319 743 1356 accuratius
754 1322 990 1369 pertraitetur:
1012 1333 1085 1355 cum
1099 1323 1147 1357 vis
1166 1324 1272 1356 omnis
1294 1319 1608 1355 demonstrationum
1622 1324 1655 1358 &
1665 1319 1768 1356 scien-

366 1375 419 1407 tiae
435 1371 586 1420 ciijiisque
601 1373 633 1406 in
643 1371 849 1420 praecognitis
861 1367 962 1419 pofita
979 1367 1022 1406 fit.
1043 1372 1111 1405 Res
1122 1374 1234 1419 itaque
1253 1369 1349 1418 paulo
1363 1367 1406 1403 ab
1416 1370 1532 1404 altiore
1548 1370 1711 1419 principio
1720 1369 1774 1406 est*

369 1421 558 1470 repetenda.
1673 1416 1676 1418 ’

402 1471 489 1505 Cum
506 1470 611 1505 omnis
621 1468 852 1503 demonstratio
863 1467 904 1503 eo
919 1469 1048 1513 tendat,
1060 1480 1096 1503 ut
1111 1480 1151 1503 ex
1163 1467 1261 1503 dubia
1274 1469 1448 1515 quaestione
1460 1467 1516 1503 fiat
1533 1477 1621 1502 certa
1636 1467 1770 1504 conclu.·

367 1519 428 1563 fio,
456 1530 531 1554 ante
544 1519 656 1553 omnia
668 1517 797 1564 quaestio
808 1516 871 1565 ipsa
883 1519 1024 1567 expendi
1038 1515 1140 1552 debet
1158 1530 1165 1552 ε
1196 1529 1272 1552 nam
1289 1516 1310 1551 si
1331 1517 1416 1553 forte
1435 1528 1523 1552 tanta
1536 1514 1573 1550 fit
1587 1515 1770 1564 quaestiouis

366 1566 535 1618 proposita:
551 1567 714 1601 evidentia
725 1595 734 1610 ,
757 1577 793 1601 ut
806 1569 861 1600 vix
873 1566 937 1601 ulla
950 1571 1053 1615 major
1064 1563 1125 1601 esse
1137 1564 1249 1614 poffit,
1267 1578 1304 1600 ac
1316 1577 1413 1601 nexus
1430 1566 1591 1614 praedicati
1603 1577 1678 1600 cum
1692 1563 1769 1601 sub..

365 1620 453 1668 jecto
465 1617 570 1652 luceat
586 1628 642 1664 per
659 1613 722 1650 sese
734 1644 744 1659 ,
769 1615 884 1650 frustra
895 1618 1115 1664 conquirimus
1126 1627 1332 1664 argumenta,
1357 1615 1477 1663 quibus
1490 1627 1539 1650 res
1557 1614 1630 1650 satis
1646 1613 1772 1664 perspi-

364 1679 424 1702 cua
434 1666 618 1701 obscuretur
628 1668 735 1713 potius
750 1693 760 1709 ,
780 1664 885 1713 quam
903 1665 1091 1701 illustretur.
1107 1665 1208 1711 Qod
1220 1663 1241 1698 si
1255 1691 1266 1706 ,
1280 1676 1317 1699 iit
1332 1665 1523 1712 plerumque
1540 1664 1670 1708 accidit,
1683 1677 1706 1712 q
1727 1677 1771 1699 ε.

363 1717 422 1752 stio
442 1714 505 1764 ipsa
523 1715 566 1749 est
585 1713 739 1761 ejusmodi
755 1743 765 1758 ‚
786 1726 822 1748 ut
838 1713 970 1762 probari
986 1713 1082 1763 poffit
1097 1718 1131 1749 &
1151 1712 1294 1757 debeat,
1314 1711 1461 1761 primum
1486 1714 1603 1748 intueri
1636 1677 1783 1797 opoissgt‘

364 1766 450 1813 quod
464 1764 499 1800 sit
511 1764 691 1812 quaestionis
706 1762 987 1812 siibjestum‚quod
996 1762 1299 1800 attribuentur-linc
1310 1765 1397 1798 enim
1407 1774 1498 1798 vanae
1509 1763 1732 1798 concertation
1754 1774 1770 1798 s

364 1816 512 1850 oriuntur
525 1843 534 1858 ‚
560 1813 648 1861 quod
663 1825 713 1848 res
740 1810 806 1862 ipsa
823 1812 865 1847 de
886 1825 951 1861 qua
971 1816 1097 1863 agitur,
1123 1824 1192 1847 non
1211 1811 1282 1847 satis
1297 1810 1334 1847 fit
1358 1812 1524 1861 perspecta
1538 1841 1549 1856 ‚
1574 1823 1684 1859 neque
1700 1824 1784 1848 un0=

365 1864 466 1899 modo
479 1865 668 1911 accipiatur.
691 1864 781 1898 Hinc
794 1874 893 1899 voces
904 1861 974 1900 sunt
984 1864 1058 1900 ante
1068 1860 1282 1904 definiendae,
1301 1862 1400 1908 idque
1411 1864 1552 1897 maxime
1565 1870 1638 1908 cum
1651 1860 1769 1896 eadem

363 1926 429 1949 vox
446 1912 536 1962 plura
551 1911 789 1961 significat3aut
798 1923 872 1945 cum
882 1912 923 1945 de
940 1912 1035 1946 rebus
1053 1911 1073 1946 ἐι
1090 1909 1177 1945 sensu
1186 1911 1321 1944 remotis
1331 1908 1566 1958 agitur..Unde
1577 1907 1769 1944 Mathema-

365 1964 443 2004 tici,
461 1960 579 2010 quibus
602 1964 706 2007 major
718 1959 765 1994 est
780 1959 1090 1994 demonstrationum
1105 1969 1178 1992 cura
1189 1986 1199 2000 ,
1220 1959 1342 2004 quique
1365 1958 1451 1992 circa
1465 1969 1515 1992 res
1532 1956 1784 1994 intellechiale&

365 2022 586 2061 occupantur,
609 2021 712 2044 voces
721 2019 834 2043 omnes
848 2036 858 2050 ,
879 2019 935 2043 aur
951 2010 1107 2043 terminos
1129 2005 1245 2054 quibus
1262 2017 1402 2051 utuntur,
1413 2007 1489 2043 ante
1501 2005 1672 2051 definiunt,
1689 2020 1768 2043 ocu-
1782 2034 1784 2036 -

365 2062 403 2096 iis
424 2073 508 2109 pene
526 2058 693 2109 subjiciunt
709 2086 718 2101 ,
736 2070 773 2091 ac
786 2056 908 2092 nullam
923 2058 956 2092 in
977 2059 1014 2091 iis
1033 2055 1285 2105 ambiguitatem
1304 2055 1504 2104 relinquunt.
1528 2056 1660 2092 Deinde
1675 2069 1770 2105 quae-

366 2111 611 2145 damaxiomata
623 2107 725 2142 lucida
741 2118 798 2155 per
815 2104 845 2140 se
860 2133 868 2145 ,
887 2108 1113 2155 autprincipia
1126 2117 1165 2140 ex
1175 2103 1428 2153 quibusfluunt,
1455 2105 1781 2155 quaedeinceps-sunt·

367 2159 619 2195 demonstraturi
643 2186 654 2201 ,
680 2158 894 2205 praemittunt.
924 2156 1095 2192 Postremo
1113 2153 1330 2192 conclusiones
1347 2155 1404 2192 vel
1431 2168 1470 2190 ex
1496 2153 1769 2199 definitionibus,⁴

369 2211 485 2255 quaein
505 2209 751 2243 contentionem
770 2207 883 2241 venire
900 2219 967 2242 non
977 2204 1104 2255 possunt
1119 2235 1128 2249 ,
1144 2217 1218 2240 cum
1242 2204 1302 2241 lint
1314 2204 1463 2253 quaedam
1481 2205 1784 2240 ἀίιῃῑευιωενοςιπιιΔ

372 2257 598 2302 explicationes
611 2274 619 2300 ς
634 2254 737 2291 vel'ex
760 2258 795 2289 iis
808 2257 972 2304 principiis
985 2255 1108 2291 lumine
1117 2254 1254 2291 naturali
1266 2256 1351 2290 notis
1366 2283 1376 2298 ‚
1401 2253 1456 2288 vel
1471 2266 1511 2288 ex
1525 2253 1594 2288 aliis
1609 2258 1675 2304 jam
1688 2264 1782 2302 proq-

373 2303 453 2339 bans
468 2307 686 2341 dsvitOiistizint
701 2303 958 2340 conclusionibus
973 2335 983 2349 ,
1009 2318 1078 2353 quae
1094 2306 1163 2341 vim
1179 2305 1411 2352 principiorum
1427 2309 1494 2350 jam
1507 2299 1670 2338 obtinent.

405 2357 516 2400 Itaque
537 2355 604 2389 lia-c
628 2354 694 2390 sunt
711 2357 742 2389 in
762 2356 854 2389 omni
869 2354 1145 2391 demonstratione
1164 2355 1372 2402 praecognita,
1394 2365 1513 2388 vocum
1531 2352 1778 2395 definitiones„

370 2415 440 2451 qux
451 2415 489 2439 ex
501 2406 587 2440 notis
608 2406 749 2443 terminis
765 2432 778 2453 ,
804 2410 937 2453 aut‘jam
960 2403 1129 2455 explicatis
1144 2402 1292 2441 constare
1313 2400 1458 2449 debent,
1472 2414 1509 2440 ut
1521 2402 1608 2439 ideas
1625 2401 1767 2456 quashis

1617 2461 1766 2486 terminis
