<?xml version="1.0" encoding="UTF-8"?>
<!DOCTYPE html PUBLIC "-//W3C//DTD XHTML 1.0 Transitional//EN"
    "http://www.w3.org/TR/xhtml1/DTD/xhtml1-transitional.dtd">
<html xmlns="http://www.w3.org/1999/xhtml" xml:lang="en" lang="en">
 <head>
  <title>
</title>
<meta http-equiv="Content-Type" content="text/html;charset=utf-8" />
  <meta name='ocr-system' content='tesseract 3.04.00' />
  <meta name='ocr-capabilities' content='ocr_page ocr_carea ocr_par ocr_line ocrx_word'/>
</head>
<body>
  <div class='ocr_page' id='page_1' title='image "./philosophiavetus01duhauoft_0306.png"; bbox 0 0 1857 2745; ppageno 0'>
   <div class='ocr_carea' id='block_1_1' title="bbox 328 107 1743 404">
    <p class='ocr_par' dir='ltr' id='par_1_1' title="bbox 336 107 1211 163">
     <span class='ocr_line' id='line_1_1' title="bbox 336 107 1211 163; baseline -0.005 -17"><span class='ocrx_word' id='word_1_1' title='bbox 336 119 394 163; x_wconf 81' lang='lat'>284</span> <span class='ocrx_word' id='word_1_2' title='bbox 788 107 1211 144; x_wconf 76' lang='lat' dir='ltr'><strong>PHILOSOPHIA·</strong></span> 
     </span>
    </p>

    <p class='ocr_par' dir='ltr' id='par_1_2' title="bbox 328 154 1743 404">
     <span class='ocr_line' id='line_1_2' title="bbox 364 154 1739 205; baseline -0.006 -5"><span class='ocrx_word' id='word_1_3' title='bbox 364 164 428 200; x_wconf 84' lang='lat' dir='ltr'>Sed</span> <span class='ocrx_word' id='word_1_4' title='bbox 439 174 528 198; x_wconf 84' lang='lat' dir='ltr'>mens</span> <span class='ocrx_word' id='word_1_5' title='bbox 544 162 684 196; x_wconf 81' lang='lat' dir='ltr'>hnmana</span> <span class='ocrx_word' id='word_1_6' title='bbox 698 169 773 193; x_wconf 86' lang='lat' dir='ltr'>cum</span> <span class='ocrx_word' id='word_1_7' title='bbox 783 155 819 192; x_wconf 69' lang='lat' dir='ltr'>stt</span> <span class='ocrx_word' id='word_1_8' title='bbox 835 155 983 205; x_wconf 86' lang='lat' dir='ltr'>spiritalis</span> <span class='ocrx_word' id='word_1_9' title='bbox 996 186 1006 201; x_wconf 92' lang='lat'>,</span> <span class='ocrx_word' id='word_1_10' title='bbox 1022 170 1082 193; x_wconf 89' lang='lat' dir='ltr'>nec</span> <span class='ocrx_word' id='word_1_11' title='bbox 1098 159 1241 193; x_wconf 88' lang='lat' dir='ltr'>materiae</span> <span class='ocrx_word' id='word_1_12' title='bbox 1266 156 1417 205; x_wconf 84' lang='lat' dir='ltr'>angustiis</span> <span class='ocrx_word' id='word_1_13' title='bbox 1437 154 1620 192; x_wconf 64' lang='lat' dir='ltr'>coerceatur</span> <span class='ocrx_word' id='word_1_14' title='bbox 1630 185 1640 200; x_wconf 90' lang='lat'>,</span> <span class='ocrx_word' id='word_1_15' title='bbox 1653 155 1739 192; x_wconf 87' lang='lat' dir='ltr'>illius</span> 
     </span>
     <span class='ocr_line' id='line_1_3' title="bbox 328 205 1742 255; baseline -0.008 -5"><span class='ocrx_word' id='word_1_16' title='bbox 328 216 414 250; x_wconf 80' lang='lat' dir='ltr'>vires</span> <span class='ocrx_word' id='word_1_17' title='bbox 429 212 509 247; x_wconf 91' lang='lat' dir='ltr'>nulli</span> <span class='ocrx_word' id='word_1_18' title='bbox 523 210 595 245; x_wconf 85' lang='lat' dir='ltr'>sunt</span> <span class='ocrx_word' id='word_1_19' title='bbox 609 208 756 255; x_wconf 77' lang='lat' dir='ltr'>corporis</span> <span class='ocrx_word' id='word_1_20' title='bbox 766 218 892 254; x_wconf 85' lang='lat' dir='ltr'>organo</span> <span class='ocrx_word' id='word_1_21' title='bbox 905 207 1062 244; x_wconf 68' lang='lat' dir='ltr'>addietae:</span> <span class='ocrx_word' id='word_1_22' title='bbox 1079 220 1178 255; x_wconf 80' lang='lat' dir='ltr'>quare</span> <span class='ocrx_word' id='word_1_23' title='bbox 1191 205 1322 255; x_wconf 80' lang='lat' dir='ltr'>seipsam</span> <span class='ocrx_word' id='word_1_24' title='bbox 1347 206 1387 240; x_wconf 89' lang='lat' dir='ltr'>ad</span> <span class='ocrx_word' id='word_1_25' title='bbox 1406 205 1665 254; x_wconf 75' lang='lat' dir='ltr'>cognoscendum</span> <span class='ocrx_word' id='word_1_26' title='bbox 1683 207 1742 242; x_wconf 88' lang='lat' dir='ltr'>de-</span> 
     </span>
     <span class='ocr_line' id='line_1_4' title="bbox 332 254 1742 305; baseline -0.006 -7"><span class='ocrx_word' id='word_1_27' title='bbox 332 263 486 298; x_wconf 79' lang='lat' dir='ltr'>terminat</span> <span class='ocrx_word' id='word_1_28' title='bbox 499 289 508 303; x_wconf 88' lang='lat'>‚</span> <span class='ocrx_word' id='word_1_29' title='bbox 527 258 585 293; x_wconf 87' lang='lat' dir='ltr'>ubi</span> <span class='ocrx_word' id='word_1_30' title='bbox 603 271 645 293; x_wconf 88' lang='lat' dir='ltr'>ex</span> <span class='ocrx_word' id='word_1_31' title='bbox 663 254 798 291; x_wconf 82' lang='lat' dir='ltr'>confusa</span> <span class='ocrx_word' id='word_1_32' title='bbox 809 258 999 305; x_wconf 81' lang='lat' dir='ltr'>cognitione</span> <span class='ocrx_word' id='word_1_33' title='bbox 1011 257 1052 291; x_wconf 88' lang='lat' dir='ltr'>ad</span> <span class='ocrx_word' id='word_1_34' title='bbox 1070 257 1255 293; x_wconf 60' lang='lat' dir='ltr'>distinctam</span> <span class='ocrx_word' id='word_1_35' title='bbox 1266 255 1470 305; x_wconf 76' lang='lat' dir='ltr'>progreditur</span> <span class='ocrx_word' id='word_1_36' title='bbox 1483 268 1491 289; x_wconf 74' lang='grc' dir='ltr'>ε</span> <span class='ocrx_word' id='word_1_37' title='bbox 1505 267 1580 290; x_wconf 88' lang='lat' dir='ltr'>cum</span> <span class='ocrx_word' id='word_1_38' title='bbox 1590 256 1640 291; x_wconf 87' lang='lat' dir='ltr'>vis</span> <span class='ocrx_word' id='word_1_39' title='bbox 1650 267 1742 304; x_wconf 81' lang='lat' dir='ltr'>orga-</span> 
     </span>
     <span class='ocr_line' id='line_1_5' title="bbox 332 303 1743 356; baseline -0.005 -10"><span class='ocrx_word' id='word_1_40' title='bbox 332 314 404 347; x_wconf 86' lang='lat' dir='ltr'>nica</span> <span class='ocrx_word' id='word_1_41' title='bbox 420 338 429 353; x_wconf 87' lang='lat'>‚</span> <span class='ocrx_word' id='word_1_42' title='bbox 449 321 484 343; x_wconf 92' lang='lat' dir='ltr'>ut</span> <span class='ocrx_word' id='word_1_43' title='bbox 499 306 580 343; x_wconf 81' lang='lat' dir='ltr'>visus</span> <span class='ocrx_word' id='word_1_44' title='bbox 593 337 602 352; x_wconf 89' lang='lat'>,</span> <span class='ocrx_word' id='word_1_45' title='bbox 629 304 671 341; x_wconf 85' lang='lat' dir='ltr'>ab</span> <span class='ocrx_word' id='word_1_46' title='bbox 688 303 892 355; x_wconf 73' lang='lat' dir='ltr'>impressione</span> <span class='ocrx_word' id='word_1_47' title='bbox 902 305 1025 355; x_wconf 67' lang='lat' dir='ltr'>objeoti</span> <span class='ocrx_word' id='word_1_48' title='bbox 1039 335 1048 350; x_wconf 90' lang='lat'>‚</span> <span class='ocrx_word' id='word_1_49' title='bbox 1074 305 1126 341; x_wconf 85' lang='lat' dir='ltr'>seu</span> <span class='ocrx_word' id='word_1_50' title='bbox 1138 306 1159 343; x_wconf 75' lang='grc' dir='ltr'>ὲ.</span> <span class='ocrx_word' id='word_1_51' title='bbox 1177 305 1280 356; x_wconf 84' lang='lat' dir='ltr'>specie</span> <span class='ocrx_word' id='word_1_52' title='bbox 1298 304 1418 341; x_wconf 75' lang='lat' dir='ltr'>visibili</span> <span class='ocrx_word' id='word_1_53' title='bbox 1435 318 1485 340; x_wconf 50' lang='lat' dir='ltr'>on*</span> <span class='ocrx_word' id='word_1_54' title='bbox 1493 307 1571 339; x_wconf 89' lang='lat' dir='ltr'>nino</span> <span class='ocrx_word' id='word_1_55' title='bbox 1586 304 1743 339; x_wconf 86' lang='lat' dir='ltr'>determi-</span> 
     </span>
     <span class='ocr_line' id='line_1_6' title="bbox 330 352 1740 404; baseline -0.005 -11"><span class='ocrx_word' id='word_1_56' title='bbox 330 371 435 396; x_wconf 84' lang='lat' dir='ltr'>netur.</span> <span class='ocrx_word' id='word_1_57' title='bbox 460 360 559 394; x_wconf 87' lang='lat' dir='ltr'>Mens</span> <span class='ocrx_word' id='word_1_58' title='bbox 577 359 665 391; x_wconf 86' lang='lat' dir='ltr'>enirn</span> <span class='ocrx_word' id='word_1_59' title='bbox 683 359 715 390; x_wconf 88' lang='lat' dir='ltr'>in</span> <span class='ocrx_word' id='word_1_60' title='bbox 731 354 865 404; x_wconf 77' lang='lat' dir='ltr'>seipsam</span> <span class='ocrx_word' id='word_1_61' title='bbox 883 356 968 391; x_wconf 84' lang='lat' dir='ltr'>redit</span> <span class='ocrx_word' id='word_1_62' title='bbox 985 355 1224 399; x_wconf 64' lang='lat' dir='ltr'>&amp;reflectitur3</span> <span class='ocrx_word' id='word_1_63' title='bbox 1240 354 1292 390; x_wconf 86' lang='lat' dir='ltr'>sua</span> <span class='ocrx_word' id='word_1_64' title='bbox 1307 355 1427 402; x_wconf 67' lang='lat' dir='ltr'>judicia</span> <span class='ocrx_word' id='word_1_65' title='bbox 1448 357 1614 390; x_wconf 71' lang='lat' dir='ltr'>examinat</span> <span class='ocrx_word' id='word_1_66' title='bbox 1630 370 1639 398; x_wconf 81' lang='lat'>3</span> <span class='ocrx_word' id='word_1_67' title='bbox 1658 352 1740 402; x_wconf 82' lang='lat' dir='ltr'>seip.</span> 
     </span>
    </p>
   </div>
   <div class='ocr_carea' id='block_1_2' title="bbox 331 402 1817 457">
    <p class='ocr_par' dir='ltr' id='par_1_3' title="bbox 331 402 1817 457">
     <span class='ocr_line' id='line_1_7' title="bbox 331 402 1817 457; baseline -0.004 -13"><span class='ocrx_word' id='word_1_68' title='bbox 331 409 396 445; x_wconf 87' lang='lat' dir='ltr'>sam</span> <span class='ocrx_word' id='word_1_69' title='bbox 408 407 533 457; x_wconf 76' lang='lat' dir='ltr'>colligit</span> <span class='ocrx_word' id='word_1_70' title='bbox 545 436 554 451; x_wconf 86' lang='lat'>‚</span> <span class='ocrx_word' id='word_1_71' title='bbox 567 412 599 444; x_wconf 88' lang='lat'>&amp;</span> <span class='ocrx_word' id='word_1_72' title='bbox 615 403 702 454; x_wconf 71' lang='lat' dir='ltr'>quasi</span> <span class='ocrx_word' id='word_1_73' title='bbox 721 407 808 440; x_wconf 87' lang='lat' dir='ltr'>intus</span> <span class='ocrx_word' id='word_1_74' title='bbox 829 417 963 441; x_wconf 88' lang='lat' dir='ltr'>revocat</span> <span class='ocrx_word' id='word_1_75' title='bbox 992 422 1001 450; x_wconf 82' lang='lat'><em>3</em></span> <span class='ocrx_word' id='word_1_76' title='bbox 1035 407 1150 442; x_wconf 72' lang='grc' dir='ltr'>ειιῃᾶει</span> <span class='ocrx_word' id='word_1_77' title='bbox 1167 416 1338 454; x_wconf 84' lang='lat' dir='ltr'>penetrat,</span> <span class='ocrx_word' id='word_1_78' title='bbox 1366 416 1427 439; x_wconf 86' lang='lat' dir='ltr'>nec</span> <span class='ocrx_word' id='word_1_79' title='bbox 1446 403 1618 439; x_wconf 83' lang='lat' dir='ltr'>definitam</span> <span class='ocrx_word' id='word_1_80' title='bbox 1643 402 1744 438; x_wconf 87' lang='lat' dir='ltr'>habet</span> <span class='ocrx_word' id='word_1_81' title='bbox 1769 439 1773 442; x_wconf 76' lang='grc'><em>,</em></span> <span class='ocrx_word' id='word_1_82' title='bbox 1816 427 1817 430; x_wconf 58' lang='lat'><em>=</em></span> 
     </span>
    </p>
   </div>
   <div class='ocr_carea' id='block_1_3' title="bbox 330 452 1755 603">
    <p class='ocr_par' dir='ltr' id='par_1_4' title="bbox 330 452 1755 603">
     <span class='ocr_line' id='line_1_8' title="bbox 330 452 1755 506; baseline -0.004 -14"><span class='ocrx_word' id='word_1_83' title='bbox 330 459 482 505; x_wconf 82' lang='lat' dir='ltr'>aliquam</span> <span class='ocrx_word' id='word_1_84' title='bbox 495 459 663 506; x_wconf 74' lang='lat' dir='ltr'>regionem</span> <span class='ocrx_word' id='word_1_85' title='bbox 676 459 764 504; x_wconf 75' lang='lat' dir='ltr'>cujus</span> <span class='ocrx_word' id='word_1_86' title='bbox 783 456 928 489; x_wconf 87' lang='lat' dir='ltr'>terminis</span> <span class='ocrx_word' id='word_1_87' title='bbox 948 454 1037 504; x_wconf 87' lang='lat' dir='ltr'>septa</span> <span class='ocrx_word' id='word_1_88' title='bbox 1058 467 1209 491; x_wconf 89' lang='lat' dir='ltr'>teneatur</span> <span class='ocrx_word' id='word_1_89' title='bbox 1225 469 1233 490; x_wconf 90' lang='lat'>:</span> <span class='ocrx_word' id='word_1_90' title='bbox 1248 453 1352 490; x_wconf 82' lang='lat' dir='ltr'>sensus</span> <span class='ocrx_word' id='word_1_91' title='bbox 1363 452 1443 489; x_wconf 81' lang='lat' dir='ltr'>vero</span> <span class='ocrx_word' id='word_1_92' title='bbox 1459 452 1530 488; x_wconf 88' lang='lat' dir='ltr'>sunt</span> <span class='ocrx_word' id='word_1_93' title='bbox 1543 453 1725 502; x_wconf 78' lang='lat' dir='ltr'>perangusti</span> <span class='ocrx_word' id='word_1_94' title='bbox 1735 479 1755 497; x_wconf 20' lang='lat'>,⁷</span> 
     </span>
     <span class='ocr_line' id='line_1_9' title="bbox 334 500 1566 553; baseline -0.002 -11"><span class='ocrx_word' id='word_1_95' title='bbox 334 506 471 543; x_wconf 67' lang='lat' dir='ltr'>hebetes</span> <span class='ocrx_word' id='word_1_96' title='bbox 483 536 492 551; x_wconf 87' lang='lat'>,</span> <span class='ocrx_word' id='word_1_97' title='bbox 518 505 638 541; x_wconf 82' lang='lat' dir='ltr'>infirmi</span> <span class='ocrx_word' id='word_1_98' title='bbox 652 522 661 548; x_wconf 88' lang='lat'>·‚</span> <span class='ocrx_word' id='word_1_99' title='bbox 678 516 784 552; x_wconf 86' lang='lat' dir='ltr'>neque</span> <span class='ocrx_word' id='word_1_100' title='bbox 803 506 836 540; x_wconf 86' lang='lat' dir='ltr'>in</span> <span class='ocrx_word' id='word_1_101' title='bbox 851 503 881 538; x_wconf 90' lang='lat' dir='ltr'>se</span> <span class='ocrx_word' id='word_1_102' title='bbox 897 532 906 547; x_wconf 83' lang='lat'>‚</span> <span class='ocrx_word' id='word_1_103' title='bbox 921 516 1029 553; x_wconf 87' lang='lat' dir='ltr'>neque</span> <span class='ocrx_word' id='word_1_104' title='bbox 1047 506 1079 541; x_wconf 91' lang='lat' dir='ltr'>in</span> <span class='ocrx_word' id='word_1_105' title='bbox 1095 504 1163 540; x_wconf 86' lang='lat' dir='ltr'>suos</span> <span class='ocrx_word' id='word_1_106' title='bbox 1178 506 1268 540; x_wconf 57' lang='lat' dir='ltr'>adius</span> <span class='ocrx_word' id='word_1_107' title='bbox 1283 503 1408 540; x_wconf 71' lang='lat' dir='ltr'>refleffi</span> <span class='ocrx_word' id='word_1_108' title='bbox 1427 500 1566 551; x_wconf 79' lang='lat' dir='ltr'>poffunt.</span> 
     </span>
     <span class='ocr_line' id='line_1_10' title="bbox 363 552 1749 603; baseline -0.004 -12"><span class='ocrx_word' id='word_1_109' title='bbox 363 559 413 592; x_wconf 74' lang='lat' dir='ltr'>‘Ex</span> <span class='ocrx_word' id='word_1_110' title='bbox 437 556 493 590; x_wconf 81' lang='lat' dir='ltr'>illa</span> <span class='ocrx_word' id='word_1_111' title='bbox 512 553 701 591; x_wconf 65' lang='lat' dir='ltr'>intellectus</span> <span class='ocrx_word' id='word_1_112' title='bbox 729 554 946 602; x_wconf 86' lang='lat' dir='ltr'>amplitudine</span> <span class='ocrx_word' id='word_1_113' title='bbox 970 556 1071 590; x_wconf 85' lang='lat' dir='ltr'>oritur</span> <span class='ocrx_word' id='word_1_114' title='bbox 1096 553 1224 590; x_wconf 84' lang='lat' dir='ltr'>infinita</span> <span class='ocrx_word' id='word_1_115' title='bbox 1241 566 1343 603; x_wconf 81' lang='lat' dir='ltr'>prope</span> <span class='ocrx_word' id='word_1_116' title='bbox 1363 552 1541 588; x_wconf 86' lang='lat' dir='ltr'>voluntatis</span> <span class='ocrx_word' id='word_1_117' title='bbox 1559 553 1717 602; x_wconf 81' lang='lat' dir='ltr'>capacitas</span> <span class='ocrx_word' id='word_1_118' title='bbox 1736 578 1749 595; x_wconf 89' lang='lat'>‚</span> 
     </span>
    </p>
   </div>
   <div class='ocr_carea' id='block_1_4' title="bbox 335 600 1782 703">
    <p class='ocr_par' dir='ltr' id='par_1_5' title="bbox 335 600 1782 703">
     <span class='ocr_line' id='line_1_11' title="bbox 335 600 1782 654; baseline -0.004 -14"><span class='ocrx_word' id='word_1_119' title='bbox 335 618 407 654; x_wconf 84' lang='lat' dir='ltr'>quae</span> <span class='ocrx_word' id='word_1_120' title='bbox 421 619 489 640; x_wconf 90' lang='lat' dir='ltr'>non</span> <span class='ocrx_word' id='word_1_121' title='bbox 498 603 556 641; x_wconf 87' lang='lat' dir='ltr'>nisi</span> <span class='ocrx_word' id='word_1_122' title='bbox 570 603 701 639; x_wconf 82' lang='lat' dir='ltr'>infinito</span> <span class='ocrx_word' id='word_1_123' title='bbox 712 602 805 637; x_wconf 90' lang='lat' dir='ltr'>bono</span> <span class='ocrx_word' id='word_1_124' title='bbox 824 602 928 638; x_wconf 84' lang='lat' dir='ltr'>satiari</span> <span class='ocrx_word' id='word_1_125' title='bbox 941 604 1057 652; x_wconf 87' lang='lat' dir='ltr'>potest.</span> <span class='ocrx_word' id='word_1_126' title='bbox 1081 605 1169 640; x_wconf 87' lang='lat' dir='ltr'>Hinc</span> <span class='ocrx_word' id='word_1_127' title='bbox 1186 604 1263 639; x_wconf 87' lang='lat' dir='ltr'>nulli</span> <span class='ocrx_word' id='word_1_128' title='bbox 1280 605 1327 638; x_wconf 75' lang='lat' dir='ltr'>rei</span> <span class='ocrx_word' id='word_1_129' title='bbox 1350 613 1463 637; x_wconf 86' lang='lat' dir='ltr'>creatae</span> <span class='ocrx_word' id='word_1_130' title='bbox 1477 601 1599 650; x_wconf 82' lang='lat' dir='ltr'>illigata</span> <span class='ocrx_word' id='word_1_131' title='bbox 1621 600 1749 649; x_wconf 83' lang='lat' dir='ltr'>ample-</span> <span class='ocrx_word' id='word_1_132' title='bbox 1775 603 1782 650; x_wconf 23' lang='grc' dir='ltr'>ζ’</span> 
     </span>
     <span class='ocr_line' id='line_1_12' title="bbox 338 650 1782 703; baseline -0.003 -13"><span class='ocrx_word' id='word_1_133' title='bbox 338 657 382 691; x_wconf 70' lang='grc' dir='ltr'>(ΕΗ</span> <span class='ocrx_word' id='word_1_134' title='bbox 392 667 530 703; x_wconf 84' lang='lat' dir='ltr'>quaeque</span> <span class='ocrx_word' id='word_1_135' title='bbox 549 653 657 702; x_wconf 87' lang='lat' dir='ltr'>potest</span> <span class='ocrx_word' id='word_1_136' title='bbox 674 682 684 696; x_wconf 85' lang='lat'>‚</span> <span class='ocrx_word' id='word_1_137' title='bbox 698 652 752 688; x_wconf 82' lang='lat' dir='ltr'>vel</span> <span class='ocrx_word' id='word_1_138' title='bbox 763 651 908 701; x_wconf 79' lang='lat' dir='ltr'>respuere</span> <span class='ocrx_word' id='word_1_139' title='bbox 922 670 931 696; x_wconf 79' lang='lat'>3</span> <span class='ocrx_word' id='word_1_140' title='bbox 951 666 1010 689; x_wconf 84' lang='lat' dir='ltr'>nec</span> <span class='ocrx_word' id='word_1_141' title='bbox 1022 653 1090 688; x_wconf 88' lang='lat' dir='ltr'>solo</span> <span class='ocrx_word' id='word_1_142' title='bbox 1104 664 1224 688; x_wconf 85' lang='lat' dir='ltr'>naturae</span> <span class='ocrx_word' id='word_1_143' title='bbox 1234 653 1383 689; x_wconf 64' lang='lat' dir='ltr'>instinetu</span> <span class='ocrx_word' id='word_1_144' title='bbox 1396 680 1406 696; x_wconf 90' lang='lat'>‚</span> <span class='ocrx_word' id='word_1_145' title='bbox 1428 650 1480 686; x_wconf 87' lang='lat' dir='ltr'>sed</span> <span class='ocrx_word' id='word_1_146' title='bbox 1494 654 1613 686; x_wconf 85' lang='lat' dir='ltr'>mentis</span> <span class='ocrx_word' id='word_1_147' title='bbox 1626 651 1749 699; x_wconf 78' lang='lat' dir='ltr'>judicio</span> <span class='ocrx_word' id='word_1_148' title='bbox 1777 658 1782 674; x_wconf 83' lang='lat'>&#39;·</span> 
     </span>
    </p>
   </div>
   <div class='ocr_carea' id='block_1_5' title="bbox 337 700 1762 1045">
    <p class='ocr_par' dir='ltr' id='par_1_6' title="bbox 337 700 1762 1045">
     <span class='ocr_line' id='line_1_13' title="bbox 337 700 1746 753; baseline -0.003 -14"><span class='ocrx_word' id='word_1_149' title='bbox 337 704 367 740; x_wconf 90' lang='lat' dir='ltr'>se</span> <span class='ocrx_word' id='word_1_150' title='bbox 378 706 464 753; x_wconf 85' lang='lat' dir='ltr'>regit</span> <span class='ocrx_word' id='word_1_151' title='bbox 478 733 487 747; x_wconf 90' lang='lat'>‚</span> <span class='ocrx_word' id='word_1_152' title='bbox 508 709 540 740; x_wconf 70' lang='grc' dir='ltr'>δ(</span> <span class='ocrx_word' id='word_1_153' title='bbox 556 702 596 736; x_wconf 87' lang='lat' dir='ltr'>ad</span> <span class='ocrx_word' id='word_1_154' title='bbox 609 703 640 737; x_wconf 91' lang='lat' dir='ltr'>id</span> <span class='ocrx_word' id='word_1_155' title='bbox 653 700 886 750; x_wconf 85' lang='lat' dir='ltr'>quodlibitum</span> <span class='ocrx_word' id='word_1_156' title='bbox 906 702 973 747; x_wconf 86' lang='lat' dir='ltr'>est,</span> <span class='ocrx_word' id='word_1_157' title='bbox 1001 702 1062 738; x_wconf 89' lang='lat' dir='ltr'>sese</span> <span class='ocrx_word' id='word_1_158' title='bbox 1077 700 1417 751; x_wconf 80' lang='lat' dir='ltr'>applicat:hincillius</span> <span class='ocrx_word' id='word_1_159' title='bbox 1427 700 1568 735; x_wconf 78' lang='lat' dir='ltr'>libertas.</span> <span class='ocrx_word' id='word_1_160' title='bbox 1597 703 1688 738; x_wconf 87' lang='lat' dir='ltr'>Nam</span> <span class='ocrx_word' id='word_1_161' title='bbox 1710 712 1746 735; x_wconf 86' lang='lat' dir='ltr'>ut</span> 
     </span>
     <span class='ocr_line' id='line_1_14' title="bbox 337 747 1746 799; baseline -0.002 -11"><span class='ocrx_word' id='word_1_162' title='bbox 337 754 436 788; x_wconf 90' lang='lat' dir='ltr'>docet</span> <span class='ocrx_word' id='word_1_163' title='bbox 454 751 638 788; x_wconf 84' lang='lat' dir='ltr'>Aristoteles</span> <span class='ocrx_word' id='word_1_164' title='bbox 659 765 681 787; x_wconf 83' lang='lat'>1.</span> <span class='ocrx_word' id='word_1_165' title='bbox 695 751 846 799; x_wconf 88' lang='lat' dir='ltr'>Metaph.</span> <span class='ocrx_word' id='word_1_166' title='bbox 868 764 895 788; x_wconf 86' lang='lat' dir='ltr'>c.</span> <span class='ocrx_word' id='word_1_167' title='bbox 910 766 936 789; x_wconf 94' lang='lat'>2.</span> <span class='ocrx_word' id='word_1_168' title='bbox 954 750 1111 787; x_wconf 82' lang='lat' dir='ltr'>Liberum</span> <span class='ocrx_word' id='word_1_169' title='bbox 1127 751 1168 796; x_wconf 86' lang='lat' dir='ltr'>est</span> <span class='ocrx_word' id='word_1_170' title='bbox 1186 752 1272 798; x_wconf 80' lang='lat' dir='ltr'>quod</span> <span class='ocrx_word' id='word_1_171' title='bbox 1290 750 1332 795; x_wconf 86' lang='lat' dir='ltr'>est</span> <span class='ocrx_word' id='word_1_172' title='bbox 1348 751 1505 795; x_wconf 79' lang='lat' dir='ltr'>causasui</span> <span class='ocrx_word' id='word_1_173' title='bbox 1517 765 1527 784; x_wconf 92' lang='lat'>.·</span> <span class='ocrx_word' id='word_1_174' title='bbox 1546 761 1646 798; x_wconf 87' lang='lat' dir='ltr'>atque</span> <span class='ocrx_word' id='word_1_175' title='bbox 1659 747 1746 785; x_wconf 83' lang='lat' dir='ltr'>illud</span> 
     </span>
     <span class='ocr_line' id='line_1_15' title="bbox 339 798 1545 851; baseline -0.003 -14"><span class='ocrx_word' id='word_1_176' title='bbox 339 815 378 839; x_wconf 88' lang='lat' dir='ltr'>ex</span> <span class='ocrx_word' id='word_1_177' title='bbox 394 801 492 851; x_wconf 84' lang='lat' dir='ltr'>seipso</span> <span class='ocrx_word' id='word_1_178' title='bbox 506 803 572 849; x_wconf 90' lang='lat' dir='ltr'>agit</span> <span class='ocrx_word' id='word_1_179' title='bbox 586 830 596 845; x_wconf 89' lang='lat'>‚</span> <span class='ocrx_word' id='word_1_180' title='bbox 618 801 707 849; x_wconf 88' lang='lat' dir='ltr'>quod</span> <span class='ocrx_word' id='word_1_181' title='bbox 719 801 902 837; x_wconf 86' lang='lat' dir='ltr'>dominium</span> <span class='ocrx_word' id='word_1_182' title='bbox 915 800 1016 837; x_wconf 89' lang='lat' dir='ltr'>habet</span> <span class='ocrx_word' id='word_1_183' title='bbox 1038 806 1072 838; x_wconf 70' lang='grc' dir='ltr'>δε</span> <span class='ocrx_word' id='word_1_184' title='bbox 1092 801 1286 849; x_wconf 86' lang='lat' dir='ltr'>potestatem</span> <span class='ocrx_word' id='word_1_185' title='bbox 1307 801 1340 834; x_wconf 93' lang='lat' dir='ltr'>in</span> <span class='ocrx_word' id='word_1_186' title='bbox 1362 798 1431 833; x_wconf 88' lang='lat' dir='ltr'>suos</span> <span class='ocrx_word' id='word_1_187' title='bbox 1446 800 1545 834; x_wconf 66' lang='lat' dir='ltr'>aetus.</span> 
     </span>
     <span class='ocr_line' id='line_1_16' title="bbox 373 847 1761 900; baseline -0.003 -13"><span class='ocrx_word' id='word_1_188' title='bbox 373 850 602 900; x_wconf 79' lang='lat' dir='ltr'>Qmobrem</span> <span class='ocrx_word' id='word_1_189' title='bbox 621 853 725 899; x_wconf 87' lang='lat' dir='ltr'>prima</span> <span class='ocrx_word' id='word_1_190' title='bbox 739 849 899 896; x_wconf 69' lang='lat' dir='ltr'>libertatis</span> <span class='ocrx_word' id='word_1_191' title='bbox 922 850 1014 886; x_wconf 81' lang='lat' dir='ltr'>radix</span> <span class='ocrx_word' id='word_1_192' title='bbox 1032 851 1075 885; x_wconf 84' lang='lat' dir='ltr'>est</span> <span class='ocrx_word' id='word_1_193' title='bbox 1096 853 1129 885; x_wconf 87' lang='lat' dir='ltr'>in</span> <span class='ocrx_word' id='word_1_194' title='bbox 1147 862 1259 885; x_wconf 87' lang='lat' dir='ltr'>natura</span> <span class='ocrx_word' id='word_1_195' title='bbox 1275 850 1374 884; x_wconf 87' lang='lat' dir='ltr'>animi</span> <span class='ocrx_word' id='word_1_196' title='bbox 1391 847 1538 896; x_wconf 88' lang='lat' dir='ltr'>spiritali.</span> <span class='ocrx_word' id='word_1_197' title='bbox 1563 849 1650 883; x_wconf 83' lang='lat' dir='ltr'>Hinc</span> <span class='ocrx_word' id='word_1_198' title='bbox 1663 847 1761 883; x_wconf 79' lang='lat' dir='ltr'>illius-</span> 
     </span>
     <span class='ocr_line' id='line_1_17' title="bbox 340 896 1748 949; baseline -0.004 -13"><span class='ocrx_word' id='word_1_199' title='bbox 340 901 524 949; x_wconf 87' lang='lat' dir='ltr'>amplitudo</span> <span class='ocrx_word' id='word_1_200' title='bbox 541 906 575 938; x_wconf 86' lang='lat'>&amp;</span> <span class='ocrx_word' id='word_1_201' title='bbox 594 901 753 948; x_wconf 74' lang='lat' dir='ltr'>capacitas</span> <span class='ocrx_word' id='word_1_202' title='bbox 771 928 782 943; x_wconf 86' lang='lat'>,</span> <span class='ocrx_word' id='word_1_203' title='bbox 810 911 881 935; x_wconf 88' lang='lat' dir='ltr'>turn</span> <span class='ocrx_word' id='word_1_204' title='bbox 900 903 935 934; x_wconf 89' lang='lat' dir='ltr'>in</span> <span class='ocrx_word' id='word_1_205' title='bbox 952 898 1049 934; x_wconf 87' lang='lat' dir='ltr'>rebus</span> <span class='ocrx_word' id='word_1_206' title='bbox 1064 899 1293 947; x_wconf 83' lang='lat' dir='ltr'>cognoscendis</span> <span class='ocrx_word' id='word_1_207' title='bbox 1309 927 1319 941; x_wconf 87' lang='lat'>‚</span> <span class='ocrx_word' id='word_1_208' title='bbox 1341 908 1410 931; x_wconf 88' lang='lat' dir='ltr'>tum</span> <span class='ocrx_word' id='word_1_209' title='bbox 1430 899 1462 932; x_wconf 88' lang='lat' dir='ltr'>in</span> <span class='ocrx_word' id='word_1_210' title='bbox 1472 896 1674 945; x_wconf 85' lang='lat' dir='ltr'>expetendis.</span> <span class='ocrx_word' id='word_1_211' title='bbox 1702 899 1748 932; x_wconf 84' lang='lat' dir='ltr'>Ex</span> 
     </span>
     <span class='ocr_line' id='line_1_18' title="bbox 343 943 1755 999; baseline -0.003 -14"><span class='ocrx_word' id='word_1_212' title='bbox 343 950 400 985; x_wconf 87' lang='lat' dir='ltr'>illa</span> <span class='ocrx_word' id='word_1_213' title='bbox 415 952 611 999; x_wconf 82' lang='lat' dir='ltr'>cognitionis</span> <span class='ocrx_word' id='word_1_214' title='bbox 625 955 658 986; x_wconf 89' lang='lat'>&amp;</span> <span class='ocrx_word' id='word_1_215' title='bbox 671 948 781 997; x_wconf 77' lang='lat' dir='ltr'>judicii</span> <span class='ocrx_word' id='word_1_216' title='bbox 794 948 1010 997; x_wconf 83' lang='lat' dir='ltr'>amplitudine</span> <span class='ocrx_word' id='word_1_217' title='bbox 1031 946 1068 982; x_wconf 81' lang='lat' dir='ltr'>fit</span> <span class='ocrx_word' id='word_1_218' title='bbox 1085 958 1122 981; x_wconf 89' lang='lat' dir='ltr'>ut</span> <span class='ocrx_word' id='word_1_219' title='bbox 1132 949 1294 996; x_wconf 88' lang='lat' dir='ltr'>appetitus</span> <span class='ocrx_word' id='word_1_220' title='bbox 1309 945 1388 982; x_wconf 84' lang='lat' dir='ltr'>nulli</span> <span class='ocrx_word' id='word_1_221' title='bbox 1401 945 1457 980; x_wconf 84' lang='lat' dir='ltr'>nisi</span> <span class='ocrx_word' id='word_1_222' title='bbox 1470 943 1640 981; x_wconf 85' lang='lat' dir='ltr'>universali</span> <span class='ocrx_word' id='word_1_223' title='bbox 1660 945 1755 981; x_wconf 88' lang='lat' dir='ltr'>bono</span> 
     </span>
     <span class='ocr_line' id='line_1_19' title="bbox 343 994 1762 1045; baseline -0.004 -11"><span class='ocrx_word' id='word_1_224' title='bbox 343 999 510 1034; x_wconf 81' lang='lat' dir='ltr'>addicatur</span> <span class='ocrx_word' id='word_1_225' title='bbox 520 1029 528 1042; x_wconf 87' lang='lat'>,</span> <span class='ocrx_word' id='word_1_226' title='bbox 543 998 624 1034; x_wconf 87' lang='lat' dir='ltr'>nulli</span> <span class='ocrx_word' id='word_1_227' title='bbox 640 998 825 1045; x_wconf 81' lang='lat' dir='ltr'>subjiciatur</span> <span class='ocrx_word' id='word_1_228' title='bbox 837 1026 847 1041; x_wconf 85' lang='lat'>‚</span> <span class='ocrx_word' id='word_1_229' title='bbox 868 996 952 1034; x_wconf 89' lang='lat' dir='ltr'>nihil</span> <span class='ocrx_word' id='word_1_230' title='bbox 963 994 1148 1034; x_wconf 67' lang='lat' dir='ltr'>necessitate</span> <span class='ocrx_word' id='word_1_231' title='bbox 1166 1009 1222 1045; x_wconf 82' lang='lat' dir='ltr'>aga</span> <span class='ocrx_word' id='word_1_232' title='bbox 1229 1008 1251 1032; x_wconf 93' lang='lat' dir='ltr'>t.</span> <span class='ocrx_word' id='word_1_233' title='bbox 1273 995 1375 1032; x_wconf 89' lang='lat' dir='ltr'>Unde</span> <span class='ocrx_word' id='word_1_234' title='bbox 1384 994 1485 1030; x_wconf 89' lang='lat' dir='ltr'>homo</span> <span class='ocrx_word' id='word_1_235' title='bbox 1498 1008 1599 1030; x_wconf 87' lang='lat' dir='ltr'>unum</span> <span class='ocrx_word' id='word_1_236' title='bbox 1608 1007 1674 1043; x_wconf 85' lang='lat' dir='ltr'>prae</span> <span class='ocrx_word' id='word_1_237' title='bbox 1685 994 1762 1030; x_wconf 69' lang='lat' dir='ltr'>alio⁴</span> 
     </span>
    </p>
   </div>
   <div class='ocr_carea' id='block_1_6' title="bbox 344 1045 1755 1146">
    <p class='ocr_par' dir='ltr' id='par_1_7' title="bbox 344 1045 1755 1146">
     <span class='ocr_line' id='line_1_20' title="bbox 344 1045 1755 1096; baseline -0.005 -13"><span class='ocrx_word' id='word_1_238' title='bbox 344 1047 437 1096; x_wconf 82' lang='lat' dir='ltr'>eligit</span> <span class='ocrx_word' id='word_1_239' title='bbox 450 1076 460 1091; x_wconf 86' lang='lat'>‚</span> <span class='ocrx_word' id='word_1_240' title='bbox 474 1046 622 1083; x_wconf 89' lang='lat' dir='ltr'>consulto</span> <span class='ocrx_word' id='word_1_241' title='bbox 639 1046 863 1084; x_wconf 83' lang='lat' dir='ltr'>&amp;deliberate</span> <span class='ocrx_word' id='word_1_242' title='bbox 885 1057 1036 1094; x_wconf 84' lang='lat' dir='ltr'>operatur</span> <span class='ocrx_word' id='word_1_243' title='bbox 1050 1063 1060 1090; x_wconf 79' lang='lat'>3</span> <span class='ocrx_word' id='word_1_244' title='bbox 1083 1045 1146 1080; x_wconf 87' lang='lat' dir='ltr'>huc</span> <span class='ocrx_word' id='word_1_245' title='bbox 1164 1057 1265 1092; x_wconf 90' lang='lat' dir='ltr'>atque</span> <span class='ocrx_word' id='word_1_246' title='bbox 1285 1045 1361 1080; x_wconf 88' lang='lat' dir='ltr'>illuc</span> <span class='ocrx_word' id='word_1_247' title='bbox 1374 1071 1384 1088; x_wconf 90' lang='lat'>‚</span> <span class='ocrx_word' id='word_1_248' title='bbox 1409 1050 1443 1082; x_wconf 86' lang='lat'>&amp;</span> <span class='ocrx_word' id='word_1_249' title='bbox 1463 1056 1661 1092; x_wconf 87' lang='lat' dir='ltr'>quocunque</span> <span class='ocrx_word' id='word_1_250' title='bbox 1691 1047 1755 1080; x_wconf 86' lang='lat' dir='ltr'>im..</span> 
     </span>
     <span class='ocr_line' id='line_1_21' title="bbox 344 1093 1024 1146; baseline -0.007 -15"><span class='ocrx_word' id='word_1_251' title='bbox 344 1099 470 1146; x_wconf 81' lang='lat' dir='ltr'>perium</span> <span class='ocrx_word' id='word_1_252' title='bbox 481 1096 660 1131; x_wconf 84' lang='lat' dir='ltr'>voluntatis</span> <span class='ocrx_word' id='word_1_253' title='bbox 678 1096 826 1136; x_wconf 79' lang='lat' dir='ltr'>duxerit,</span> <span class='ocrx_word' id='word_1_254' title='bbox 846 1093 888 1129; x_wconf 76' lang='lat' dir='ltr'>eo</span> <span class='ocrx_word' id='word_1_255' title='bbox 899 1096 1024 1128; x_wconf 88' lang='lat' dir='ltr'>nititur.</span> 
     </span>
    </p>
   </div>
   <div class='ocr_carea' id='block_1_7' title="bbox 346 1138 1758 1730">
    <p class='ocr_par' dir='ltr' id='par_1_8' title="bbox 346 1138 1756 1536">
     <span class='ocr_line' id='line_1_22' title="bbox 380 1138 1755 1191; baseline -0.002 -12"><span class='ocrx_word' id='word_1_256' title='bbox 380 1146 496 1182; x_wconf 89' lang='lat' dir='ltr'>Unum</span> <span class='ocrx_word' id='word_1_257' title='bbox 507 1144 553 1178; x_wconf 81' lang='lat' dir='ltr'>est</span> <span class='ocrx_word' id='word_1_258' title='bbox 563 1144 653 1191; x_wconf 87' lang='lat' dir='ltr'>quod</span> <span class='ocrx_word' id='word_1_259' title='bbox 672 1142 774 1178; x_wconf 87' lang='lat' dir='ltr'>homo</span> <span class='ocrx_word' id='word_1_260' title='bbox 786 1140 972 1178; x_wconf 73' lang='lat' dir='ltr'>necessitate</span> <span class='ocrx_word' id='word_1_261' title='bbox 986 1142 1125 1189; x_wconf 85' lang='lat' dir='ltr'>quadam</span> <span class='ocrx_word' id='word_1_262' title='bbox 1135 1141 1262 1190; x_wconf 87' lang='lat' dir='ltr'>appetit</span> <span class='ocrx_word' id='word_1_263' title='bbox 1275 1169 1286 1183; x_wconf 94' lang='lat'>‚</span> <span class='ocrx_word' id='word_1_264' title='bbox 1303 1152 1422 1188; x_wconf 86' lang='lat' dir='ltr'>nempe</span> <span class='ocrx_word' id='word_1_265' title='bbox 1433 1138 1558 1177; x_wconf 87' lang='lat' dir='ltr'>bonum</span> <span class='ocrx_word' id='word_1_266' title='bbox 1576 1143 1610 1177; x_wconf 88' lang='lat' dir='ltr'>in</span> <span class='ocrx_word' id='word_1_267' title='bbox 1624 1144 1755 1180; x_wconf 83' lang='lat' dir='ltr'>univer.</span> 
     </span>
     <span class='ocr_line' id='line_1_23' title="bbox 346 1188 1754 1237; baseline -0.001 -7"><span class='ocrx_word' id='word_1_268' title='bbox 346 1192 415 1230; x_wconf 85' lang='lat' dir='ltr'>sum</span> <span class='ocrx_word' id='word_1_269' title='bbox 427 1223 435 1237; x_wconf 88' lang='lat'>,</span> <span class='ocrx_word' id='word_1_270' title='bbox 447 1205 504 1228; x_wconf 90' lang='lat' dir='ltr'>aut</span> <span class='ocrx_word' id='word_1_271' title='bbox 517 1192 756 1227; x_wconf 82' lang='lat' dir='ltr'>beatitudinem</span> <span class='ocrx_word' id='word_1_272' title='bbox 773 1204 780 1225; x_wconf 93' lang='lat'><strong>:</strong></span> <span class='ocrx_word' id='word_1_273' title='bbox 800 1190 863 1227; x_wconf 88' lang='lat' dir='ltr'>Sed</span> <span class='ocrx_word' id='word_1_274' title='bbox 879 1203 918 1227; x_wconf 84' lang='lat' dir='ltr'>ex</span> <span class='ocrx_word' id='word_1_275' title='bbox 935 1191 990 1226; x_wconf 86' lang='lat' dir='ltr'>illa</span> <span class='ocrx_word' id='word_1_276' title='bbox 1001 1189 1186 1227; x_wconf 73' lang='lat' dir='ltr'>necessitate</span> <span class='ocrx_word' id='word_1_277' title='bbox 1201 1188 1335 1224; x_wconf 89' lang='lat' dir='ltr'>libertas</span> <span class='ocrx_word' id='word_1_278' title='bbox 1350 1189 1415 1237; x_wconf 86' lang='lat' dir='ltr'>ipsa</span> <span class='ocrx_word' id='word_1_279' title='bbox 1430 1192 1539 1227; x_wconf 86' lang='lat' dir='ltr'>oritur.</span> <span class='ocrx_word' id='word_1_280' title='bbox 1561 1193 1650 1228; x_wconf 89' lang='lat' dir='ltr'>Hinc</span> <span class='ocrx_word' id='word_1_281' title='bbox 1665 1195 1754 1229; x_wconf 86' lang='lat' dir='ltr'>enim</span> 
     </span>
     <span class='ocr_line' id='line_1_24' title="bbox 348 1237 1755 1290; baseline -0.003 -12"><span class='ocrx_word' id='word_1_282' title='bbox 348 1242 387 1279; x_wconf 84' lang='lat' dir='ltr'>fit</span> <span class='ocrx_word' id='word_1_283' title='bbox 399 1272 407 1286; x_wconf 92' lang='lat'>,</span> <span class='ocrx_word' id='word_1_284' title='bbox 430 1254 467 1277; x_wconf 90' lang='lat' dir='ltr'>ut</span> <span class='ocrx_word' id='word_1_285' title='bbox 481 1241 660 1290; x_wconf 77' lang='lat' dir='ltr'>quodlibet</span> <span class='ocrx_word' id='word_1_286' title='bbox 673 1239 798 1275; x_wconf 88' lang='lat' dir='ltr'>bonurn</span> <span class='ocrx_word' id='word_1_287' title='bbox 813 1239 1006 1289; x_wconf 84' lang='lat' dir='ltr'>particulare</span> <span class='ocrx_word' id='word_1_288' title='bbox 1020 1239 1174 1289; x_wconf 63' lang='lat' dir='ltr'>amplecti</span> <span class='ocrx_word' id='word_1_289' title='bbox 1192 1237 1342 1273; x_wconf 84' lang='lat' dir='ltr'>voluntas</span> <span class='ocrx_word' id='word_1_290' title='bbox 1353 1237 1455 1273; x_wconf 85' lang='lat' dir='ltr'>libere</span> <span class='ocrx_word' id='word_1_291' title='bbox 1478 1238 1581 1287; x_wconf 83' lang='lat' dir='ltr'>possit.</span> <span class='ocrx_word' id='word_1_292' title='bbox 1603 1242 1694 1277; x_wconf 76' lang='lat' dir='ltr'>Nam</span> <span class='ocrx_word' id='word_1_293' title='bbox 1715 1254 1755 1279; x_wconf 82' lang='lat' dir='ltr'>ex</span> 
     </span>
     <span class='ocr_line' id='line_1_25' title="bbox 349 1287 1755 1340; baseline -0.003 -13"><span class='ocrx_word' id='word_1_294' title='bbox 349 1290 537 1327; x_wconf 82' lang='lat' dir='ltr'>universalis</span> <span class='ocrx_word' id='word_1_295' title='bbox 550 1291 629 1326; x_wconf 91' lang='lat' dir='ltr'>boni</span> <span class='ocrx_word' id='word_1_296' title='bbox 638 1292 784 1340; x_wconf 85' lang='lat' dir='ltr'>appetitu</span> <span class='ocrx_word' id='word_1_297' title='bbox 795 1289 814 1326; x_wconf 73' lang='grc' dir='ltr'>ὲ</span> <span class='ocrx_word' id='word_1_298' title='bbox 827 1301 940 1325; x_wconf 87' lang='lat' dir='ltr'>natura</span> <span class='ocrx_word' id='word_1_299' title='bbox 951 1290 1170 1325; x_wconf 87' lang='lat' dir='ltr'>determinato</span> <span class='ocrx_word' id='word_1_300' title='bbox 1186 1287 1353 1324; x_wconf 78' lang='lat' dir='ltr'>inclinatio</span> <span class='ocrx_word' id='word_1_301' title='bbox 1368 1288 1409 1322; x_wconf 91' lang='lat' dir='ltr'>ad</span> <span class='ocrx_word' id='word_1_302' title='bbox 1421 1291 1679 1339; x_wconf 87' lang='lat' dir='ltr'>unumquodque</span> <span class='ocrx_word' id='word_1_303' title='bbox 1694 1290 1755 1327; x_wconf 85' lang='lat' dir='ltr'>bo-</span> 
     </span>
     <span class='ocr_line' id='line_1_26' title="bbox 350 1336 1756 1389; baseline 0.001 -13"><span class='ocrx_word' id='word_1_304' title='bbox 350 1354 431 1377; x_wconf 87' lang='lat' dir='ltr'>num</span> <span class='ocrx_word' id='word_1_305' title='bbox 448 1339 679 1389; x_wconf 84' lang='lat' dir='ltr'>proficiscitur:</span> <span class='ocrx_word' id='word_1_306' title='bbox 704 1338 756 1375; x_wconf 91' lang='lat' dir='ltr'>sed</span> <span class='ocrx_word' id='word_1_307' title='bbox 767 1351 805 1374; x_wconf 87' lang='lat' dir='ltr'>ea</span> <span class='ocrx_word' id='word_1_308' title='bbox 828 1339 876 1374; x_wconf 88' lang='lat' dir='ltr'>est</span> <span class='ocrx_word' id='word_1_309' title='bbox 890 1339 1061 1375; x_wconf 85' lang='lat' dir='ltr'>indefinita</span> <span class='ocrx_word' id='word_1_310' title='bbox 1079 1344 1112 1376; x_wconf 91' lang='lat'><strong>&amp;</strong></span> <span class='ocrx_word' id='word_1_311' title='bbox 1131 1337 1241 1374; x_wconf 85' lang='lat' dir='ltr'>libera.</span> <span class='ocrx_word' id='word_1_312' title='bbox 1261 1339 1348 1373; x_wconf 84' lang='lat' dir='ltr'>Nam</span> <span class='ocrx_word' id='word_1_313' title='bbox 1364 1337 1440 1385; x_wconf 85' lang='lat' dir='ltr'>quia</span> <span class='ocrx_word' id='word_1_314' title='bbox 1461 1336 1563 1372; x_wconf 89' lang='lat' dir='ltr'>horno</span> <span class='ocrx_word' id='word_1_315' title='bbox 1581 1339 1756 1378; x_wconf 62' lang='lat' dir='ltr'>necessario</span> 
     </span>
     <span class='ocr_line' id='line_1_27' title="bbox 351 1385 1756 1438; baseline 0.001 -14"><span class='ocrx_word' id='word_1_316' title='bbox 351 1389 466 1425; x_wconf 87' lang='lat' dir='ltr'>beatus</span> <span class='ocrx_word' id='word_1_317' title='bbox 483 1388 544 1425; x_wconf 72' lang='lat' dir='ltr'>else</span> <span class='ocrx_word' id='word_1_318' title='bbox 564 1389 631 1425; x_wconf 89' lang='lat' dir='ltr'>vult</span> <span class='ocrx_word' id='word_1_319' title='bbox 644 1418 652 1432; x_wconf 81' lang='grc'>,</span> <span class='ocrx_word' id='word_1_320' title='bbox 682 1401 754 1436; x_wconf 85' lang='lat' dir='ltr'>quae</span> <span class='ocrx_word' id='word_1_321' title='bbox 778 1388 819 1422; x_wconf 88' lang='lat' dir='ltr'>ad</span> <span class='ocrx_word' id='word_1_322' title='bbox 844 1387 1081 1424; x_wconf 80' lang='lat' dir='ltr'>beatitudinem</span> <span class='ocrx_word' id='word_1_323' title='bbox 1103 1388 1225 1423; x_wconf 86' lang='lat' dir='ltr'>ducunt</span> <span class='ocrx_word' id='word_1_324' title='bbox 1245 1385 1348 1421; x_wconf 88' lang='lat' dir='ltr'>libere</span> <span class='ocrx_word' id='word_1_325' title='bbox 1368 1386 1472 1435; x_wconf 87' lang='lat' dir='ltr'>potest</span> <span class='ocrx_word' id='word_1_326' title='bbox 1491 1386 1630 1436; x_wconf 83' lang='lat' dir='ltr'>eligere,</span> <span class='ocrx_word' id='word_1_327' title='bbox 1648 1402 1756 1438; x_wconf 88' lang='lat' dir='ltr'>neque</span> 
     </span>
     <span class='ocr_line' id='line_1_28' title="bbox 351 1434 1751 1487; baseline 0.001 -13"><span class='ocrx_word' id='word_1_328' title='bbox 351 1439 437 1474; x_wconf 89' lang='lat' dir='ltr'>hanc</span> <span class='ocrx_word' id='word_1_329' title='bbox 458 1438 593 1474; x_wconf 81' lang='lat' dir='ltr'>haberet</span> <span class='ocrx_word' id='word_1_330' title='bbox 621 1438 762 1487; x_wconf 85' lang='lat' dir='ltr'>eligendi</span> <span class='ocrx_word' id='word_1_331' title='bbox 797 1438 982 1474; x_wconf 49' lang='lat' dir='ltr'>votestatem</span> <span class='ocrx_word' id='word_1_332' title='bbox 998 1466 1007 1482; x_wconf 89' lang='lat'><strong>,</strong></span> <span class='ocrx_word' id='word_1_333' title='bbox 1033 1435 1091 1472; x_wconf 80' lang='lat' dir='ltr'>nisi</span> <span class='ocrx_word' id='word_1_334' title='bbox 1109 1449 1182 1472; x_wconf 88' lang='lat' dir='ltr'>eam</span> <span class='ocrx_word' id='word_1_335' title='bbox 1204 1435 1224 1471; x_wconf 71' lang='grc' dir='ltr'>ἐι</span> <span class='ocrx_word' id='word_1_336' title='bbox 1249 1446 1364 1471; x_wconf 89' lang='lat' dir='ltr'>natura</span> <span class='ocrx_word' id='word_1_337' title='bbox 1383 1434 1635 1483; x_wconf 75' lang='lat' dir='ltr'>propensionem</span> <span class='ocrx_word' id='word_1_338' title='bbox 1660 1451 1751 1475; x_wconf 82' lang='lat' dir='ltr'>acce-</span> 
     </span>
     <span class='ocr_line' id='line_1_29' title="bbox 351 1451 858 1536; baseline -0.006 -14"><span class='ocrx_word' id='word_1_339' title='bbox 351 1486 448 1536; x_wconf 75' lang='lat' dir='ltr'>pisset</span> <span class='ocrx_word' id='word_1_340' title='bbox 465 1489 503 1521; x_wconf 77' lang='lat' dir='ltr'>ad</span> <span class='ocrx_word' id='word_1_341' title='bbox 524 1487 650 1522; x_wconf 86' lang='lat' dir='ltr'>bonum</span> <span class='ocrx_word' id='word_1_342' title='bbox 665 1451 858 1521; x_wconf 65' lang='lat' dir='ltr'>universum.</span> 
     </span>
    </p>

    <p class='ocr_par' dir='ltr' id='par_1_9' title="bbox 353 1530 1758 1730">
     <span class='ocr_line' id='line_1_30' title="bbox 391 1530 1756 1584; baseline 0.001 -13"><span class='ocrx_word' id='word_1_343' title='bbox 391 1538 435 1571; x_wconf 81' lang='lat' dir='ltr'>Ex</span> <span class='ocrx_word' id='word_1_344' title='bbox 447 1535 564 1584; x_wconf 84' lang='lat' dir='ltr'>quibus</span> <span class='ocrx_word' id='word_1_345' title='bbox 575 1534 715 1571; x_wconf 88' lang='lat' dir='ltr'>efficitur</span> <span class='ocrx_word' id='word_1_346' title='bbox 727 1565 736 1579; x_wconf 92' lang='lat'>,</span> <span class='ocrx_word' id='word_1_347' title='bbox 752 1534 876 1570; x_wconf 87' lang='lat' dir='ltr'>nullam</span> <span class='ocrx_word' id='word_1_348' title='bbox 895 1531 956 1570; x_wconf 83' lang='lat' dir='ltr'>esse</span> <span class='ocrx_word' id='word_1_349' title='bbox 971 1546 1117 1571; x_wconf 89' lang='lat' dir='ltr'>naturam</span> <span class='ocrx_word' id='word_1_350' title='bbox 1135 1546 1207 1582; x_wconf 84' lang='lat' dir='ltr'>quae</span> <span class='ocrx_word' id='word_1_351' title='bbox 1226 1530 1399 1569; x_wconf 73' lang='lat' dir='ltr'>necess&#39;ario</span> <span class='ocrx_word' id='word_1_352' title='bbox 1417 1534 1452 1568; x_wconf 88' lang='lat' dir='ltr'>in</span> <span class='ocrx_word' id='word_1_353' title='bbox 1474 1531 1600 1570; x_wconf 89' lang='lat' dir='ltr'>bonurn</span> <span class='ocrx_word' id='word_1_354' title='bbox 1624 1534 1756 1584; x_wconf 85' lang='lat' dir='ltr'>aliquod</span> 
     </span>
     <span class='ocr_line' id='line_1_31' title="bbox 355 1582 1758 1634; baseline 0 -13"><span class='ocrx_word' id='word_1_355' title='bbox 355 1598 422 1622; x_wconf 84' lang='lat' dir='ltr'>non</span> <span class='ocrx_word' id='word_1_356' title='bbox 437 1586 658 1634; x_wconf 82' lang='lat' dir='ltr'>propendeat:</span> <span class='ocrx_word' id='word_1_357' title='bbox 673 1591 705 1622; x_wconf 62' lang='grc' dir='ltr'>ἃ</span> <span class='ocrx_word' id='word_1_358' title='bbox 727 1598 793 1632; x_wconf 89' lang='lat' dir='ltr'>quo</span> <span class='ocrx_word' id='word_1_359' title='bbox 811 1583 891 1619; x_wconf 89' lang='lat' dir='ltr'>illud</span> <span class='ocrx_word' id='word_1_360' title='bbox 909 1585 953 1619; x_wconf 85' lang='lat' dir='ltr'>est</span> <span class='ocrx_word' id='word_1_361' title='bbox 962 1586 1061 1633; x_wconf 82' lang='lat' dir='ltr'>magis</span> <span class='ocrx_word' id='word_1_362' title='bbox 1075 1582 1253 1619; x_wconf 85' lang='lat' dir='ltr'>universale</span> <span class='ocrx_word' id='word_1_363' title='bbox 1269 1611 1280 1626; x_wconf 83' lang='lat'>,</span> <span class='ocrx_word' id='word_1_364' title='bbox 1305 1582 1368 1617; x_wconf 90' lang='lat' dir='ltr'>hoc</span> <span class='ocrx_word' id='word_1_365' title='bbox 1382 1585 1509 1630; x_wconf 82' lang='lat' dir='ltr'>majoris</span> <span class='ocrx_word' id='word_1_366' title='bbox 1534 1583 1695 1620; x_wconf 86' lang='lat' dir='ltr'>libertatis</span> <span class='ocrx_word' id='word_1_367' title='bbox 1714 1586 1758 1622; x_wconf 90' lang='lat' dir='ltr'>est</span> 
     </span>
     <span class='ocr_line' id='line_1_32' title="bbox 353 1633 1758 1681; baseline 0 -12"><span class='ocrx_word' id='word_1_368' title='bbox 353 1635 454 1670; x_wconf 80' lang='lat' dir='ltr'>radix.</span> <span class='ocrx_word' id='word_1_369' title='bbox 474 1637 564 1669; x_wconf 88' lang='lat' dir='ltr'>Hinc</span> <span class='ocrx_word' id='word_1_370' title='bbox 585 1638 672 1670; x_wconf 86' lang='lat' dir='ltr'>Deus</span> <span class='ocrx_word' id='word_1_371' title='bbox 689 1634 735 1669; x_wconf 92' lang='lat' dir='ltr'>est</span> <span class='ocrx_word' id='word_1_372' title='bbox 748 1633 952 1676; x_wconf 73' lang='lat' dir='ltr'>liberrimus,</span> <span class='ocrx_word' id='word_1_373' title='bbox 969 1637 1046 1681; x_wconf 84' lang='lat' dir='ltr'>quia</span> <span class='ocrx_word' id='word_1_374' title='bbox 1064 1633 1109 1668; x_wconf 83' lang='lat' dir='ltr'>est</span> <span class='ocrx_word' id='word_1_375' title='bbox 1129 1635 1360 1680; x_wconf 84' lang='lat' dir='ltr'>omnipotens;</span> <span class='ocrx_word' id='word_1_376' title='bbox 1377 1644 1438 1667; x_wconf 85' lang='lat' dir='ltr'>nec</span> <span class='ocrx_word' id='word_1_377' title='bbox 1453 1634 1550 1681; x_wconf 83' lang='lat' dir='ltr'>cogi,</span> <span class='ocrx_word' id='word_1_378' title='bbox 1566 1646 1628 1668; x_wconf 87' lang='lat' dir='ltr'>nec</span> <span class='ocrx_word' id='word_1_379' title='bbox 1646 1637 1758 1680; x_wconf 84' lang='lat' dir='ltr'>vinci,</span> 
     </span>
     <span class='ocr_line' id='line_1_33' title="bbox 355 1680 1758 1730; baseline 0 -11"><span class='ocrx_word' id='word_1_380' title='bbox 355 1696 416 1719; x_wconf 85' lang='lat' dir='ltr'>nec</span> <span class='ocrx_word' id='word_1_381' title='bbox 440 1685 555 1719; x_wconf 86' lang='lat' dir='ltr'>timore</span> <span class='ocrx_word' id='word_1_382' title='bbox 570 1683 638 1718; x_wconf 91' lang='lat' dir='ltr'>ullo</span> <span class='ocrx_word' id='word_1_383' title='bbox 655 1712 664 1725; x_wconf 93' lang='lat'>,</span> <span class='ocrx_word' id='word_1_384' title='bbox 692 1695 748 1718; x_wconf 90' lang='lat' dir='ltr'>aut</span> <span class='ocrx_word' id='word_1_385' title='bbox 763 1683 834 1718; x_wconf 88' lang='lat' dir='ltr'>aliis</span> <span class='ocrx_word' id='word_1_386' title='bbox 851 1680 1025 1718; x_wconf 71' lang='lat' dir='ltr'>affectibus</span> <span class='ocrx_word' id='word_1_387' title='bbox 1040 1685 1094 1730; x_wconf 85' lang='lat' dir='ltr'>qui</span> <span class='ocrx_word' id='word_1_388' title='bbox 1120 1681 1306 1717; x_wconf 88' lang='lat' dir='ltr'>libertatem</span> <span class='ocrx_word' id='word_1_389' title='bbox 1325 1683 1497 1725; x_wconf 83' lang='lat' dir='ltr'>minuunt,</span> <span class='ocrx_word' id='word_1_390' title='bbox 1517 1682 1650 1730; x_wconf 89' lang='lat' dir='ltr'>percelli</span> <span class='ocrx_word' id='word_1_391' title='bbox 1666 1701 1676 1728; x_wconf 82' lang='lat'>3</span> <span class='ocrx_word' id='word_1_392' title='bbox 1695 1696 1758 1720; x_wconf 86' lang='lat' dir='ltr'>nec</span> 
     </span>
    </p>
   </div>
   <div class='ocr_carea' id='block_1_8' title="bbox 353 1727 1822 1781">
    <p class='ocr_par' dir='ltr' id='par_1_10' title="bbox 353 1727 1822 1781">
     <span class='ocr_line' id='line_1_34' title="bbox 353 1727 1822 1781; baseline 0.001 -14"><span class='ocrx_word' id='word_1_393' title='bbox 353 1732 576 1781; x_wconf 84' lang='lat' dir='ltr'>fallidenique</span> <span class='ocrx_word' id='word_1_394' title='bbox 590 1733 697 1781; x_wconf 90' lang='lat' dir='ltr'>potest</span> <span class='ocrx_word' id='word_1_395' title='bbox 711 1762 720 1777; x_wconf 80' lang='lat'>,</span> <span class='ocrx_word' id='word_1_396' title='bbox 740 1731 816 1768; x_wconf 69' lang='lat' dir='ltr'>cuni</span> <span class='ocrx_word' id='word_1_397' title='bbox 840 1734 1024 1780; x_wconf 83' lang='lat' dir='ltr'>ignorantia</span> <span class='ocrx_word' id='word_1_398' title='bbox 1050 1731 1193 1766; x_wconf 87' lang='lat' dir='ltr'>libertati</span> <span class='ocrx_word' id='word_1_399' title='bbox 1215 1732 1358 1765; x_wconf 80' lang='lat' dir='ltr'>maxime</span> <span class='ocrx_word' id='word_1_400' title='bbox 1380 1727 1462 1764; x_wconf 84' lang='lat' dir='ltr'>obfit</span> <span class='ocrx_word' id='word_1_401' title='bbox 1481 1747 1490 1774; x_wconf 84' lang='lat'>3</span> <span class='ocrx_word' id='word_1_402' title='bbox 1515 1743 1654 1779; x_wconf 89' lang='lat' dir='ltr'>cumque</span> <span class='ocrx_word' id='word_1_403' title='bbox 1674 1734 1700 1767; x_wconf 87' lang='lat' dir='ltr'>is</span> <span class='ocrx_word' id='word_1_404' title='bbox 1719 1731 1758 1769; x_wconf 77' lang='lat' dir='ltr'>sit</span> <span class='ocrx_word' id='word_1_405' title='bbox 1810 1739 1822 1747; x_wconf 67' lang='lat'><em>¹</em></span> 
     </span>
    </p>
   </div>
   <div class='ocr_carea' id='block_1_9' title="bbox 353 1777 1760 2360">
    <p class='ocr_par' dir='ltr' id='par_1_11' title="bbox 353 1777 1760 2175">
     <span class='ocr_line' id='line_1_35' title="bbox 355 1777 1757 1829; baseline 0.002 -14"><span class='ocrx_word' id='word_1_406' title='bbox 355 1784 520 1829; x_wconf 83' lang='lat' dir='ltr'>optimus,</span> <span class='ocrx_word' id='word_1_407' title='bbox 540 1782 624 1817; x_wconf 87' lang='lat' dir='ltr'>velle</span> <span class='ocrx_word' id='word_1_408' title='bbox 639 1794 738 1817; x_wconf 89' lang='lat' dir='ltr'>omne</span> <span class='ocrx_word' id='word_1_409' title='bbox 758 1781 884 1817; x_wconf 87' lang='lat' dir='ltr'>bonum</span> <span class='ocrx_word' id='word_1_410' title='bbox 903 1781 1018 1827; x_wconf 79' lang='lat' dir='ltr'>potest.</span> <span class='ocrx_word' id='word_1_411' title='bbox 1051 1783 1164 1817; x_wconf 90' lang='lat' dir='ltr'>Primo</span> <span class='ocrx_word' id='word_1_412' title='bbox 1192 1780 1319 1816; x_wconf 87' lang='lat' dir='ltr'>homini</span> <span class='ocrx_word' id='word_1_413' title='bbox 1339 1781 1375 1814; x_wconf 87' lang='lat' dir='ltr'>in</span> <span class='ocrx_word' id='word_1_414' title='bbox 1395 1777 1445 1814; x_wconf 83' lang='lat' dir='ltr'>sua</span> <span class='ocrx_word' id='word_1_415' title='bbox 1465 1781 1533 1814; x_wconf 88' lang='lat' dir='ltr'>inte</span> <span class='ocrx_word' id='word_1_416' title='bbox 1556 1781 1652 1816; x_wconf 87' lang='lat' dir='ltr'>ritate</span> <span class='ocrx_word' id='word_1_417' title='bbox 1675 1794 1757 1818; x_wconf 89' lang='lat' dir='ltr'>con-</span> 
     </span>
     <span class='ocr_line' id='line_1_36' title="bbox 354 1793 1759 1881; baseline 0 -15"><span class='ocrx_word' id='word_1_418' title='bbox 354 1831 462 1866; x_wconf 90' lang='lat' dir='ltr'>stituto</span> <span class='ocrx_word' id='word_1_419' title='bbox 478 1844 595 1881; x_wconf 87' lang='lat' dir='ltr'>magna</span> <span class='ocrx_word' id='word_1_420' title='bbox 609 1831 673 1866; x_wconf 89' lang='lat' dir='ltr'>fuit</span> <span class='ocrx_word' id='word_1_421' title='bbox 685 1830 817 1866; x_wconf 87' lang='lat' dir='ltr'>libertas</span> <span class='ocrx_word' id='word_1_422' title='bbox 828 1860 837 1874; x_wconf 90' lang='lat'>,</span> <span class='ocrx_word' id='word_1_423' title='bbox 855 1831 924 1878; x_wconf 87' lang='lat' dir='ltr'>post</span> <span class='ocrx_word' id='word_1_424' title='bbox 935 1842 1105 1878; x_wconf 79' lang='lat' dir='ltr'>peccatum</span> <span class='ocrx_word' id='word_1_425' title='bbox 1119 1841 1232 1866; x_wconf 89' lang='lat' dir='ltr'>tamen</span> <span class='ocrx_word' id='word_1_426' title='bbox 1253 1830 1377 1876; x_wconf 84' lang='lat' dir='ltr'>integra</span> <span class='ocrx_word' id='word_1_427' title='bbox 1390 1793 1644 1864; x_wconf 48' lang='lat' dir='ltr'>manfitlifiertas</span> <span class='ocrx_word' id='word_1_428' title='bbox 1657 1830 1677 1866; x_wconf 76' lang='grc' dir='ltr'>ὲ</span> <span class='ocrx_word' id='word_1_429' title='bbox 1696 1843 1759 1866; x_wconf 85' lang='lat' dir='ltr'>ne.</span> 
     </span>
     <span class='ocr_line' id='line_1_37' title="bbox 353 1877 1760 1929; baseline -0.001 -14"><span class='ocrx_word' id='word_1_430' title='bbox 353 1878 496 1916; x_wconf 79' lang='lat' dir='ltr'>cessitate</span> <span class='ocrx_word' id='word_1_431' title='bbox 512 1898 522 1925; x_wconf 81' lang='lat'>3</span> <span class='ocrx_word' id='word_1_432' title='bbox 547 1894 603 1929; x_wconf 91' lang='lat' dir='ltr'>per</span> <span class='ocrx_word' id='word_1_433' title='bbox 616 1883 751 1929; x_wconf 85' lang='lat' dir='ltr'>gratiam</span> <span class='ocrx_word' id='word_1_434' title='bbox 762 1880 888 1915; x_wconf 87' lang='lat' dir='ltr'>reddita</span> <span class='ocrx_word' id='word_1_435' title='bbox 900 1880 947 1914; x_wconf 86' lang='lat' dir='ltr'>est</span> <span class='ocrx_word' id='word_1_436' title='bbox 963 1879 1094 1915; x_wconf 86' lang='lat' dir='ltr'>libertas</span> <span class='ocrx_word' id='word_1_437' title='bbox 1113 1879 1134 1915; x_wconf 71' lang='lat' dir='ltr'>a.</span> <span class='ocrx_word' id='word_1_438' title='bbox 1162 1889 1297 1927; x_wconf 87' lang='lat' dir='ltr'>peccato</span> <span class='ocrx_word' id='word_1_439' title='bbox 1310 1906 1320 1920; x_wconf 85' lang='lat'>,</span> <span class='ocrx_word' id='word_1_440' title='bbox 1341 1882 1375 1913; x_wconf 89' lang='lat'>&amp;</span> <span class='ocrx_word' id='word_1_441' title='bbox 1386 1877 1511 1926; x_wconf 86' lang='lat' dir='ltr'>justitiae</span> <span class='ocrx_word' id='word_1_442' title='bbox 1527 1877 1684 1913; x_wconf 84' lang='lat' dir='ltr'>faciendae</span> <span class='ocrx_word' id='word_1_443' title='bbox 1707 1879 1760 1914; x_wconf 77' lang='lat' dir='ltr'>fa.</span> 
     </span>
     <span class='ocr_line' id='line_1_38' title="bbox 356 1923 1757 1979; baseline 0 -15"><span class='ocrx_word' id='word_1_444' title='bbox 356 1929 466 1966; x_wconf 81' lang='lat' dir='ltr'>cultas.</span> <span class='ocrx_word' id='word_1_445' title='bbox 479 1931 541 1965; x_wconf 82' lang='lat' dir='ltr'>Sed</span> <span class='ocrx_word' id='word_1_446' title='bbox 554 1933 736 1979; x_wconf 79' lang='lat' dir='ltr'>ignorantia</span> <span class='ocrx_word' id='word_1_447' title='bbox 751 1935 783 1966; x_wconf 74' lang='grc' dir='ltr'>δε</span> <span class='ocrx_word' id='word_1_448' title='bbox 798 1929 968 1964; x_wconf 82' lang='lat' dir='ltr'>infirmitas</span> <span class='ocrx_word' id='word_1_449' title='bbox 981 1929 1034 1964; x_wconf 90' lang='lat' dir='ltr'>seu</span> <span class='ocrx_word' id='word_1_450' title='bbox 1049 1925 1303 1975; x_wconf 84' lang='lat' dir='ltr'>concupiscentia</span> <span class='ocrx_word' id='word_1_451' title='bbox 1327 1938 1394 1960; x_wconf 91' lang='lat' dir='ltr'>non</span> <span class='ocrx_word' id='word_1_452' title='bbox 1413 1923 1484 1959; x_wconf 85' lang='lat' dir='ltr'>sunt</span> <span class='ocrx_word' id='word_1_453' title='bbox 1500 1929 1592 1962; x_wconf 82' lang='lat' dir='ltr'>omni</span> <span class='ocrx_word' id='word_1_454' title='bbox 1610 1940 1648 1962; x_wconf 88' lang='lat' dir='ltr'>ex</span> <span class='ocrx_word' id='word_1_455' title='bbox 1664 1939 1757 1976; x_wconf 85' lang='lat' dir='ltr'>parte</span> 
     </span>
     <span class='ocr_line' id='line_1_39' title="bbox 355 1975 1758 2027; baseline -0.001 -13"><span class='ocrx_word' id='word_1_456' title='bbox 355 1977 484 2014; x_wconf 88' lang='lat' dir='ltr'>sublatae</span> <span class='ocrx_word' id='word_1_457' title='bbox 500 1993 507 2014; x_wconf 91' lang='lat'>:</span> <span class='ocrx_word' id='word_1_458' title='bbox 525 1980 599 2015; x_wconf 91' lang='lat' dir='ltr'>hinc</span> <span class='ocrx_word' id='word_1_459' title='bbox 620 1979 716 2027; x_wconf 88' lang='lat' dir='ltr'>plena</span> <span class='ocrx_word' id='word_1_460' title='bbox 733 1985 766 2016; x_wconf 89' lang='lat'>&amp;</span> <span class='ocrx_word' id='word_1_461' title='bbox 779 1977 820 2012; x_wconf 85' lang='lat' dir='ltr'>ab</span> <span class='ocrx_word' id='word_1_462' title='bbox 832 1979 924 2013; x_wconf 87' lang='lat' dir='ltr'>omni</span> <span class='ocrx_word' id='word_1_463' title='bbox 945 1979 1070 2012; x_wconf 72' lang='lat' dir='ltr'>miseria</span> <span class='ocrx_word' id='word_1_464' title='bbox 1092 1976 1223 2011; x_wconf 89' lang='lat' dir='ltr'>libertas</span> <span class='ocrx_word' id='word_1_465' title='bbox 1240 2002 1250 2017; x_wconf 87' lang='lat'>,</span> <span class='ocrx_word' id='word_1_466' title='bbox 1275 1987 1374 2022; x_wconf 85' lang='lat' dir='ltr'>quam</span> <span class='ocrx_word' id='word_1_467' title='bbox 1397 1975 1588 2023; x_wconf 87' lang='lat' dir='ltr'>ignorantiae</span> <span class='ocrx_word' id='word_1_468' title='bbox 1612 1976 1758 2013; x_wconf 79' lang='lat' dir='ltr'>tenebrae</span> 
     </span>
     <span class='ocr_line' id='line_1_40' title="bbox 357 2023 1758 2076; baseline -0.001 -12"><span class='ocrx_word' id='word_1_469' title='bbox 357 2033 391 2064; x_wconf 90' lang='lat'><strong>&amp;</strong></span> <span class='ocrx_word' id='word_1_470' title='bbox 409 2041 516 2063; x_wconf 88' lang='lat' dir='ltr'>motus</span> <span class='ocrx_word' id='word_1_471' title='bbox 533 2028 798 2076; x_wconf 71' lang='lat' dir='ltr'>concupistentiae</span> <span class='ocrx_word' id='word_1_472' title='bbox 807 2025 947 2061; x_wconf 82' lang='lat' dir='ltr'>rebelles</span> <span class='ocrx_word' id='word_1_473' title='bbox 960 2026 1096 2060; x_wconf 89' lang='lat' dir='ltr'>multum</span> <span class='ocrx_word' id='word_1_474' title='bbox 1114 2025 1296 2071; x_wconf 82' lang='lat' dir='ltr'>infringunt</span> <span class='ocrx_word' id='word_1_475' title='bbox 1309 2052 1319 2066; x_wconf 85' lang='lat'>‚</span> <span class='ocrx_word' id='word_1_476' title='bbox 1332 2024 1364 2058; x_wconf 85' lang='lat' dir='ltr'>in</span> <span class='ocrx_word' id='word_1_477' title='bbox 1379 2023 1439 2058; x_wconf 83' lang='lat' dir='ltr'>hac</span> <span class='ocrx_word' id='word_1_478' title='bbox 1450 2025 1518 2059; x_wconf 88' lang='lat' dir='ltr'>vita</span> <span class='ocrx_word' id='word_1_479' title='bbox 1537 2025 1599 2061; x_wconf 89' lang='lat' dir='ltr'>esse</span> <span class='ocrx_word' id='word_1_480' title='bbox 1616 2039 1683 2062; x_wconf 88' lang='lat' dir='ltr'>non</span> <span class='ocrx_word' id='word_1_481' title='bbox 1694 2039 1758 2076; x_wconf 80' lang='lat' dir='ltr'>po-</span> 
     </span>
     <span class='ocr_line' id='line_1_41' title="bbox 357 2072 1755 2125; baseline -0.002 -14"><span class='ocrx_word' id='word_1_482' title='bbox 357 2077 424 2112; x_wconf 87' lang='lat' dir='ltr'>test.</span> <span class='ocrx_word' id='word_1_483' title='bbox 437 2079 522 2113; x_wconf 88' lang='lat' dir='ltr'>Cum</span> <span class='ocrx_word' id='word_1_484' title='bbox 543 2078 628 2112; x_wconf 85' lang='lat' dir='ltr'>enim</span> <span class='ocrx_word' id='word_1_485' title='bbox 646 2076 779 2112; x_wconf 88' lang='lat' dir='ltr'>libertas</span> <span class='ocrx_word' id='word_1_486' title='bbox 796 2078 830 2111; x_wconf 90' lang='lat' dir='ltr'>in</span> <span class='ocrx_word' id='word_1_487' title='bbox 843 2075 1005 2123; x_wconf 83' lang='lat' dir='ltr'>potestate</span> <span class='ocrx_word' id='word_1_488' title='bbox 1019 2080 1050 2111; x_wconf 65' lang='lat'>8&lt;</span> <span class='ocrx_word' id='word_1_489' title='bbox 1063 2074 1212 2110; x_wconf 90' lang='lat' dir='ltr'>dominio</span> <span class='ocrx_word' id='word_1_490' title='bbox 1228 2072 1372 2121; x_wconf 80' lang='lat' dir='ltr'>quodam</span> <span class='ocrx_word' id='word_1_491' title='bbox 1391 2074 1426 2107; x_wconf 91' lang='lat' dir='ltr'>in</span> <span class='ocrx_word' id='word_1_492' title='bbox 1445 2074 1533 2109; x_wconf 64' lang='lat' dir='ltr'>aetus</span> <span class='ocrx_word' id='word_1_493' title='bbox 1548 2075 1671 2111; x_wconf 89' lang='lat' dir='ltr'>nostros</span> <span class='ocrx_word' id='word_1_494' title='bbox 1690 2089 1755 2125; x_wconf 86' lang='lat' dir='ltr'>po.</span> 
     </span>
     <span class='ocr_line' id='line_1_42' title="bbox 357 2123 1307 2175; baseline -0.003 -14"><span class='ocrx_word' id='word_1_495' title='bbox 357 2125 411 2161; x_wconf 70' lang='lat' dir='ltr'>fita</span> <span class='ocrx_word' id='word_1_496' title='bbox 433 2125 469 2160; x_wconf 81' lang='lat' dir='ltr'>fit</span> <span class='ocrx_word' id='word_1_497' title='bbox 482 2157 490 2169; x_wconf 83' lang='lat'>,</span> <span class='ocrx_word' id='word_1_498' title='bbox 504 2125 572 2174; x_wconf 78' lang='lat' dir='ltr'>quo</span> <span class='ocrx_word' id='word_1_499' title='bbox 585 2131 685 2175; x_wconf 81' lang='lat' dir='ltr'>maj0r</span> <span class='ocrx_word' id='word_1_500' title='bbox 697 2126 739 2160; x_wconf 88' lang='lat' dir='ltr'>est</span> <span class='ocrx_word' id='word_1_501' title='bbox 749 2124 881 2159; x_wconf 86' lang='lat' dir='ltr'>servitus</span> <span class='ocrx_word' id='word_1_502' title='bbox 894 2154 904 2169; x_wconf 78' lang='lat'>,</span> <span class='ocrx_word' id='word_1_503' title='bbox 919 2124 980 2160; x_wconf 84' lang='lat' dir='ltr'>hoc</span> <span class='ocrx_word' id='word_1_504' title='bbox 992 2123 1123 2160; x_wconf 68' lang='lat' dir='ltr'>libertas</span> <span class='ocrx_word' id='word_1_505' title='bbox 1138 2125 1181 2159; x_wconf 88' lang='lat' dir='ltr'>est</span> <span class='ocrx_word' id='word_1_506' title='bbox 1192 2135 1307 2158; x_wconf 82' lang='lat' dir='ltr'>minor.</span> 
     </span>
    </p>

    <p class='ocr_par' dir='ltr' id='par_1_12' title="bbox 359 2171 1757 2360">
     <span class='ocr_line' id='line_1_43' title="bbox 392 2171 1756 2224; baseline -0.001 -15"><span class='ocrx_word' id='word_1_507' title='bbox 392 2174 473 2222; x_wconf 70' lang='lat' dir='ltr'>Qio</span> <span class='ocrx_word' id='word_1_508' title='bbox 485 2188 591 2210; x_wconf 69' lang='lat' dir='ltr'>autem</span> <span class='ocrx_word' id='word_1_509' title='bbox 611 2176 679 2211; x_wconf 74' lang='lat' dir='ltr'>haec</span> <span class='ocrx_word' id='word_1_510' title='bbox 697 2175 839 2224; x_wconf 83' lang='lat' dir='ltr'>planiora</span> <span class='ocrx_word' id='word_1_511' title='bbox 859 2172 938 2209; x_wconf 82' lang='lat' dir='ltr'>fiant</span> <span class='ocrx_word' id='word_1_512' title='bbox 956 2180 990 2211; x_wconf 88' lang='lat'>&amp;</span> <span class='ocrx_word' id='word_1_513' title='bbox 1002 2174 1145 2209; x_wconf 84' lang='lat' dir='ltr'>faciliora</span> <span class='ocrx_word' id='word_1_514' title='bbox 1161 2204 1171 2217; x_wconf 86' lang='lat'>‚</span> <span class='ocrx_word' id='word_1_515' title='bbox 1195 2185 1260 2209; x_wconf 89' lang='lat' dir='ltr'>non</span> <span class='ocrx_word' id='word_1_516' title='bbox 1289 2173 1351 2207; x_wconf 91' lang='lat' dir='ltr'>erit</span> <span class='ocrx_word' id='word_1_517' title='bbox 1368 2171 1482 2207; x_wconf 90' lang='lat' dir='ltr'>inutile</span> <span class='ocrx_word' id='word_1_518' title='bbox 1503 2172 1617 2208; x_wconf 89' lang='lat' dir='ltr'>eadem</span> <span class='ocrx_word' id='word_1_519' title='bbox 1637 2185 1676 2208; x_wconf 89' lang='lat' dir='ltr'>ex</span> <span class='ocrx_word' id='word_1_520' title='bbox 1695 2175 1756 2208; x_wconf 89' lang='lat' dir='ltr'>viri</span> 
     </span>
     <span class='ocr_line' id='line_1_44' title="bbox 359 2221 1757 2271; baseline -0.001 -12"><span class='ocrx_word' id='word_1_521' title='bbox 359 2223 481 2261; x_wconf 60' lang='lat' dir='ltr'>doetus.</span> <span class='ocrx_word' id='word_1_522' title='bbox 496 2227 575 2260; x_wconf 63' lang='lat' dir='ltr'>trost</span> <span class='ocrx_word' id='word_1_523' title='bbox 588 2237 632 2259; x_wconf 70' lang='lat' dir='ltr'>itu</span> <span class='ocrx_word' id='word_1_524' title='bbox 651 2225 794 2260; x_wconf 85' lang='lat' dir='ltr'>nondum</span> <span class='ocrx_word' id='word_1_525' title='bbox 815 2224 905 2258; x_wconf 88' lang='lat' dir='ltr'>edito</span> <span class='ocrx_word' id='word_1_526' title='bbox 920 2224 1017 2271; x_wconf 88' lang='lat' dir='ltr'>paulo</span> <span class='ocrx_word' id='word_1_527' title='bbox 1036 2222 1166 2259; x_wconf 40' lang='lat' dir='ltr'>uberitiiC</span> <span class='ocrx_word' id='word_1_528' title='bbox 1187 2221 1352 2270; x_wconf 82' lang='lat' dir='ltr'>explicare.</span> <span class='ocrx_word' id='word_1_529' title='bbox 1382 2223 1459 2256; x_wconf 88' lang='lat' dir='ltr'>Vim</span> <span class='ocrx_word' id='word_1_530' title='bbox 1472 2221 1561 2256; x_wconf 91' lang='lat' dir='ltr'>illam</span> <span class='ocrx_word' id='word_1_531' title='bbox 1575 2235 1640 2270; x_wconf 86' lang='lat' dir='ltr'>qua</span> <span class='ocrx_word' id='word_1_532' title='bbox 1654 2222 1757 2271; x_wconf 74' lang='lat' dir='ltr'>poffii-</span> 
     </span>
     <span class='ocr_line' id='line_1_45' title="bbox 361 2270 1756 2322; baseline -0.001 -17"><span class='ocrx_word' id='word_1_533' title='bbox 361 2285 431 2306; x_wconf 82' lang='lat' dir='ltr'>mus</span> <span class='ocrx_word' id='word_1_534' title='bbox 445 2286 551 2308; x_wconf 70' lang='lat' dir='ltr'>amare</span> <span class='ocrx_word' id='word_1_535' title='bbox 571 2286 624 2309; x_wconf 82' lang='lat' dir='ltr'>aut</span> <span class='ocrx_word' id='word_1_536' title='bbox 638 2288 705 2310; x_wconf 90' lang='lat' dir='ltr'>non</span> <span class='ocrx_word' id='word_1_537' title='bbox 720 2286 828 2309; x_wconf 87' lang='lat' dir='ltr'>amare</span> <span class='ocrx_word' id='word_1_538' title='bbox 841 2272 966 2308; x_wconf 86' lang='lat' dir='ltr'>bonum</span> <span class='ocrx_word' id='word_1_539' title='bbox 979 2274 1116 2322; x_wconf 82' lang='lat' dir='ltr'>quodvis</span> <span class='ocrx_word' id='word_1_540' title='bbox 1128 2271 1316 2322; x_wconf 78' lang='lat' dir='ltr'>particulare</span> <span class='ocrx_word' id='word_1_541' title='bbox 1331 2276 1365 2308; x_wconf 90' lang='lat'>&amp;</span> <span class='ocrx_word' id='word_1_542' title='bbox 1378 2272 1644 2315; x_wconf 87' lang='lat' dir='ltr'>determinatum,</span> <span class='ocrx_word' id='word_1_543' title='bbox 1656 2270 1756 2307; x_wconf 81' lang='lat' dir='ltr'>liber.</span> 
     </span>
     <span class='ocr_line' id='line_1_46' title="bbox 362 2324 861 2360; baseline 0.018 -7"><span class='ocrx_word' id='word_1_544' title='bbox 362 2331 461 2354; x_wconf 81' lang='lat' dir='ltr'>tatem</span> <span class='ocrx_word' id='word_1_545' title='bbox 477 2324 622 2360; x_wconf 78' lang='lat' dir='ltr'>elicimus.</span> <span class='ocrx_word' id='word_1_546' title='bbox 858 2324 861 2327; x_wconf 24' lang='lat' dir='ltr'>V</span> 
     </span>
    </p>
   </div>
   <div class='ocr_carea' id='block_1_10' title="bbox 398 2369 1753 2423">
    <p class='ocr_par' dir='ltr' id='par_1_13' title="bbox 398 2369 1753 2423">
     <span class='ocr_line' id='line_1_47' title="bbox 398 2369 1753 2423; baseline 0.001 -18"><span class='ocrx_word' id='word_1_547' title='bbox 398 2373 479 2406; x_wconf 81' lang='lat' dir='ltr'>Duae</span> <span class='ocrx_word' id='word_1_548' title='bbox 497 2370 566 2408; x_wconf 83' lang='lat' dir='ltr'>sunt</span> <span class='ocrx_word' id='word_1_549' title='bbox 580 2385 690 2409; x_wconf 85' lang='lat' dir='ltr'>autern</span> <span class='ocrx_word' id='word_1_550' title='bbox 705 2402 714 2419; x_wconf 93' lang='lat'>,</span> <span class='ocrx_word' id='word_1_551' title='bbox 738 2386 773 2410; x_wconf 87' lang='lat' dir='ltr'>ut</span> <span class='ocrx_word' id='word_1_552' title='bbox 789 2374 943 2421; x_wconf 75' lang='lat' dir='ltr'>diximus,</span> <span class='ocrx_word' id='word_1_553' title='bbox 967 2373 1059 2410; x_wconf 84' lang='lat' dir='ltr'>causae</span> <span class='ocrx_word' id='word_1_554' title='bbox 1076 2375 1240 2423; x_wconf 80' lang='lat' dir='ltr'>praecipuae</span> <span class='ocrx_word' id='word_1_555' title='bbox 1262 2385 1333 2421; x_wconf 81' lang='lat' dir='ltr'>quae</span> <span class='ocrx_word' id='word_1_556' title='bbox 1349 2372 1557 2409; x_wconf 85' lang='lat' dir='ltr'>voluntatem</span> <span class='ocrx_word' id='word_1_557' title='bbox 1574 2372 1609 2408; x_wconf 84' lang='lat' dir='ltr'>in</span> <span class='ocrx_word' id='word_1_558' title='bbox 1629 2369 1753 2407; x_wconf 83' lang='lat' dir='ltr'>bonum</span> 
     </span>
    </p>
   </div>
   <div class='ocr_carea' id='block_1_11' title="bbox 1780 770 1819 1277">
    <p class='ocr_par' dir='ltr' id='par_1_14' title="bbox 1780 770 1819 1277">
     <span class='ocr_line' id='line_1_48' title="bbox 1780 770 1819 1277; textangle 90"><span class='ocrx_word' id='word_1_559' title='bbox 1791 1267 1795 1277; x_wconf 83' lang='lat'>-</span> <span class='ocrx_word' id='word_1_560' title='bbox 1780 770 1819 1250; x_wconf 34' lang='grc' dir='ltr'>,ἑ-ῗῗῖρᾶιὰλῖῇὧψ</span> 
     </span>
    </p>
   </div>
   <div class='ocr_carea' id='block_1_12' title="bbox 1779 685 1820 714">
    <p class='ocr_par' dir='ltr' id='par_1_15' title="bbox 1779 685 1820 714">
     <span class='ocr_line' id='line_1_49' title="bbox 1779 685 1820 714; baseline 0 -19"><span class='ocrx_word' id='word_1_561' title='bbox 1779 692 1788 714; x_wconf 49' lang='grc' dir='ltr'>ι</span> <span class='ocrx_word' id='word_1_562' title='bbox 1817 685 1820 695; x_wconf 91' lang='grc'>.</span> 
     </span>
    </p>
   </div>
   <div class='ocr_carea' id='block_1_13' title="bbox 1779 719 1819 767">
    <p class='ocr_par' dir='ltr' id='par_1_16' title="bbox 1779 719 1819 767">
     <span class='ocr_line' id='line_1_50' title="bbox 1779 719 1819 767; baseline 0 -40"><span class='ocrx_word' id='word_1_563' title='bbox 1779 719 1819 767; x_wconf 40' lang='grc' dir='ltr'>ἕ,</span> 
     </span>
    </p>
   </div>
   <div class='ocr_carea' id='block_1_14' title="bbox 1790 0 1857 2687">
    <p class='ocr_par' dir='ltr' id='par_1_17' title="bbox 1790 0 1857 2687">
     <span class='ocr_line' id='line_1_51' title="bbox 1790 0 1857 2687; baseline 0 0"><span class='ocrx_word' id='word_1_564' title='bbox 1790 0 1857 2687; x_wconf 95' lang='lat' dir='ltr'> </span> 
     </span>
    </p>
   </div>
   <div class='ocr_carea' id='block_1_15' title="bbox 1799 845 1813 876">
    <p class='ocr_par' dir='ltr' id='par_1_18' title="bbox 1799 845 1813 876">
     <span class='ocr_line' id='line_1_52' title="bbox 1799 845 1813 876; baseline 0 0"><span class='ocrx_word' id='word_1_565' title='bbox 1799 845 1813 876; x_wconf 69' lang='lat' dir='ltr'>&#39;i‘</span> 
     </span>
    </p>
   </div>
  </div>
 </body>
</html>
