1857 2745
528 143 998 178 GENERATIM.
1417 157 1454 199 ⁷5

106 190 301 241 Respondcnt
310 219 318 230 ,
345 193 506 229 Naturam
520 191 697 227 humanam
712 190 772 227 ess'c
782 194 815 227 in
835 190 906 240 ipsis
916 189 1091 228 individuis
1103 187 1361 238 multiplicem&
1371 189 1456 226 divi.

74 240 140 279 fiun
156 240 365 276 materialiter
382 271 391 284 ,
409 240 463 276 seu
479 253 614 277 numero
634 258 643 284 3
661 254 727 276 non
744 241 942 286 formaliter,
979 240 1030 275 seu
1050 239 1164 289 specie.
1193 239 1242 275 Est
1260 251 1369 284 emm,
1403 243 1455 277 in-

72 292 206 338 quiunt,
218 303 280 325 una
299 289 403 340 specie
413 296 446 328 &
461 290 643 325 formaliter
658 294 690 325 in
703 289 909 339 singularibus
922 320 931 335 ,
959 304 1027 326 non
1051 288 1152 325 divisa
1166 318 1175 332 ,
1202 300 1257 323 aut
1276 289 1454 337 multiplex.

114 339 260 376 Contra:
275 353 347 376 cum
360 353 410 375 res
422 339 531 388 aliqua
540 340 694 374 dividitur
706 371 715 384 ‚
737 340 827 375 simul
840 341 871 374 id
882 353 981 375 omne
1000 340 1088 387 quod
1099 341 1187 374 idem
1202 338 1245 372 est
1258 351 1330 372 cnm
1341 351 1375 372 re
1390 339 1457 388 ipsa

75 388 248 433 dividitur,
270 395 304 426 &
322 389 553 438 multiplicatur
572 404 579 425 z
600 388 651 423 sed
666 402 776 425 natura
794 390 955 433 humana,
974 402 1045 437 qua:
1072 390 1114 422 est
1130 390 1162 422 in
1183 390 1279 422 Petro
1296 393 1329 423 &
1343 389 1455 432 Paulo,

71 437 189 473 eadem
208 439 250 472 est
260 438 389 474 realiter
402 452 477 474 cum
490 450 606 474 natura
626 441 754 476 Petri&
768 438 877 475 Pauli:
900 442 983 487 Ergo
1000 436 1106 472 divifis
1128 436 1338 485 singularibus
1357 440 1456 473 Petro

70 491 104 524 &
116 486 217 522 Paulo
228 517 237 531 ‚
255 500 364 523 natura
375 489 516 524 humana
526 490 561 523 in
572 490 610 521 iis
623 501 753 536 quoqne
771 488 927 522 dividitur
941 494 974 524 &
987 486 1231 535 multiplicatur.

107 535 173 570 Sed
183 565 192 579 ‚
207 538 373 583 inquiunt.
393 550 504 573 natura
517 538 655 572 humana
666 550 791 572 tantum
803 550 858 587 per
869 538 1017 571 accidens
1032 565 1041 579 ,
1065 549 1131 571 non
1146 547 1203 583 per
1218 534 1247 568 se
1258 564 1266 577 ‚
1285 540 1317 571 ἃ
1331 533 1460 570 forma-

70 583 185 619 literin
195 588 292 620 Petro
305 591 339 622 δέ
350 587 448 622 Paulo
456 587 613 622 dividitur
626 616 635 630 ,
653 600 691 621 ac
706 586 817 622 divisio
837 586 890 622 illa
905 587 947 621 est
961 598 1086 621 tantum
1107 583 1289 619 materialis.

105 634 291 682 Respondeo.
304 635 374 670 Esto
387 663 396 674 ,
418 639 570 684 inquam,
594 635 704 670 divisio
716 636 768 670 illa
781 635 815 671 fit
824 635 999 670 materialis
1013 664 1023 678 ,
1041 634 1105 669 hoc
1120 634 1164 668 est
1175 663 1184 677 ‚
1205 634 1224 668 ἐι
1236 634 1374 667 materia
1392 631 1457 680 ipsa

70 684 190 717 oriatur
208 700 217 726 3
237 682 271 717 sit
290 685 370 718 item
390 698 449 732 per
467 685 616 720 accidens
637 700 645 721 z
667 685 934 732 quandoquidem
955 696 1070 718 natura
1093 684 1232 718 humanm
1257 683 1383 716 ratione
1410 682 1457 716 sui

69 731 189 767 nonest
205 731 383 780 multiplex,
399 735 462 767 Sed
472 734 626 768 dividitur
639 745 748 767 tamen
760 761 769 774 ,
790 745 984 780 quocunque
1003 733 1036 766 id
1054 733 1153 766 modo
1170 732 1243 775 fiat,
1266 743 1375 778 neque
1394 743 1457 766 una

67 781 103 816 in
114 778 223 814 multis
242 778 301 814 else
320 782 442 829 potest:
459 793 493 816 ut
505 782 606 816 homo
618 783 676 829 qui
694 782 852 816 occiditur
866 794 904 816 ex
921 781 1081 816 accidenti
1099 782 1263 829 quodam,
1282 779 1385 830 reipsa
1400 793 1457 816 oc-

69 828 203 873 ciditur,
225 841 285 865 nec
303 832 397 865 vivus
414 828 475 866 else
492 830 606 879 potest.

103 876 308 915 Probatur-2⁰
319 880 480 925 conclufio.
495 882 619 915 Natura
630 892 660 915 v.
674 893 704 924 g.
725 879 863 913 humana
880 880 915 913 in
930 878 1050 926 triplici
1074 879 1157 912 statu
1181 877 1199 912 s
1217 880 1317 914 &kari
1334 879 1456 926 potest,

66 926 167 968 velut
181 928 223 961 est
238 929 273 962 in
283 928 461 963 individuis
471 957 480 970 ,
505 939 642 975 tumque
663 926 825 976 singularis
838 927 880 961 est
893 956 902 970 ,
930 932 963 964 δε
977 929 1144 962 contracta
1155 955 1165 970 ,
1185 892 1236 961 (Eu
1261 927 1454 962 omnimode

66 976 280 1012 determinata
295 1005 305 1020 ,
328 989 394 1011 non
408 975 615 1015 universalis;
640 976 695 1010 vel
718 975 891 1011 secundum
913 975 943 1010 se
959 975 978 1010 s
994 978 1137 1018 ectirur,
1156 988 1263 1022 neque
1278 974 1334 1009 sub
1352 988 1388 1010 ea
1404 988 1455 1009 ra-

68 1026 159 1058 tione
171 1024 356 1060 universalis
366 1024 427 1059 esse
443 1025 555 1073 potest.
568 1026 671 1071 Qod
687 1027 774 1058 enim
793 1027 950 1058 convenit
963 989 1136 1058 secundum
1154 1023 1183 1056 se
1199 1024 1362 1070 superiori,
1377 1037 1457 1057 con-

66 1074 158 1107 venit
171 1071 337 1108 inferiori:
356 1084 391 1107 ut
409 1075 564 1107 convenit
576 1073 703 1108 homini
715 1072 885 1107 secundum
900 1072 948 1114 se,
975 1073 1065 1118 quod
1081 1071 1117 1106 sit
1138 1071 1322 1111 rationalis,
1344 1072 1375 1105 id
1391 1073 1456 1106 uti-

65 1133 130 1169 que
144 1125 285 1158 &Petro
295 1121 458 1157 tribuitur:
475 1120 711 1171 Ergofinatura
721 1121 862 1156 humma
877 1120 1052 1155 secundum
1077 1120 1105 1155 se
1133 1118 1273 1168 speciata
1295 1119 1371 1155 effer
1387 1123 1458 1155 nni-

66 1169 197 1207 versalis
210 1200 220 1214 ,
238 1173 351 1207 Petrus
366 1184 499 1219 quoque
516 1170 593 1206 effet
613 1169 812 1206 universalis.
842 1169 906 1204 Vel
921 1170 1061 1217 denique
1080 1181 1192 1204 natura
1216 1167 1252 1203 fit
1271 1169 1456 1204 universalis

66 1232 124 1268 per
136 1232 280 1255 mentem
293 1250 303 1263 ‚
323 1233 394 1256 cum
408 1221 522 1256 eadem
541 1226 574 1256 &
593 1233 657 1255 una
675 1222 707 1254 in
732 1220 841 1254 multis
863 1220 1043 1267 concipitur
1074 1233 1081 1253 :
1111 1218 1199 1266 quod
1216 1218 1313 1253 fateri
1331 1218 1457 1253 neceffe

67 1270 129 1312 est,
148 1282 222 1304 cum
236 1268 271 1305 fit
292 1272 326 1305 in
343 1270 457 1305 multis
474 1268 574 1303 divis-1
590 1275 624 1306 δε
642 1268 825 1318 multiplex.

101 1321 236 1366 Negant
250 1319 325 1354 huic
339 1321 495 1354 axiomati
510 1321 681 1353 veritatem
693 1317 778 1352 suam
792 1316 937 1352 constare
947 1346 955 1361 ,
981 1329 1053 1351 cum
1071 1317 1191 1363 aliquid
1213 1317 1331 1351 dicitnr
1346 1317 1385 1350 de
1401 1329 1458 1351 na-

67 1379 135 1403 tura
170 1367 347 1417 superiore,
375 1369 461 1416 qnod
488 1380 646 1416 repugnat
659 1367 821 1403 inferiori.
845 1367 945 1402 Unde
960 1365 1016 1401 etsi
1035 1378 1148 1401 natura
1164 1365 1303 1399 humana
1325 1366 1368 1399 est
1386 1369 1458 1400 uni-

67 1416 197 1452 versalis
211 1446 220 1460 ,
239 1431 308 1452 non
327 1417 403 1452 hinc
420 1417 564 1465 sequitur
574 1420 705 1452 Petrum
719 1416 780 1451 effe
796 1415 1009 1451 universalem
1043 1430 1050 1451 :
1076 1416 1109 1449 id
1132 1417 1220 1449 enim
1240 1417 1287 1448 rei
1309 1413 1457 1462 singulari

69 1478 207 1514 omnino
231 1478 402 1514 repugnat.

95 1514 220 1548 Contra
233 1542 242 1556 ‚
267 1513 336 1548 fieri
346 1527 412 1549 non
422 1515 526 1562 potest
536 1526 571 1548 ut
594 1513 624 1547 id
644 1514 734 1559 quod
749 1512 808 1561 ‘per
829 1511 857 1546 se
877 1514 1033 1546 convenit
1050 1509 1201 1558 superiori
1216 1539 1225 1553 ‚
1249 1509 1456 1544 inferioribus

68 1560 124 1597 sub
141 1575 181 1596 eo
197 1564 359 1597 contentis
372 1569 532 1610 repugnet
550 1575 557 1596 :
576 1572 612 1595 ut
635 1560 656 1595 si
668 1563 824 1595 convenit
841 1560 949 1607 figurae
965 1587 973 1601 ,
997 1561 1087 1606 quod
1106 1561 1246 1594 termino
1270 1558 1320 1593 vel
1343 1560 1458 1592 termi-

68 1612 118 1646 nis
131 1609 320 1657 quibusdam
330 1609 366 1645 sit
387 1608 637 1659 comprehensa,
656 1610 689 1643 id
701 1611 816 1656 utique
830 1614 863 1645 &
877 1607 996 1641 circulo
1016 1614 1049 1645 &
1066 1609 1245 1656 triangulo,
1276 1614 1308 1644 ὅ(
1328 1608 1457 1654 quadri-

68 1659 172 1694 latero
185 1661 228 1692 ita
241 1661 416 1695 conveniet
431 1688 440 1703 ,
461 1671 497 1693 ut
509 1657 588 1693 nulli
604 1656 712 1707 fi'gurae
733 1655 829 1706 possit
850 1668 1038 1704 repugnare.
1052 1660 1132 1694 Non
1154 1656 1292 1693 diffimili
1312 1658 1457 1697 ratione,

68 1707 89 1742 s1
102 1707 212 1742 circuli
223 1719 333 1742 natura
345 1707 521 1743 secundum
538 1706 567 1742 se
582 1707 626 1741 est
636 1705 821 1742 universalis
834 1734 843 1749 ,
868 1705 922 1740 hic
939 1707 1074 1743 circulus
1085 1735 1095 1750 ‚
1110 1718 1208 1754 quem
1225 1705 1357 1741 delineo
1369 1734 1379 1749 ,
1398 1708 1460 1740 etit

68 1756 253 1793 universalis
267 1771 275 1793 ε
292 1758 381 1804 quod
397 1758 534 1792 omnino
549 1757 591 1791 est
608 1755 786 1792 absurdum.

107 1809 152 1842 Ex
169 1805 286 1854 quibus
304 1807 409 1854 liquet
429 1806 573 1842 formam
590 1805 794 1850 universalis,
820 1819 892 1855 quae
911 1805 1131 1842 universalitas
1149 1804 1264 1838 dicitur
1277 1832 1287 1845 ,
1308 1802 1389 1836 nulli
1411 1805 1460 1836 rei

67 1857 242 1891 convenire
255 1869 344 1892 :cnm
359 1868 408 1890 res
418 1867 530 1891 omnes
548 1853 607 1890 sint
621 1855 788 1904 singulares
805 1873 813 1899 ;
828 1869 899 1890 cum
915 1867 1027 1893 natura
1048 1864 1182 1902 quaeque
1205 1850 1242 1885 sit
1267 1854 1299 1886 in
1319 1849 1388 1898 ipfis
1403 1851 1461 1885 'in-

71 1905 211 1940 dividuis
227 1904 402 1954 multiplex
417 1935 426 1948 ,
445 1918 510 1940 non
521 1916 584 1940 una
602 1921 611 1947 ·,
633 1917 670 1938 ac
688 1906 952 1940 naturaliumana
964 1917 1035 1952 mg.
1054 1902 1089 1937 fit
1101 1904 1215 1938 eadem
1235 1901 1363 1934 nemine
1372 1902 1458 1948 cogi.

71 1965 160 1990 tante
183 1967 257 1989 cum
277 1966 389 1989 natura
407 1957 493 1990 Petri
505 1983 514 1997 ‚
537 1966 603 1988 non
623 1956 739 1989 entitas
758 1953 907 2001 qnaedam
921 1952 962 1986 ab
981 1964 1020 1986 ea
1038 1952 1205 1994 distiiid'ta3
1224 1962 1295 1984 cum
1317 1948 1458 1995 demque

71 2002 157 2037 nulla
167 2015 281 2038 natura
292 2002 328 2038 sit
343 2002 516 2039 secundum
533 2001 563 2038 se
583 2002 788 2047 universalis,
812 2003 864 2037 sed
884 2000 926 2037 ab
946 2001 1117 2038 intellectu
1136 2011 1261 2036 tantum
1284 1999 1351 2033 haec
1366 1997 1459 2033 velut

74 2051 181 2087 forma
206 2054 238 2087 ei
255 2053 424 2088 tribuatur.

555 2100 768 2147 Respondemr
792 2098 1024 2141 olvscflionibus.

113 2153 192 2198 Qo
205 2150 333 2186 facilius
345 2181 353 2194 ,
374 2164 445 2199 quae
459 2149 501 2185 ab
511 2149 698 2184 adversariis
715 2161 924 2199 opponuntur
941 2178 949 2192 ,
967 2147 1046 2183 solvi
1064 2147 1180 2195 possint
1191 2176 1200 2190 ‚
1212 2148 1272 2181 tria
1282 2145 1372 2188 sunt,
1386 2157 1458 2192 quae

71 2199 247 2234 meminiffe
265 2212 408 2248 oportet.
434 2202 576 2236 Primum
590 2210 737 2234 naturam
770 2198 940 2234 secundum
957 2197 986 2232 se
1012 2197 1185 2246 spectatam
1200 2194 1260 2230 effe
1278 2196 1459 2243 proximam

71 2247 256 2284 universalis
266 2252 435 2285 materiam
447 2279 455 2291 ,
475 2261 572 2296 atque
589 2278 598 2293 ‚
620 2261 657 2283 ut
670 2249 773 2291 aiunt,
797 2249 1044 2283 fundamentum
1059 2243 1264 2282 universalis:
1287 2243 1339 2278 sed
1351 2255 1385 2278 ut
1396 2255 1460 2278 una

71 2297 105 2330 ΞΠ
120 2296 228 2330 multis
250 2301 473 2347 concipiatur,
497 2311 568 2346 quae
589 2298 632 2332 est
657 2298 843 2333 universalis
861 2298 968 2332 forma
982 2326 991 2340 ‚
1014 2296 1076 2330 hoc
1099 2292 1257 2329 habit-ab
1281 2292 1458 2328 intellectu.

71 2352 112 2380 2⁰.
133 2347 290 2381 Naturam
312 2350 344 2383 in
361 2348 469 2383 multis
483 2348 661 2382 individuis
677 2358 772 2381 unam
792 2346 851 2383 effe
873 2348 996 2381 unitate
1017 2343 1277 2386 conformitatis,
1297 2354 1332 2376 ut
1351 2344 1458 2384 aiunt,

69 2406 135 2430 non
147 2395 292 2430 entitatis
308 2410 315 2431 :
332 2398 414 2433 adeo
429 2408 465 2433 ut
483 2395 538 2432 illa
557 2398 661 2433 unitas
681 2395 717 2432 sit
743 2409 868 2434 tantum
890 2394 1104 2432 similitudinis
1119 2391 1296 2441 enjusdam,
1320 2389 1458 2429 &valde

1214 2445 1243 2478 Κ
1266 2442 1287 2490 ij
