1857 2745
347 147 419 174 «622
799 138 1273 176 METAPHYSICAE

360 186 434 219 ditm
447 213 456 227 ‚
468 188 709 221 ratiocinatione
728 189 898 231 nimirum3
913 187 1024 221 illaad
1038 188 1222 225 videndum.
1244 190 1308 224 Sed
1323 192 1419 225 tutius
1441 201 1550 225 tamen
1567 193 1609 227 est
1632 204 1668 229 nt
1686 203 1738 229 ram*

360 237 484 268 tionem
500 247 630 268 omnem
644 234 700 278 ,sic
712 237 996 271 ratiocinationem
1012 236 1113 271 bestiis
1132 238 1317 282 detrahere,
1331 249 1366 274 ut
1379 239 1463 274 infra
1479 252 1552 274 cum
1567 240 1608 274 de
1626 246 1738 291 cogni-

361 284 449 316 tione
468 281 635 317 brutorum
653 296 783 333 agemus
804 283 1009 333 diligentius,
1022 285 1225 334 probabitur.
1258 291 1458 336 Quanquam
1473 288 1544 322 huic
1562 292 1671 337 potius
1691 291 1736 326 as<

359 330 490 364 sentiret
506 332 672 368 sententiae
688 346 786 381 quam
805 336 938 369 eximius
952 347 1023 368 cum
1040 338 1167 369 viveret
1187 337 1398 385 Philolophus
1421 342 1453 373 &
1469 338 1620 372 Medicus
1636 342 1680 374 D.
1695 340 1737 374 de

357 379 387 413 la
404 379 572 415 Chambre
587 394 700 426 tuetur,
718 384 751 417 in
771 381 870 417 brutis
891 384 967 417 rude
986 384 1151 430 quoddam
1173 384 1451 420 eiseiratiocinium
1468 390 1549 420 circa
1570 399 1619 421 res
1633 391 1736 436 parti,-

356 428 474 462 culares
487 459 495 472 ,
512 435 545 466 δε
558 430 843 478 seiifibile5‚quani
865 430 1030 475 canesio,
1047 435 1100 480 qui
1120 444 1158 466 ea
1177 437 1472 482 omnicognitione
1487 440 1520 471 δε
1543 434 1628 471 sensu
1652 438 1736 472 mul-

358 479 435 512 Crat.
456 481 542 513 Nam
555 485 587 516 δε
601 480 707 515 futura
720 481 895 528 praevidere
906 510 915 524 ‚
931 487 970 518 δι
985 483 1092 518 media
1102 494 1170 528 quae
1183 484 1223 518 ad
1242 482 1341 517 finem
1359 484 1498 526 ducunt,
1514 485 1661 519 conferre
1674 515 1684 529 ,
1700 491 1735 523 &

355 525 538 561 deliberare
546 529 786 575 quodammodo
802 530 960 566 videntur.
977 531 1096 577 Neque
1105 533 1190 565 canis
1202 531 1394 567 inmensam
1405 561 1413 574 ‚
1425 531 1445 566 fi
1456 532 1551 566 altior
1560 531 1594 567 fit.
1605 562 1615 576 ,
1627 534 1735 569 statim

355 575 446 608 exilit
459 605 467 618 ‚
487 575 536 610 sed
550 580 689 625 primum
717 581 748 613 in
765 581 944 627 proximam
959 579 1143 614 cathedram
1155 609 1166 623 ,
1183 579 1256 614 hinc
1274 583 1308 616 in
1330 581 1472 615 mensam
1490 580 1641 618 ascendit.
1667 587 1735 618 Ve-

352 635 421 658 rum
433 625 508 658 illud
526 629 683 675 ratiocinij
708 639 763 662 aut
772 627 1015 666 deliberationis
1030 631 1131 677 magis
1148 627 1425 677 u1nbravquaedam
1442 630 1595 677 estquam
1621 644 1732 667 vetum

351 675 554 708 ratiocinium
568 705 577 718 ,
603 677 689 723 quod
706 690 772 712 non
796 678 879 711 adeo
910 677 1047 725 angustis
1069 676 1183 712 finibus
1202 680 1388 721 coercetur,
1408 677 1460 713 sed
1482 680 1732 726 cogitationibus

352 719 450 769 longe
466 722 704 759 sublimioribus
716 729 901 760 continetur
915 755 923 767 ‚
944 739 1078 773 quarum
1088 726 1159 760 aliae
1174 725 1242 760 aliis
1261 727 1330 762 sunt
1342 740 1502 763 connexae.
1521 729 1573 761 §ic
1586 728 1658 763 felis
1669 729 1732 777 spi-

351 771 467 805 rituum
483 785 574 808 motu
589 775 628 807 ad
641 774 804 822 agendum
816 774 1012 822 impellitur:
1034 787 1104 810 cum
1133 775 1214 810 satur
1228 776 1273 810 est
1293 804 1302 819 ,
1321 778 1345 809 is
1373 778 1582 822 venationem
1603 790 1730 814 murum

351 831 417 853 non
444 820 555 868 eligit,
589 821 643 858 nisi
663 825 740 857 novi
761 823 885 871 obJet-‘Jti
913 823 1076 859 occasione
1096 825 1233 872 quadam
1253 854 1263 868 ‚
1283 836 1337 859 aut
1364 824 1427 858 alia
1459 827 1731 861 determinatione

348 870 527 912 excitetur3
545 872 640 919 idque
652 883 718 906 tam
727 871 833 906 subito
843 901 853 916 ‚
872 878 904 909 &
919 885 984 908 tam
999 874 1299 921 praecipitiquadam
1313 875 1436 907 ratione
1447 872 1594 916 efficitur,
1612 886 1646 909 ut
1656 875 1731 910 nul-

339 914 395 950 .lus
409 916 443 951 fit
459 918 701 963 deliberationi,
714 932 770 955 aut
786 921 943 956 elecffioni
959 922 1058 957 locus.
1077 922 1188 957 Potest
1201 921 1419 969 quidemfelis
1433 922 1519 956 idem
1537 922 1605 957 fere
1621 936 1729 972 agere,

347 976 446 1012 atque
459 967 563 1003 infans
582 969 730 1012 molitur,
754 983 826 1004 cum
844 983 917 1005 eum
937 970 1070 1005 avicula:
1091 970 1227 1005 insidiari
1243 972 1387 1006 videmus
1406 985 1414 1005 :
1440 971 1606 1018 cognoscit
1638 975 1725 1008 enim

337 1015 436 1060 iqnod
448 1016 518 1051 vult
527 1018 646 1062 facere,
657 1017 711 1054 suo
721 1031 854 1068 quoque
865 1020 965 1054 modo
977 1021 1188 1055 ratiocinatur
1200 1048 1210 1062 ,
1225 1018 1347 1056 tametsi
1363 1020 1506 1055 nondum
1518 1022 1651 1056 rationis
1669 1020 1723 1056 usu

345 1064 491 1100 donetur.

379 1113 456 1157 Jam
471 1113 603 1149 affeetus
618 1117 670 1164 ipsi
681 1120 711 1152 in
726 1118 831 1153 bestiis
845 1131 880 1154 ut
892 1122 925 1153 in
942 1117 1127 1153 hominibus
1139 1117 1210 1153 sunt.
1227 1117 1396 1165 conspicui,
1412 1129 1517 1163 neque
1529 1119 1551 1150 ii
1568 1118 1649 1151 citra
1669 1124 1727 1153 co-'

334 1162 525 1206 ,gnitionem
539 1164 598 1198 esse
609 1165 743 1212 polsunt.
763 1168 853 1213 Qid
867 1170 954 1203 enim
971 1169 1105 1215 cupiunt
1120 1195 1129 1209 ‚
1147 1178 1202 1201 aut
1220 1177 1369 1202 metuunt
1384 1195 1393 1208 ,
1418 1165 1471 1199 nili
1496 1165 1618 1200 bonum
1629 1195 1639 1209 ‚
1667 1179 1724 1202 aut

345 1207 465 1244 malum
483 1213 655 1249 imminens
669 1220 701 1250 ὃ(
711 1219 884 1263 cognitum.
895 1243 898 1246 Δ
908 1216 1007 1261 Qod
1021 1227 1099 1248 vero
1112 1213 1270 1261 paffiones
1288 1226 1399 1248 omnes
1417 1226 1458 1248 ex
1479 1212 1545 1248 solo
1560 1213 1724 1262 spirituum

344 1268 437 1291 motu
453 1287 461 1301 ‚
477 1273 542 1294 non
553 1260 595 1294 ab
608 1264 720 1296 anima.
752 1264 871 1298 endere
886 1263 1086 1298 contendunt
1098 1292 1107 1305 ‚
1123 1264 1154 1296 id
1172 1266 1310 1298 minime
1333 1264 1538 1297 concedimus
1553 1277 1559 1297 :
1573 1275 1648 1297 nam
1667 1276 1723 1298 ca-

343 1307 391 1339 nis
404 1305 515 1342 herum
528 1320 594 1342 tam
611 1276 752 1345 animose
764 1325 830 1353 non
841 1312 1032 1345 defenderer.
1046 1340 1054 1354 ‚
1071 1310 1091 1345 si
1109 1314 1198 1346 omni
1214 1313 1402 1359 cognitione
1420 1311 1721 1347 destituereturzaf-

341 1353 445 1387 fectus
457 1355 478 1389 ἐι
495 1359 643 1391 motione
657 1369 812 1407 corporea
823 1388 833 1402 ,
847 1371 902 1393 aut
916 1359 1076 1407 spirituum
1088 1362 1265 1407 agitatione
1276 1361 1398 1393 initium
1418 1360 1559 1402 ducunv,
1573 1359 1624 1394 scd
1644 1372 1720 1395 cum

340 1401 396 1436 illa
411 1407 590 1440 commotio
600 1406 639 1439 ad
654 1408 797 1442 animam
810 1410 959 1456 pervenit.
972 1436 976 1441 .
990 1413 1024 1444 &
1039 1406 1080 1441 ab
1095 1420 1131 1441 ea
1151 1406 1350 1456 cognoscitur
1363 1435 1372 1449 ‚
1386 1418 1462 1441 'tum
1479 1405 1531 1440 sna
1546 1409 1642 1441 utitur
1663 1421 1719 1443 co..

338 1454 488 1501 gnitione
498 1483 506 1497 ,
525 1467 560 1489 ut
576 1455 725 1502 exploret
738 1457 840 1490 media
855 1462 889 1492 &
903 1459 1044 1491 rationes
1057 1455 1175 1504 quibus
1193 1456 1326 1491 affestus
1341 1455 1405 1503 ipse
1417 1454 1582 1502 expleatur
1596 1468 1681 1498 3tum
1694 1459 1720 1492 ii

338 1502 509 1549 sequuntur
518 1506 658 1551 corporis
679 1517 786 1540 motus
802 1534 812 1549 ,
828 1507 882 1553 qui
897 1508 975 1540 citra
996 1507 1238 1553 perceptionem
1250 1504 1389 1552 intelligi
1410 1506 1542 1538 minime
1560 1504 1693 1552 poffunt.

386 1551 472 1586 Cum
485 1553 621 1586 castores
647 1554 872 1589 inCanadenfi
884 1554 1015 1603 regione
1036 1554 1298 1589 instantehieme
1318 1565 1382 1587 tam
1396 1551 1526 1586 solerter
1544 1554 1658 1588 domos
1677 1567 1718 1591 ex

338 1601 434 1634 ramis
452 1600 602 1636 arborum
613 1614 759 1638 extruunt
769 1616 871 1651 prope
888 1604 1026 1638 fontium
1038 1605 1176 1652 origines
1189 1620 1198 1646 3
1218 1616 1290 1637 cum
1308 1602 1429 1637 molem
1445 1614 1536 1648 aquae
1554 1602 1716 1649 profluen-

338 1651 362 1683 ti
375 1662 543 1697 opponunt
556 1680 564 1694 ‚
578 1662 614 1685 ut
627 1654 658 1686 in
678 1652 776 1701 stagni
795 1653 929 1687 modum
943 1651 1076 1695 sistatur-3
1087 1665 1159 1686 cum
1172 1653 1268 1687 duces
1283 1651 1402 1686 instant
1418 1652 1529 1698 operi,
1543 1656 1577 1686 &
1592 1653 1714 1687 tardio-

336 1710 384 1732 res
399 1699 569 1734 verberant
582 1714 588 1734 :
600 1712 641 1735 an
651 1700 736 1735 forte
753 1702 817 1736 haec
834 1704 942 1736 omnia
951 1703 1031 1735 citra
1041 1701 1140 1735 ullam
1152 1703 1373 1749 cognitionem
1383 1729 1393 1743 ,
1405 1711 1458 1733 aut
1478 1697 1598 1734 sensum
1616 1700 1714 1748 perfi-

337 1749 482 1784 ciuntur?
494 1749 608 1783 eodem
622 1750 753 1796 quidem
765 1751 863 1786 modo
876 1763 989 1785 omnes
1001 1752 1085 1784 ceeia
1097 1749 1145 1783 sua
1162 1751 1194 1783 in
1219 1750 1291 1784 loco
1312 1749 1406 1795 paulo
1423 1747 1591 1782 accliviore
1608 1749 1711 1784 aedifi-

338 1796 570 1839 cani-‚tabulatis
582 1810 618 1832 ea
637 1798 851 1843 distinguunt,
866 1799 1007 1846 oblonga
1029 1797 1193 1846 spiracula,
1203 1811 1267 1845 quo
1285 1797 1386 1832 subire
1400 1795 1492 1844 poffit
1505 1798 1558 1830 a'c'r
1569 1826 1578 1839 ‚
1592 1799 1623 1831 in
1637 1810 1710 1844 par-

335 1855 368 1878 te
387 1844 508 1880 summa
523 1846 705 1893 relinquunt
719 1838 792 1891 {sub
806 1860 923 1895 aquam
934 1860 1006 1881 cum
1019 1859 1098 1894 opus
1117 1848 1158 1880 est
1171 1877 1179 1887 ,
1195 1846 1224 1881 se
1240 1849 1408 1894 recipiunt:
1419 1846 1516 1890 idque
1536 1847 1708 1884 manifeste

334 1893 453 1940 probat
470 1908 535 1929 non
560 1898 692 1943 proprio
706 1899 856 1944 ingenio,
871 1910 937 1931 non
951 1898 1126 1930 ratiociniis
1137 1924 1145 1937 ‚
1167 1895 1217 1930 sed
1230 1896 1377 1930 instinCtn
1394 1893 1434 1927 ab
1451 1893 1596 1927 Auzhore
1611 1906 1706 1928 natu-

334 1954 377 1974 τε
400 1955 534 1991 accepto
546 1945 584 1976 ad
597 1937 755 1992 agendum
775 1943 970 1994 eosvimpelli
988 1960 994 1981 :
1011 1956 1126 1979 vetum
1140 1947 1217 1979 citra
1239 1944 1380 1991 aliquam
1400 1944 1622 1990 cognitionem
1638 1942 1707 1978 haec

335 1989 404 2024 ficri
429 2006 492 2027 non
505 1991 590 2040 poise
608 1989 810 2030 crediderim.
1130 1992 1134 1996 ”
1596 2040 1600 2046 ,

366 2042 417 2074 An
436 2041 522 2075 forte
536 2041 631 2076 nobis
641 2056 835 2091 argumenta
849 2043 1021 2091 quaerenda
1040 2042 1110 2077 sunt
1125 2042 1242 2090 quibus
1258 2037 1637 2093 Detfiladeamlss.bestlas
1651 2052 1706 2075 ex·

330 2091 449 2124 >teriore
461 2095 494 2126 &
512 2092 665 2124 interiore
680 2091 767 2126 sensu
778 2122 786 2136 ‚
798 2106 835 2126 ac
853 2095 1009 2127 memoria
1023 2092 1156 2126 donari?
1172 2094 1221 2127 An
1235 2091 1334 2126 asinus
1348 2102 1420 2124 cuni
1440 2088 1481 2141 est
1505 2099 1536 2121 in
1549 2090 1704 2136 praecipiti

330 2136 404 2172 ioco
418 2168 426 2181 ,
448 2152 508 2173 nec
524 2138 710 2176 verberibus
733 2153 943 2190 promovetur
955 2170 965 2184 ,
983 2139 1073 2175 nullo
1086 2139 1319 2189 periculiJsensu
1329 2169 1339 2184 ,
1354 2136 1445 2172 nullo
1459 2147 1577 2170 timore
1589 2141 1702 2172 mortis

332 2184 466 2222 afficitur
481 2198 492 2223 ἒ

369 2238 459 2284 Qid
482 2238 522 2271 de
539 2242 694 2274 memoria
706 2240 809 2274 dicam
825 2269 834 2283 ,
851 2250 967 2288 quanta
982 2238 1026 2271 est
1041 2239 1071 2272 in
1085 2241 1172 2285 equis
1184 2267 1193 2281 ‚
1209 2241 1240 2273 in
1260 2235 1390 2271 canibus
1407 2265 1416 2278 ‚
1436 2237 1466 2269 in
1486 2234 1603 2268 simiis?
1622 2237 1701 2291 ΗΑΓ

332 2284 402 2319 bem
418 2289 499 2320 enim
515 2315 520 2324 ‚
536 2316 545 2330 ,
564 2290 668 2335 inquit
679 2292 759 2336 Aug.
771 2288 790 2324 1.
805 2304 846 2324 io.
861 2311 867 2317 -
883 2285 1129 2323 Confeffionum
1147 2300 1173 2322 c.
1189 2301 1232 2321 10.
1254 2286 1432 2318 memoriam
1455 2286 1492 2317 cv*
1506 2294 1618 2331 pecora
1633 2310 1640 2319 ‚
1658 2291 1697 2317 &⁶

332 2346 407 2367 aves
422 2362 426 2369 ,
440 2335 559 2381 alioqui
570 2351 628 2371 min
642 2328 895 2379 cubilianidoffise
906 2346 1093 2383 repeterent,
1108 2349 1168 2369 non
1181 2335 1248 2369 alia
1263 2334 1363 2367 mults:
1382 2331 1492 2379 quibus
1511 2332 1675 2377 assuescunt
1685 2347 1696 2364 .-

330 2394 427 2426 neqne
439 2387 518 2419 enim
531 2387 690 2433 afflustcre
699 2380 846 2422 valerent
867 2386 942 2420 ullis
964 2383 1053 2418 rebus
1072 2384 1193 2432 n'fiper
1206 2384 1394 2416 memoriam.
1417 2381 1479 2415 Sed
1492 2380 1599 2415 frustra
1619 2390 1697 2414 tem,
