1857 2745
336 119 394 157 186
882 111 1153 148 LOGICAE

338 170 418 205 licet
431 180 497 204 non
510 162 740 215 persuadeant,
757 172 868 197 tamen
882 161 977 197 turba
994 161 1107 198 valent
1118 191 1128 206 ‚
1150 168 1184 200 &
1203 159 1294 198 simul
1311 159 1443 209 sumptae
1465 161 1748 202 demonstrationis
1771 153 1774 157 .

339 231 422 269 pene
445 219 511 252 vim
527 214 660 250 habent.
683 214 831 248 Maxime
847 225 921 247 cum
938 211 1185 249 verisimilitudo
1201 226 1268 248 non
1291 211 1356 247 sola
1377 211 1522 247 sensuum
1540 212 1749 262 impressione

338 270 452 305 nititur
467 293 475 304 ,
501 277 569 313 quae
578 261 728 298 assensum
740 263 880 298 nostrum
893 274 1086 310 extorqueat
1098 265 1199 312 magis
1218 275 1258 297 ex
1268 260 1389 299 affeetu
1400 263 1545 310 quodam
1557 269 1589 300 ὃς
1604 276 1749 313 propen⁴

338 317 427 354 sione
441 313 580 352 naturali
599 342 608 357 ,
629 311 729 360 quarn
745 325 783 348 ex
801 314 848 347 rei
872 311 966 362 ipsius
988 313 1166 348 evidentia.
1198 313 1261 347 Sed
1288 311 1348 347 ubi
1374 311 1621 348 verisimilitudo
1641 326 1749 362 quan·
1787 301 1795 320 ³

339 369 417 402 dam
438 377 503 414 prae
523 363 553 399 se
571 363 636 398 fert
653 365 799 398 veritatis
819 364 1020 412 imaginem,
1039 375 1077 397 ea
1099 375 1165 398 non
1191 363 1235 397 est
1253 363 1502 398 contemnenda.
1544 365 1749 411 Qanquam

339 417 478 451 omnino
499 411 638 449 assentiri
654 425 720 448 non
730 411 889 448 debemus
904 442 914 457 ,
939 413 1017 448 dum
1039 424 1109 448 rem
1121 415 1186 448 acri
1209 418 1243 450 &
1266 423 1396 447 attento
1410 413 1521 448 animo
1545 411 1641 447 simus
1667 425 1749 447 con-

339 464 514 514 templati:
542 464 626 498 adeo
643 474 679 498 ut
692 464 816 499 animus
834 463 874 497 ad
897 461 1131 499 assentiendum
1151 462 1295 511 quodam
1319 461 1408 497 sensu
1430 463 1549 497 intimo
1562 490 1573 504 ,
1605 467 1640 499 δε
1661 459 1750 510 quasi

339 527 458 552 naturae
478 512 570 564 ipsius
590 525 671 549 voce
689 513 924 562 compellatur3
941 526 979 548 ac
996 515 1123 548 tatione
1146 512 1218 557 sua,
1237 524 1292 547 aut
1312 511 1465 546 libertate
1481 510 1567 546 male
1581 510 1705 546 usurum
1719 509 1751 546 se

336 564 476 608 sentiat,
489 562 546 599 nisi
559 566 627 607 rei,
642 575 742 610 quam
757 563 852 612 plane
868 569 901 601 ὅ(
914 576 951 598 ex
963 565 1055 599 omni
1076 575 1168 612 parte
1187 561 1356 611 conspexit
1367 590 1376 604 ,
1394 559 1589 596 assentiatur.
1606 563 1645 596 Et
1662 571 1753 595 certe

338 627 412 650 cum
427 614 531 663 plures
549 613 628 648 locis
638 611 743 656 distiti,
758 616 880 662 quique
896 616 980 648 inter
995 612 1025 648 se
1040 614 1220 648 convenire
1234 625 1301 647 non
1319 621 1498 659 potuerunt
1508 639 1517 653 ‚
1528 622 1598 645 rem
1611 609 1751 645 eandem

337 676 469 700 narrant
479 676 553 698 cum
573 662 726 699 omnibus
738 663 985 699 circumstantiis
999 693 1008 707 ‚
1027 674 1094 699 tum
1114 674 1269 710 magnum
1286 661 1333 695 est
1355 662 1502 695 veritatis
1513 670 1754 709 argumentum.

338 715 489 762 Cumque
502 713 535 747 id
547 715 579 748 in
597 712 880 747 observationibus
902 711 1039 759 physicis
1050 741 1059 755 ‚
1077 724 1134 746 aut
1151 711 1390 747 mathematicis
1405 711 1524 744 accidit
1539 738 1549 753 ,
1578 721 1645 744 tum
1659 709 1754 744 instar

337 766 486 799 veritatis
500 764 611 811 primae
623 761 656 795 id
669 760 791 795 factum
806 759 994 796 habendum
1009 762 1052 796 est
1071 774 1079 796 :
1098 760 1169 796 fieri
1186 763 1276 795 enim
1300 772 1367 794 non
1389 759 1497 807 potest
1512 787 1523 803 ,
1545 760 1626 807 quin
1640 770 1690 793 res
1708 759 1755 793 ita

339 825 376 848 ut
390 824 551 856 narratur,
573 810 615 845 ab
630 811 668 844 iis
679 823 745 845 non
761 810 859 845 fuerit
871 809 1049 846 observata.

379 870 414 898 20
431 864 479 899 Ac
493 862 533 896 de
552 861 805 909 praecipitatione
819 860 955 907 quidem
966 861 1123 896 haetenus
1139 874 1147 896 ε
1166 872 1252 896 nunc
1268 859 1308 893 de
1326 857 1513 907 praejudiciis
1524 886 1533 900 ,
1553 855 1641 892 unde
1664 866 1755 892 tanta

337 913 373 948 in
383 912 509 962 judiciis
533 910 649 946 nostris
670 911 773 943 oritur
790 907 981 957 perversitas
994 939 1004 953 ‚
1027 908 1120 945 fufius
1145 906 1223 944 esset
1238 905 1475 950 differendum,
1491 905 1548 942 nisi
1566 906 1608 939 de
1625 907 1663 940 iis
1688 909 1755 953 jam

339 960 443 997 multa
453 959 475 995 ὲ
485 958 582 995 nobis
596 958 778 993 identidem
788 958 875 994 dieta
892 956 992 994 essent
1002 987 1012 1001 ,
1027 963 1063 995 &
1075 957 1243 1006 explicata.
1262 956 1489 1000 Praejudicium
1508 955 1571 990 hoc
1586 953 1661 990 loco
1675 955 1757 989 dici.

342 1023 413 1047 mus
426 1011 643 1056 anticipatum
653 1007 819 1054 quoddam
835 1008 993 1057 judicium
1005 1021 1044 1043 ex
1056 1006 1201 1044 sensuum
1216 1005 1423 1055 impreffione
1440 1017 1561 1040 ortum.
1590 1005 1670 1040 Hoc
1688 1005 1756 1039 uti.

341 1058 571 1108 quejudicium
583 1055 625 1091 εὸ
635 1056 752 1090 fortius
764 1057 830 1099 est,
845 1055 933 1104 quod
943 1056 984 1091 ab
1000 1059 1133 1091 ineunte
1151 1067 1245 1091 aetate
1260 1055 1452 1091 adoleverit.
1473 1056 1545 1090 Nos
1569 1055 1656 1089 enim
1676 1063 1756 1088 ante
1805 1082 1808 1086 .

340 1108 477 1157 plenum
488 1107 621 1140 rationis
637 1103 727 1139 usum
744 1103 873 1139 infinita
888 1116 973 1152 pene
989 1105 1107 1153 judicia
1121 1107 1257 1140 omnino
1269 1103 1450 1140 inconsulta
1467 1103 1603 1139 fecimus
1625 1131 1635 1146 ,
1651 1112 1757 1150 eaque

342 1170 417 1192 cum
431 1166 522 1191 aetate
534 1156 629 1189 austa
648 1152 721 1187 sunt
735 1155 838 1201 magis
851 1159 885 1191 δέ
895 1153 1135 1202 firmata,quiim
1148 1154 1424 1190 emendatatadeo
1433 1164 1470 1188 ut
1480 1157 1546 1203 jam
1558 1151 1650 1189 velut
1665 1164 1756 1187 corn-

345 1218 459 1242 munes
481 1204 627 1252 quaedam
659 1203 812 1238 notiones
834 1202 876 1239 ab
897 1202 961 1252 ipsa
983 1216 1098 1239 natura
1116 1204 1235 1239 haustae
1253 1233 1262 1247 ‚
1282 1204 1383 1252 longo
1399 1202 1453 1237 usu
1472 1208 1506 1239 &
1527 1201 1758 1237 consuetudine
1810 1206 1814 1217 “

345 1254 569 1305 comprobatae
584 1252 765 1288 habeantur
779 1282 787 1296 ,
815 1251 932 1301 quibus
947 1252 1098 1288 obsistere
1115 1253 1208 1289 nefas
1224 1251 1285 1288 esse
1301 1253 1472 1289 credimus.
1491 1254 1582 1287 Hinc
1603 1251 1686 1286 adeo
1705 1250 1758 1286 fa-

348 1307 438 1341 &um
456 1304 500 1388 es}
515 1332 524 1347 ‚
540 1314 576 1338 ut
596 1315 667 1352 qua:
679 1303 806 1337 animus
816 1314 867 1338 tot
876 1303 1004 1353 judiciis
1024 1305 1170 1352 repetitis
1187 1303 1346 1354 ‘Judicavit
1360 1330 1370 1346 ‚
1396 1304 1432 1336 iis
1448 1302 1757 1350 majoripertinacia

348 1355 476 1390 adhaere
491 1365 552 1390 cat.

380 1407 420 1439 Et
430 1404 566 1452 quidem
581 1404 830 1452 anticipationes
846 1401 889 1436 ab
908 1400 974 1450 ipsa
993 1413 1111 1437 natura
1125 1403 1310 1451 congenitae
1322 1429 1331 1444 ‚
1349 1398 1450 1448 qualis
1475 1400 1517 1434 est
1539 1399 1760 1449 intelligentia

350 1455 583 1502 principiorum
598 1482 607 1496 ‚
633 1453 718 1487 adeo
736 1453 868 1486 veritati
889 1463 956 1486 non
971 1450 1092 1487 obsunt
1109 1481 1119 1494 ‚
1139 1463 1173 1486 ut
1194 1450 1275 1486 nihil
1300 1452 1400 1499 magis
1422 1448 1531 1498 prosit.
1556 1449 1640 1496 Qis
1656 1452 1761 1488 enim,
1813 1447 1845 1499 22·ss

350 1505 458 1549 inquit
468 1500 613 1537 Velleius
625 1502 708 1549 apud
718 1499 862 1536 Tullium
877 1528 888 1542 ‚
905 1513 965 1534 non
975 1499 1145 1545 habetfine
1165 1500 1308 1534 doHrina
1316 1501 1581 1547 anticipationem
1593 1498 1760 1545 quandam

350 1551 480 1586 deorum
492 1552 507 1583 ?
525 1552 634 1598 Atque
651 1562 784 1585 utinens
798 1550 909 1597 primis
926 1545 1114 1584 assentiatur
1125 1550 1292 1598 principiis
1308 1576 1318 1591 ,
1333 1549 1495 1583 rationem
1510 1546 1630 1582 nullam
1646 1547 1762 1582 redde-

351 1613 386 1635 re
402 1599 627 1649 compellitur:
647 1598 735 1635 sensu
753 1600 841 1634 enim
853 1598 997 1647 quodam
1016 1600 1135 1634 intimo
1150 1611 1188 1633 ea
1203 1599 1412 1646 percipimus.
1435 1597 1499 1633 Sed
1520 1596 1669 1632 infantiae
1683 1607 1762 1644 prae·

349 1650 488 1699 judicia,
509 1655 542 1686 &
562 1651 813 1698 anticipationes
827 1648 888 1684 illae
901 1660 972 1695 quae
990 1646 1010 1683 ὲ
1029 1646 1175 1683 sensuum
1206 1647 1440 1683 informatione
1453 1646 1594 1694 quadam
1607 1645 1731 1682 fluxere
1748 1673 1761 1690 ,

351 1698 546 1747 plerumque
559 1711 617 1734 nos
629 1701 663 1734 in
673 1711 813 1734 errorem
823 1699 977 1734 inducunt
995 1711 1003 1732 :
1025 1710 1093 1733 non
1104 1697 1194 1744 quod
1208 1695 1312 1732 sensus
1327 1695 1444 1732 fallant
1458 1708 1516 1745 per
1527 1693 1589 1730 sese
1599 1723 1611 1740 ‚
1631 1694 1684 1730 sed
1700 1706 1759 1730 oc-

352 1747 513 1784 casionem
530 1751 644 1783 erroris
663 1747 812 1798 praebent
830 1777 840 1791 ‚
868 1759 903 1783 ut
917 1745 999 1795 saepe
1019 1746 1231 1782 ostendimus.

389 1800 462 1834 Nos
473 1799 561 1833 enim
575 1800 658 1833 circa
669 1810 718 1832 res
735 1809 910 1847 corporeas
920 1798 1082 1845 occupati,
1095 1801 1129 1833 ὃς
1140 1794 1283 1831 sensuum
1293 1795 1484 1844 praejudiciis
1494 1793 1591 1830 delusi
1601 1797 1655 1830 vix
1666 1806 1761 1829 men·

354 1859 424 1883 tem
433 1847 472 1882 ad
489 1860 538 1882 res
556 1849 760 1896 incorporeas
775 1847 956 1884 attollimus
974 1863 982 1888 3
1003 1858 1041 1880 ac
1054 1858 1095 1881 ne
1114 1845 1168 1880 illa
1182 1845 1316 1892 quidem
1334 1843 1395 1878 effe
1413 1856 1548 1892 corpora
1558 1844 1736 1891 judicamus
1749 1871 1763 1886 ‚

354 1909 425 1945 quae
437 1895 539 1931 sensus
551 1896 678 1931 nostros
689 1911 757 1932 non
768 1908 916 1933 movent.
937 1897 1031 1944 Qin
1045 1900 1079 1931 &
1093 1895 1246 1927 educatio
1261 1921 1271 1935 ‚
1289 1892 1490 1926 consuetudo
1504 1920 1512 1933 ‚
1532 1890 1666 1925 societas
1685 1903 1760 1927 cum

353 1947 424 1981 aliis
443 1944 631 1981 hominibus
643 1974 652 1987 ‚
673 1947 853 1980 authoritas
866 1957 981 1979 eorum
996 1955 1079 1989 quos
1103 1941 1260 1984 colimus,
1283 1939 1450 1975 consensus
1471 1940 1640 1975 hominum
1658 1970 1667 1983 ,
1691 1940 1760 1989 ipsa.

356 1997 498 2043 denique
509 1993 667 2030 vocabula
680 2007 751 2041 quae
770 1995 802 2029 in
816 1992 872 2028 usu
888 1991 1073 2034 versantur,
1093 2003 1228 2038 quaeque
1245 1988 1359 2038 vulgus
1375 1991 1564 2038 imperitum
1580 1988 1662 2039 saepe
1674 1991 1761 2026 indi-

356 2046 406 2081 dit
420 2075 430 2090 ,
457 2054 578 2093 augent
598 2043 776 2092 praejudicia
788 2043 893 2078 nostra
908 2071 918 2086 ,
942 2040 1059 2089 quibus
1075 2043 1184 2076 omnia
1198 2041 1239 2075 ad
1251 2038 1338 2074 usum
1349 2041 1492 2088 corporis
1509 2042 1611 2088 magis
1622 2069 1633 2083 ‚
1658 2039 1762 2088 quam

355 2095 399 2130 ad
413 2106 521 2130 terum
531 2092 845 2142 contemplationem
861 2091 1053 2126 referuntur.
1077 2092 1198 2138 Neque
1219 2089 1308 2125 aliud
1325 2089 1397 2124 huic
1414 2087 1532 2123 morbo
1546 2118 1555 2132 ‚
1578 2091 1633 2136 qui
1644 2100 1761 2124 omnes

357 2156 444 2192 pene
454 2141 635 2191 disciplinas
652 2171 662 2184 ‚
681 2148 715 2179 &
731 2153 835 2178 totam
850 2143 924 2177 vitce
932 2142 1096 2175 rationem
1110 2138 1284 2175 conturbat
1295 2167 1305 2182 ‚
1325 2139 1506 2174 remedium
1523 2137 1673 2173 adhiberi
1699 2150 1762 2186 po-

360 2194 420 2228 test
430 2223 438 2236 ,
462 2205 562 2240 quam
574 2203 609 2227 ut
620 2191 778 2241 ejusmodi
792 2193 1043 2240 anticipationes
1056 2203 1095 2224 ex
1110 2188 1245 2224 sensibus
1258 2187 1418 2237 profedhis
1436 2189 1474 2222 ad
1488 2201 1610 2223 novum
1623 2199 1763 2222 examen

361 2253 551 2277 revocemus
565 2259 573 2286 3
590 2254 687 2289 atque
698 2254 751 2277 eas
762 2253 887 2276 tantum
899 2238 1155 2288 comprobemus
1169 2269 1178 2284 ‚
1200 2251 1270 2285 qua:
1284 2237 1363 2274 nihil
1389 2236 1511 2272 habent
1524 2237 1734 2272 dubitationis
1750 2248 1762 2271 ε

362 2303 499 2337 quaeque
515 2303 552 2325 ex
569 2290 665 2326 rebus
680 2292 765 2326 clare
777 2292 934 2339 perceptis
942 2301 1080 2326 manant
1094 2318 1103 2332 ‚
1121 2289 1306 2324 constanter
1314 2290 1514 2323 retineantur
1527 2316 1536 2331 ‚
1547 2286 1681 2333 reliquae
1694 2297 1763 2320 non

364 2352 433 2422 {jun
443 2339 647 2434 confidenter
655 2340 865 2380 affirmentur.
881 2342 974 2379 Nam
983 2351 1019 2376 ut
1030 2341 1076 2375 ait
1084 2340 1217 2389 Sapiens
1230 2367 1240 2382 ,
1259 2338 1315 2385 qni
1327 2337 1412 2385 quod
1428 2339 1519 2371 novit
1534 2337 1695 2385 loquitur,
1702 2338 1764 2380 ju-

391 2402 429 2422 ex
451 2393 492 2434 J'u
507 2392 575 2425 ,βείω
598 2390 649 2435 est.

1800 770 1834 1029 dem
1816 751 1828 760 τ
