1857 2745
408 126 475 162 DE
518 125 1134 164 PRAEDICAMENTIS.
1431 144 1484 171 1¹9

571 177 760 208 Diluuntur
780 173 973 216 obleffi‘iones.

133 225 218 272 Opp.
233 225 261 259 ι’
282 225 344 259 Ens
364 222 529 259 infinitum
544 252 553 267 ,
572 224 791 271 independens
808 252 818 266 ‚
846 229 880 259 δε
897 236 955 271 per
966 222 1151 267 effendam,
1180 224 1269 273 quod
1288 224 1388 260 habet
1402 240 1475 263 om-

83 285 263 310 *trementis
275 273 511 321 plenitudinem
521 301 530 315 ,
543 285 609 307 non
620 275 774 307 convenit
788 274 925 308 univoce
938 285 1012 307 cum
1023 284 1097 308 ente
1113 273 1204 308 finito
1222 302 1231 316 ‚
1249 279 1282 310 &
1299 286 1354 316 per
1373 279 1474 323 parti-

96 324 299 369 cipationem.
317 322 378 356 Sed
395 324 483 356 Deus
499 323 541 356 est
553 334 606 356 ens
617 320 777 356 infinitum
790 339 799 364 3
815 332 956 355 creatura
964 324 1068 356 omnis
1081 321 1189 365 finita,
1208 323 1395 370 dependens
1406 353 1415 367 ,
1435 337 1473 358 ac

82 370 165 418 plus
200 370 299 405 habet
329 369 441 414 nihili,
461 371 562 418 quam
580 372 659 405 entis
672 384 680 406 :
694 383 771 420 ergo
781 372 864 405 ratio
877 372 958 406 entis
970 383 1037 406 non
1048 370 1090 405 est
1105 373 1244 407 univoca
1254 370 1398 420 respectu
1408 375 1472 408 Dei

95 423 131 455 δε
150 430 375 453 creaturarum.

122 468 209 513 Resp.
221 470 325 502 Deum
340 465 399 502 effe
421 479 476 502 ens
497 466 682 511 infinittun,
704 466 943 515 independens,
977 466 1032 501 fim
1059 465 1236 502 liciffimum
1255 484 1264 511 5
1293 478 1469 505 creaturam

91 527 206 550 contra
219 528 275 551 ens
295 515 440 559 fini-aim,
465 515 505 549 ab
523 516 607 559 alio,
632 522 664 552 δι
676 517 902 565 participatum
914 545 924 559 ,
944 514 964 550 fi
976 516 1009 549 di
1038 518 1162 550 erentiae
1180 518 1262 550 entis
1276 513 1470 562 spestentur,

92 566 132 598 C.
145 562 166 597 si
184 576 240 599 ens
256 563 433 600 iecundum
443 563 471 598 se
486 570 519 601 ὃς
532 564 678 599 absolute
693 565 872 612 speetetur,
897 565 950 600 N.
977 566 1067 600 Nam
1090 576 1146 598 ens
1175 563 1341 611 posteriori
1365 566 1468 599 modo

92 610 325 648 consideratum
345 625 452 659 neque
468 613 510 647 est
538 612 720 656 infinitum,
737 624 796 648 nec
814 611 941 647 finitum
968 641 977 655 ,
1006 611 1058 647 sed
1081 611 1123 647 ab
1147 623 1284 660 utroque
1300 611 1466 650 abstrahit.

133 661 206 704 lnst.
223 661 375 709 Qorum
386 664 466 696 ratio
479 661 526 695 est
540 664 696 706 univoca,
715 661 829 696 horum
848 674 947 696 unum
964 659 1006 695 ab
1021 660 1085 696 alio
1102 673 1168 696 non
1185 661 1307 709 pendet
1321 658 1469 696 effintia-

91 706 183 749 liter,
199 721 306 756 neque
322 722 422 744 unum
436 711 475 743 ad
501 710 586 744 aliud
604 710 742 744 refertur
763 722 771 744 :
807 709 840 742 id
863 711 948 744 enim
975 720 1099 744 tantum
1114 708 1256 758 analogis
1281 709 1468 745 attributio-

91 758 138 791 nis
150 759 319 800 convenit,
337 769 374 792 ut
389 769 509 792 nomen
518 757 554 791 sit
566 758 653 791 idem
664 785 674 799 ,
694 759 777 791 ratio
791 768 870 791 vero
882 759 1023 792 nominis
1037 755 1074 792 fit
1088 757 1203 792 eadem
1220 760 1253 793 in
1270 757 1380 793 multis
1392 772 1465 794 cum

90 803 279 841 habitudine
289 807 329 840 ad
341 816 457 840 unum:
477 816 512 839 ut
520 806 558 839 de
569 804 643 840 sano
653 806 791 840 diximus
805 832 815 847 ,
838 806 924 853 quod
936 808 1064 854 proprie
1078 805 1210 840 animali
1220 810 1393 850 convenit,
1408 820 1469 842 cae-

88 855 165 888 teris
177 866 232 902 per
241 855 386 889 ordinem
400 854 455 890 vel
468 853 693 889 habitudinem
701 855 739 888 ad
755 853 884 889 animal.
895 855 958 888 Sed
968 857 1051 889 ratio
1065 857 1148 889 entis
1161 857 1235 890 Deo
1250 860 1284 891 &
1298 859 1467 901 creaturis,

89 899 263 937 substantiae
274 903 471 939 &accidenti
488 904 533 935 ita
545 904 716 944 convenit,
736 914 772 937 ut
783 913 926 936 creatura
943 902 963 937 ὲ.
981 906 1055 938 Deo
1067 931 1077 945 ,
1100 905 1155 949 qui
1169 906 1298 951 proprie
1317 904 1363 938 est
1382 933 1391 947 ‚
1425 910 1462 943 ὅ(

88 951 233 985 accidens
246 950 441 986 asubstantia
451 948 652 984 eisentialiter
665 951 813 998 pendeat.
823 953 904 996 Ergo
914 963 1033 986 nomen
1045 953 1125 985 entis
1138 964 1203 985 non
1218 952 1259 985 est
1270 954 1458 995 univocum,

88 996 141 1032 sed
153 998 332 1044 analogum.
351 1001 438 1034 Hinc
453 998 639 1034 Aristoteles
652 1014 687 1044 4.
698 997 883 1046 Metaphys.
897 1002 926 1031 E
929 1013 965 1032 ns
978 1027 988 1038 ,
1007 1001 1110 1045 inquit
1124 1028 1134 1042 ,
1153 1012 1214 1032 non
1237 999 1355 1032 dicitur
1369 1004 1463 1047 aequi.

87 1057 186 1084 voce,
198 1038 260 1091 fid
269 1047 532 1093 quemadmodum
542 1048 668 1092 simum.
694 1047 785 1080 Idem
803 1045 913 1093 paffim
927 1047 1042 1089 docet,
1064 1058 1100 1080 ut
1123 1061 1154 1088 7.
1174 1046 1357 1094 Metaphys]
1380 1060 1404 1081 c.
1425 1063 1463 1094 4,

124 1095 211 1143 Resp.
228 1095 357 1129 eandem
377 1094 506 1137 distinfl.
539 1092 727 1131 adhibendo.
745 1095 906 1129 Creaturae
920 1095 1101 1129 referuntur
1117 1095 1156 1128 ad
1175 1097 1302 1137 Deum,
1324 1100 1357 1131 ὃ(
1379 1100 1464 1132 acci-

86 1142 197 1177 dentia
209 1144 248 1177 ad
260 1142 485 1185 substantiam,
504 1141 525 1177 si
543 1142 728 1178 differentiae
745 1145 825 1178 entis
844 1141 1044 1191 spectentur,
1059 1142 1296 1178 usitatione-m
1314 1155 1463 1179 commu-

85 1202 163 1226 nem
172 1195 255 1226 entis
266 1190 497 1226 consideremus
512 1219 521 1233 ‚
543 1193 594 1227 N.
616 1193 667 1226 sic
687 1194 770 1227 inter
784 1191 955 1239 qualitates
972 1221 981 1234 ,
1006 1190 1134 1226 habitus
1150 1192 1273 1239 pendet
1292 1190 1463 1228 essentiali-

89 1249 138 1274 ter
157 1239 177 1275 a
193 1242 359 1288 potentia,
378 1240 432 1275 seu
450 1240 469 1275 a
486 1240 637 1274 facultate
648 1268 658 1282 ,
674 1245 706 1276 δε
723 1241 763 1274 ad
775 1253 846 1275 eam
857 1240 1014 1276 refertur:
1028 1246 1060 1277 ὃ(
1077 1252 1187 1275 tamen
1205 1241 1238 1274 in
1255 1252 1372 1289 genere
1384 1254 1462 1289 qua-

85 1284 182 1322 litatis
203 1287 327 1323 habitus
345 1295 378 1325 &
392 1291 538 1337 potentia
553 1291 691 1323 univoce
705 1291 912 1326 conveniunt.

122 1337 207 1385 Opp.
220 1346 251 1373 2'
266 1336 468 1372 Differentiae
479 1339 557 1371 entis
569 1336 636 1371 sunt
655 1339 740 1372 entia
756 1337 902 1384 quaedam
916 1352 924 1374 :
942 1349 1018 1384 ergo
1040 1339 1128 1372 Deus
1147 1341 1182 1372 δε
1197 1348 1340 1371 creatura
1353 1364 1362 1378 ‚
1385 1335 1460 1371 sub.

85 1383 196 1419 stantia
213 1387 405 1422 &accidens
417 1385 569 1421 differunt
587 1387 618 1421 in
632 1388 756 1420 ratione
770 1389 937 1421 communi
955 1387 1053 1426 entis,
1072 1398 1144 1430 quae
1162 1387 1195 1419 in
1214 1389 1289 1421 Deo
1308 1383 1352 1420 est
1368 1386 1460 1420 inde-

85 1433 261 1479 pendentia
273 1463 282 1476 ,
298 1436 328 1468 in
346 1437 495 1468 creaturis
506 1434 723 1481 dependentia
734 1436 977 1482 &participatio
988 1434 1134 1481 quaedam
1155 1446 1161 1468 ε
1180 1432 1284 1480 sicque
1309 1434 1392 1468 ratio
1406 1446 1460 1469 en-

86 1481 125 1514 tis
145 1493 211 1514 non
226 1482 272 1515 est
286 1485 461 1527 communis
474 1485 548 1516 Deo
562 1487 594 1517 δι
603 1484 761 1517 creaturis.

118 1528 204 1573 Resp.
217 1529 273 1563 has
289 1532 371 1563 entis
389 1526 585 1563 differentias
601 1541 667 1563 non
683 1527 742 1562 effe
760 1531 888 1576 proprie
903 1529 989 1563 entia
1005 1555 1013 1568 ,
1038 1526 1089 1560 sed
1101 1527 1215 1561 modos
1230 1532 1311 1563 entis
1323 1557 1331 1571 ‚
1346 1539 1382 1562 ut
1395 1528 1461 1563 dif-

85 1574 222 1611 ferentia
235 1577 372 1611 hominis
384 1590 449 1611 non
467 1577 509 1610 est
528 1576 628 1610 homo
642 1575 828 1611 formaliter.
856 1579 965 1623 Itaque
983 1570 1169 1608 differentiae
1189 1579 1269 1610 entis
1284 1577 1351 1612 sunt
1365 1576 1457 1611 reali-

86 1634 134 1658 ter
147 1652 157 1666 ,
176 1636 275 1670 atque
288 1653 297 1666 ‚
315 1638 350 1659 ur
363 1627 450 1659 aiunt
463 1653 472 1667 ‚
485 1625 622 1658 identice
641 1626 745 1666 entia,
766 1638 830 1659 non
844 1623 970 1671 praecise
990 1627 1023 1658 &
1041 1621 1240 1660 formaliter:
1259 1637 1294 1660 ut
1307 1623 1475 1666 differem

87 1674 138 1709 tiae
151 1671 330 1708 substantiae
344 1686 409 1708 non
423 1672 491 1707 sunt
505 1671 691 1715 substmdae,
701 1671 753 1706 sed
768 1672 994 1707 substantiales.
1011 1672 1062 1704 Sic
1071 1670 1287 1718 dependentia
1301 1674 1348 1708 est
1360 1674 1457 1717 quid-

85 1721 160 1755 dam
179 1722 265 1768 quod
282 1723 322 1756 ad
336 1734 390 1757 ens
403 1724 567 1770 pertinet,
600 1733 667 1755 non
685 1733 739 1756 ens
761 1720 940 1756 formaliter
956 1749 966 1765 ‚
998 1717 1051 1754 seu
1076 1720 1156 1766 quid
1174 1733 1285 1768 aptum
1315 1722 1356 1756 ad
1388 1724 1458 1756 exi-

84 1768 239 1806 stendmn.

120 1818 252 1857 Inflant.
271 1818 439 1865 Quidquid
454 1819 537 1853 estin
555 1829 699 1853 creatura
713 1847 722 1861 ‚
742 1817 863 1866 pendet
879 1817 899 1853 ὲ,
913 1820 987 1853 Deo
1007 1832 1016 1853 ε
1034 1829 1111 1866 ergo
1127 1826 1269 1852 creatura
1285 1827 1322 1850 ut
1339 1817 1382 1852 est
1401 1830 1455 1852 ens

83 1865 170 1902 reale
189 1894 199 1907 ,
217 1868 262 1902 est
282 1867 408 1915 depend
429 1879 475 1902 ηε.

118 1915 204 1961 Resp.
220 1916 296 1960 Dzst.
313 1927 414 1951 antec.
426 1914 590 1962 Qidquid
604 1914 647 1948 est
663 1915 696 1947 in
709 1925 851 1948 creatura
869 1913 1011 1949 identice
1024 1917 1057 1949 δε
1067 1911 1193 1946 realiter
1205 1910 1436 1950 consideratum
1445 1944 1456 1959 ,

83 1964 206 2010 pendet
217 1964 236 2000 ἒ).
248 1967 324 1999 Deo
337 1993 347 2007 ,
361 1967 399 1999 C.
416 1963 596 1999 formaliter
605 1963 781 2011 speetatum
793 1990 803 2005 ,
818 1962 865 1997 N.
877 1964 965 1997 Nam
979 1974 1034 1997 ens
1049 1963 1080 1995 in
1092 1959 1145 1995 suo
1156 1972 1313 2008 conceptu
1324 1960 1365 1995 ab
1381 1977 1456 1999 om.

84 2013 117 2045 ni
127 2011 339 2061 dependentia
350 2018 383 2049 &
395 2012 646 2060 independentia
654 2012 787 2046 omnino
798 2008 960 2056 abstrahit,
978 2010 1055 2046 licet
1063 2020 1098 2046 ut
1107 2020 1161 2044 ens
1171 2020 1313 2045 creatum
1326 2038 1337 2053 ‚
1350 2009 1403 2047 seu
1418 2022 1455 2048 ut

85 2058 151 2095 tale
162 2073 217 2096 ens
229 2091 238 2105 ‚
251 2063 388 2110 pendeat
401 2060 421 2097 ὲ
438 2065 521 2097 Deo.

118 2108 244 2145 Contra
256 2139 265 2151 ,
287 2114 410 2155 inquies
425 2139 430 2146 .
450 2120 677 2158 ergocreatura
693 2120 728 2143 nt
741 2120 808 2152 ens,
819 2110 881 2143 erit·
892 2109 1111 2159 independens
1123 2124 1132 2152 ς
1143 2120 1214 2143 cum
1231 2106 1452 2156 independen-

85 2158 129 2191 tia
144 2159 225 2194 nihil
243 2157 278 2195 sit
293 2157 346 2193 nifi
361 2160 490 2208 negatio
500 2158 735 2206 dependentiae.

116 2206 203 2251 Resp.
216 2209 304 2254 Neg.
318 2209 432 2254 confiq.
451 2207 503 2241 Est
526 2210 613 2242 enim
632 2206 882 2254 independentia
896 2206 989 2243 realis
1003 2213 1036 2245 ὃ(
1053 2205 1186 2256 positiva
1201 2206 1264 2241 Dei
1276 2218 1332 2254 per
1339 2204 1451 2248 stelio,

86 2255 137 2288 cui
153 2253 367 2302 dependentia
381 2259 514 2291 omnino
523 2266 691 2303 repugnat.

120 2302 271 2348 Urgebls-.
287 2303 406 2340 Saltem
419 2304 668 2353 independentia
679 2307 710 2339 in
723 2308 798 2340 Deo
816 2308 943 2351 conmpi
961 2318 1027 2340 non
1042 2303 1151 2352 potest
1169 2299 1231 2336 fine
1243 2311 1317 2335 ente
1324 2312 1404 2339 ‚cum
1415 2298 1452 2336 fit

84 2361 138 2385 cns
155 2349 333 2385 formaliter
348 2365 355 2385 :
372 2364 478 2401 neque
487 2354 570 2388 adeo
579 2363 657 2390 unus
668 2354 715 2389 est
731 2359 764 2391 &
782 2355 961 2390 communis
978 2355 1058 2390 entis
1082 2361 1254 2401 conceptus
1270 2349 1291 2387 ‘a
1312 2348 1372 2387 suis
1387 2348 1452 2386 dif-

84 2399 231 2437 ferentiis
244 2398 400 2449 pramis.
