1857 2745
567 113 610 148 M
635 114 670 149 O
694 113 727 147 R
750 113 779 149 A
803 114 830 149 L
852 115 866 151 1
890 114 927 150 S.
1412 134 1421 153 1

58 164 171 202 tribuit
184 160 311 200 habitui
326 178 337 207 ς
355 162 425 200 finis
440 174 574 212 quoque
583 163 631 197 est
648 161 752 199 bonus
762 192 772 207 ,
796 165 853 212 qui
867 175 926 212 per
941 161 973 196 se
989 167 1106 200 mutari
1121 177 1191 200 non
1202 166 1324 213 potest,
1339 132 1445 202 aut3i13

55 214 153 251 finem
166 227 187 248 o
211 211 347 262 pofitum
360 214 564 262 degenerare.
575 214 663 249 Nam
677 223 712 247 ut
721 209 1043 250 habitusdiscurfi-vus
1053 226 1094 249 ex
1107 216 1203 248 certis
1216 216 1379 263 principiis
1390 217 1448 251 du-

52 263 138 299 citur
148 289 159 306 ,
176 226 217 298 (ξε
233 261 388 297 εΙεᾶἰνιιε
400 275 438 297 ex
452 273 543 297 certo
557 261 622 297 fine
636 290 646 305 ,
673 273 828 310 tanquam
841 275 880 298 ex
892 263 1055 310 principio
1062 263 1103 297 ad
1112 263 1222 297 media
1230 264 1446 312 progreditur:

56 323 134 361 ergo
141 323 177 346 ut
186 309 315 347 habitus
325 310 508 347 discursurus
517 324 584 347 non
595 311 701 359 potest
712 323 772 347 nos
789 312 1006 347 determinare
1015 312 1056 346 ad
1070 309 1302 347 assentiendum
1313 314 1446 349 conclu·-v

55 359 143 404 fioni,
158 373 216 410 per
229 361 386 410 principia
404 362 442 395 iis
458 360 604 410 opposita
615 390 625 405 ‚
642 360 661 396 a
679 358 794 408 quibus
811 364 938 410 genitus
963 358 1026 394 fuit
1049 374 1058 396 :
1084 359 1123 395 sic
1141 359 1270 395 habitus
1287 361 1446 398 electivus

8 434 9 437 ,
50 421 113 458 per
124 409 154 444 se
168 410 209 445 ad
222 409 418 445 electionem
432 412 616 446 mediorum
632 422 763 459 propter
773 410 874 448 finem
886 413 916 446 ei
928 407 1108 458 oppositum
1118 438 1129 454 ,
1147 421 1186 445 ex
1199 421 1266 457 quo
1278 410 1446 459 profluxit,

53 457 255 494 voluntatem
272 458 372 507 ipsam
387 473 454 496 non
475 460 579 509 potest
596 459 766 496 inclinare.

95 509 169 543 Pars
192 519 301 543 autern
316 507 451 543 secunda
467 507 675 546 conclufionis
686 507 842 558 probatur
862 522 871 545 ε
888 509 1009 544 virtute
1026 510 1113 544 enim
1133 510 1204 555 quis
1220 520 1279 557 per
1296 509 1444 544 accidens

46 555 260 606 abutipotest
274 587 284 602 ‚
301 570 367 593 non
382 556 486 593 solum
503 570 659 607 tanquam
678 558 811 607 obje&o
823 587 834 602 ‚
863 568 900 592 ut
916 557 1085 594 Pharisaeus
1102 559 1138 592 in
1157 556 1336 606 Evangelio
1354 586 1365 601 ,
1389 557 1444 594 sed.

50 607 153 641 etiam
166 618 318 653 tanquam
333 609 502 657 principio.
525 611 568 644 Ea
582 610 705 657 quippe
716 608 837 643 constat
847 618 887 642 ex
904 618 993 643 certa
1007 610 1134 643 ratione
1148 635 1159 650 ,
1185 619 1257 654 quae
1268 607 1444 642 mediocri-

51 664 154 690 tatem
167 656 351 700 constituit,
371 668 498 705 quaque
512 670 612 693 nemo
629 657 722 692 abuti
737 656 870 705 potest,
890 661 926 694 δε
939 668 978 692 ex
992 656 1173 699 facilitate,
1197 668 1268 703 quae
1285 653 1339 690 usu
1354 668 1443 692 com-

47 715 187 750 paratur.
198 706 280 740 Haec
288 707 400 752 utique
418 708 452 741 in
465 718 600 755 pravum
616 705 714 741 finem
724 706 828 755 potest
842 707 1039 753 detorqueri.
1056 708 1145 743 Nam
1159 716 1195 739 ut
1214 704 1364 740 Ethnicus
1386 708 1443 753 qui

48 751 201 787 :habitum
219 756 441 801 temperantiae
454 754 529 789 cnm
539 754 632 789 idolis
647 754 803 799 serviret,
828 755 1013 803 acquisivit,
1032 755 1054 790 si
1068 753 1267 791 Christianus
1284 750 1359 798 fiat,
1380 766 1443 802 po-

6 835 7 850 3
47 801 108 835 test
122 813 194 836 eam
209 801 397 837 facilitatem
408 806 440 839 in
450 802 666 839 bonumusum
679 816 888 840 convertere;
911 803 950 839 fic
967 806 984 840 ὲ
995 804 1122 840 diverso
1136 833 1146 847 ‚
1171 801 1191 836 sl
1212 805 1281 850 quis
1299 803 1378 838 dum
1392 802 1440 838 es-

6 870 7 874 =
48 848 107 884 set'
117 849 316 886 Christianus
328 879 338 894 ‚
356 853 490 888 virtutes
505 852 623 896 coluit,
643 853 746 889 faetus
758 854 914 902 Apostata
929 853 1024 890 facile
1037 854 1095 889 hos
1109 850 1235 888 habitus
1247 852 1321 888 ante
1331 851 1440 886 lauda-

44 895 130 932 biles
147 901 180 933 in
198 910 316 934 vanam
333 898 585 948 superstitionem
599 913 774 950 pervertet.
798 902 905 937 Simili
914 905 1121 937 rationecum
1131 902 1203 948 quis
1213 901 1288 936 ante
1303 899 1440 948 opulen-

47 956 101 980 tus
111 945 323 982 fuitliberalis
338 977 347 992 ‚
373 948 393 983 fi
418 949 589 985 facultates
601 952 748 993 amittat,
769 955 804 986 &
823 950 928 986 adhuc
944 951 1035 998 quod
1056 949 1197 998 superest
1222 948 1336 998 largius
1358 948 1440 984 velit

46 993 217 1031 effundere
225 1024 237 1043 ,
260 999 318 1044 qui
332 999 423 1046 prior
433 998 496 1034 fuit
506 998 638 1034 habitus
655 997 824 1033 laudabilis
837 1027 849 1043 ‚
877 1001 962 1035 vitio
985 1010 1151 1042 vertetur,
1182 998 1281 1045 idque
1305 1009 1364 1047 per
1384 1009 1439 1032 ac-

44 1043 167 1082 cidens.

525 1095 711 1129 Solvuntur
735 1093 938 1139 objefliones.

83 1191 169 1241 Opp,
188 1187 349 1228 Polsumus
366 1189 450 1225 male
463 1194 510 1227 uti
522 1195 561 1228 iis
574 1191 725 1228 omnibus
739 1203 814 1239 quae
829 1189 1008 1227 subduntur
1027 1192 1203 1230 voluntatis
1220 1194 1358 1244 imperio
1370 1220 1379 1235 ‚
1402 1203 1437 1227 ut

46 1243 175 1289 organis
184 1242 344 1288 corpori3‚
362 1238 536 1289 disciplinis
549 1273 558 1287 ‚
576 1241 698 1277 artibus
717 1256 725 1277 z
753 1239 808 1276 sed
819 1242 919 1276 virtus
931 1241 974 1276 est
983 1240 1114 1278 habitus
1133 1246 1189 1290 qui
1203 1243 1303 1279 subest
1316 1241 1436 1277 volun-

0 1301 5 1322 Α
46 1292 122 1324 mis
149 1292 307 1339 imperio:
321 1300 400 1338 ergo
414 1292 533 1329 virtute
545 1292 630 1328 male
643 1293 690 1326 uti
704 1288 865 1340 possumus
877 1318 887 1334 ,
911 1301 1019 1339 neque
1031 1303 1071 1326 ea
1083 1291 1129 1326 est
1146 1292 1275 1329 habitus
1288 1290 1435 1328 essentia-

45 1337 293 1435 ωὲἱὲῗῖυζῐος
311 1398 352 1421 eo
367 1388 456 1422 ornni
469 1385 559 1433 quod
573 1387 714 1423 subditur
732 1386 893 1424 voluntati
908 1416 918 1430 ,
935 1386 1021 1424 male
1039 1391 1087 1424 uti
1100 1388 1186 1437 poss'e
1209 1401 1363 1438 tanquam
1381 1400 1437 1423 oc-

45 1434 171 1472 eafione
190 1436 243 1471 vel
258 1434 394 1490 obj'edko
407 1464 417 1478 ,
442 1435 484 1470 C.
496 1446 647 1481 tanquam
663 1438 823 1485 principio
837 1435 930 1471 aetus
942 1464 962 1490 ,ι
972 1438 1130 1484 N.potest
1145 1441 1231 1473 enim
1242 1441 1314 1486 quis
1328 1437 1434 1486 super-

4 1527 5 1531 *
48 1483 121 1519 bite
136 1513 146 1528 ,
171 1496 226 1520 ant
241 1483 371 1532 gloriari
389 1484 431 1518 de
454 1485 573 1518 virtute
592 1499 601 1519 ε
626 1484 676 1519 sed
693 1498 758 1519 non
775 1495 852 1531 aget
870 1496 910 1517 ex
931 1495 1064 1520 virtute.

89 1533 213 1579 Resp.2.
223 1536 294 1569 Nos
308 1532 393 1566 male
410 1534 455 1567 uti
473 1530 558 1580 polle
579 1532 792 1568 earfacilitate
803 1561 813 1576 ,
835 1544 907 1580 quae
928 1533 1050 1567 iteratis
1064 1532 1188 1568 astibus
1206 1544 1410 1582 comparatur
1423 1562 1432 1575 ,

45 1592 181 1629 quaeque
198 1581 240 1616 ab
259 1581 327 1616 aliis
350 1580 476 1616 habitus
500 1583 676 1628 imperatus
694 1580 793 1630 vulgo
803 1583 988 1616 nominatur
1001 1609 1010 1623 ‚
1035 1582 1076 1618 C.
1098 1583 1185 1617 tecta
1201 1585 1324 1617 ratione
1338 1611 1347 1624 ,
1361 1593 1434 1629 quae

45 1630 91 1664 est
104 1631 213 1677 potior
222 1642 293 1679 pars
312 1631 438 1664 virtutis
450 1659 459 1673 ‚
477 1640 530 1663 aut
548 1629 674 1666 habitus
688 1634 852 1679 imperans
864 1659 874 1674 ‚
898 1632 944 1666 N.
974 1631 1068 1665 Artes
1086 1629 1165 1665 ver'o
1182 1636 1216 1667 ὃς
1238 1630 1412 1678 disciplinae
1424 1658 1432 1673 ,

45 1689 120 1712 cum
136 1692 243 1727 neque
255 1691 331 1722 nos,
343 1690 448 1725 neque
462 1680 606 1714 actiones
624 1680 745 1715 nostras
761 1678 903 1715 efficiant
916 1677 1018 1714 bonas
1035 1678 1237 1737 fimffliciteg
1255 1678 1308 1714 sed
1324 1679 1433 1713 secun-

48 1725 126 1761 dum
139 1729 217 1774 quid
232 1756 241 1771 ,
256 1740 322 1762 non
336 1729 453 1762 mirum
466 1727 512 1762 est
526 1756 535 1769 ,
560 1727 627 1762 fiiis
642 1729 730 1764 male
740 1730 787 1763 uti
800 1727 962 1776 posfimuS.
979 1729 1023 1762 At
1036 1740 1115 1763 vero
1129 1739 1163 1762 ut
1176 1740 1273 1762 nemo
1286 1726 1325 1762 fic
1341 1725 1433 1762 abuti

42 1773 178 1810 scientia
190 1776 292 1825 potest
304 1804 313 1818 ‚
339 1786 373 1809 ut
392 1773 594 1825 scientiaipsa
610 1778 740 1812 inducat
753 1779 787 1812 in
805 1789 948 1812 errorem
966 1790 974 1812 ε
996 1775 1036 1811 sic
1054 1788 1113 1811 nec
1131 1778 1229 1812 virtus
1242 1775 1378 1810 Moralis
1392 1776 1433 1809 ad

47 1825 133 1859 aolus
151 1837 265 1872 pravos
279 1823 433 1858 inclinare
448 1826 562 1872 potest.

82 1872 206 1921 Oppon.
215 1876 296 1908 Finis
311 1875 475 1921 operantis
484 1902 493 1915 ,
508 1876 574 1908 imo
583 1879 618 1911 Β(
627 1872 930 1908 circunstantiaenon
946 1872 1014 1906 sunt
1026 1869 1202 1906 effentiales
1214 1873 1300 1907 actui
1312 1870 1365 1906 vel
1376 1871 1433 1906 ha-

46 1918 146 1965 bitui3
159 1920 210 1958 sed
219 1923 440 1957 accidentariae
456 1937 463 1958 :
481 1935 558 1978 ergo
570 1925 658 1958 idem
676 1921 806 1956 habitus
822 1926 855 1957 &
873 1919 971 1956 finem
989 1926 1023 1958 δε
1039 1920 1277 1957 circunstantias
1306 1931 1432 1955 mutare

45 1971 173 2019 potest1,
203 1982 303 2019 atque
317 1984 356 2006 ex
367 1969 456 2006 bono
469 1970 538 2006 fieri
550 1972 651 2008 malus
661 2000 672 2015 ,
695 1982 803 2018 eoque
815 1969 901 2004 male
918 1971 966 2004 uti
989 1966 1157 2018 polsumus.

93 2019 130 2051 R.
149 2020 234 2065 Diffi
250 2032 321 2059 ant.
341 2022 431 2055 Finis<
450 2026 484 2057 &
509 2022 739 2057 circunstantiae
753 2032 820 2054 non
846 2018 919 2053 sunt
934 2017 1109 2054 essentiales
1128 2017 1176 2053 illi
1193 2017 1326 2054 habitus
1346 2020 1431 2067 parti

46 2068 175 2116 quaeest
187 2068 487 2116 facilitas-acqnifita
497 2098 506 2113 ,
519 2070 559 2104 C.
575 2084 639 2107 non
658 2069 727 2105 sunt
735 2067 911 2103 essentiales
928 2069 1029 2103 redtae
1037 2068 1156 2103 rationi
1169 2096 1177 2111 ,
1194 2080 1263 2115 quae
1276 2069 1359 2102 circa
1372 2066 1432 2107 ho-

47 2116 205 2153 nestatem
219 2118 357 2153 versatur
374 2148 383 2162 ,
402 2119 709 2155 &mediocritatem
723 2119 835 2152 virtuti
843 2116 1039 2153 effentialem
1051 2117 1244 2152 determinat
1262 2145 1272 2160 ‚
1292 2128 1430 2163 quaeque

49 2163 94 2198 est
109 2168 235 2202 virtutis
256 2167 346 2202 velut
359 2170 465 2202 anima
484 2173 516 2204 &
536 2180 605 2215 pars
622 2167 705 2202 illius
719 2165 879 2214 potissima
893 2196 904 2210 ,
926 2169 969 2202 N.
994 2166 1106 2212 Qare
1119 2176 1153 2199 ut
1165 2164 1291 2200 habitus
1301 2166 1429 2199 virtutis

49 2213 132 2246 circa
149 2214 314 2264 objectum
337 2215 461 2251 bonum
479 2215 682 2251 effentialiter
701 2214 838 2250 versatur
851 2243 862 2258 ,
891 2218 941 2250 ita
962 2219 1000 2252 δε·
1018 2217 1100 2249 circa
1122 2212 1221 2249 finem
1249 2212 1429 2252 honestum.

47 2261 232 2308 Utrumque
250 2267 336 2300 enim
353 2265 390 2299 ad
408 2264 492 2299 illius
517 2277 662 2300 naturam
682 2265 833 2312 pertinet.

89 2309 168 2355 [nst.
182 2313 263 2346 Finis
276 2312 423 2348 honestus
442 2315 487 2348 est
501 2314 748 2361 aliquidivirtuti
758 2311 969 2348 extrinsecum
989 2326 997 2348 :
1015 2322 1093 2360 ergo
1104 2312 1203 2347 virtus
1223 2313 1346 2348 ratione
1357 2309 1428 2348 finis

1 2358 2 2366 ¹
49 2370 116 2394 non
141 2359 187 2394 est
207 2359 333 2396 habitus
349 2362 554 2399 effentiaiioet
565 2363 680 2400 bonus.
