1857 2745
401 131 469 170 4²4
866 112 1336 150 PHILOSOPHIA

405 170 494 205 aestus
503 195 512 209 ‚
523 177 583 203 nec
597 163 748 201 vasorum
756 162 938 199 contractio
948 162 989 197 ad
1000 161 1088 211 lacry
1095 175 1218 198 marum
1235 159 1455 212 profusionem
1468 161 1792 208 fi1fficeret,nifima:

404 218 485 252 teria
503 218 537 251 in
555 212 622 262 ipso
632 211 781 261 sanguine
795 211 844 247 his
857 211 1065 260 procreandis
1078 211 1154 247 esset
1165 212 1303 247 idonea:
1320 211 1404 245 unde
1419 217 1453 248 ὃ(
1471 211 1620 261 lacrymae
1631 216 1792 251 interdum

405 265 548 300 sistuntur
561 290 570 305 ,
589 259 747 310 alsumpto
760 272 842 309 potu
855 273 933 296 mox
944 261 1092 295 rediturae
1107 273 1242 310 :magna
1254 262 1355 295 etiam
1377 259 1538 308 sauguinis
1553 265 1648 310 copia
1666 267 1700 298 in
1723 276 1794 300 cor-

404 314 451 348 dis
467 311 567 348 finum
578 311 728 346 dextrum
740 308 850 358 illapsa
862 310 965 345 serum
982 308 1111 345 uberius
1126 309 1317 358 suppeditat.
1345 311 1434 344 Hinc
1447 309 1549 344 crebri
1570 313 1795 358 gemitus‚tu..

405 362 488 397 bent
503 366 642 410 genae,&
653 360 754 396 facies
769 358 962 395 intumescit.
985 360 1101 403 Pueri,
1125 358 1211 394 senes
1224 388 1235 403 ,
1262 359 1410 393 mulieres
1422 358 1548 394 facilius
1568 361 1795 408 lacrymantur,

407 423 505 459 quam
519 409 635 445 mediae
648 411 752 445 aetatis
763 409 826 442 viri
837 437 847 452 ,
861 408 952 456 quod
966 407 1056 443 forte
1071 411 1105 444 in
1119 408 1179 444 illis
1191 407 1315 457 sanguis
1334 406 1371 442 snt
1391 407 1530 444 serofior.
1554 410 1663 456 Atque
1674 409 1706 444 hi
1724 409 1793 446 sunt
1824 410 1826 415 ⁸

407 461 558 508 praecipui
570 457 745 494 affectuum
760 457 960 493 characteres
974 486 984 500 ‚
999 462 1033 494 &
1046 470 1154 494 motus
1170 460 1230 504 qui
1243 460 1284 491 ad
1297 454 1463 505 Phyficam
1474 464 1506 494 ὃ(
1521 458 1685 493 Moralem
1707 470 1798 506 :eque

407 511 574 558 pertinent
585 536 594 551 ,
605 510 726 556 quique
737 507 756 543 Ξι
765 505 861 543 nobis
876 509 1011 542 omnino
1023 509 1227 556 praetermitti
1240 518 1307 541 non
1320 504 1514 543 debuerunt.
1533 506 1678 543 Tametsi
1691 508 1797 542 multo
1840 524 1842 526 ’

407 557 531 594 facilius
545 557 765 606 intelligentur
779 585 789 600 ,
809 569 882 592 cum
898 558 931 592 in
954 560 1050 591 tertia
1065 568 1158 605 parte
1175 555 1322 604 Phyfices
1337 557 1476 602 partium
1489 558 1633 607 corporis
1647 557 1800 592 structura
1840 593 1843 604 ,

407 613 443 645 &
458 606 526 645 usus
539 635 550 651 ,
563 618 670 644 motus
685 606 801 643 itidem
810 605 970 656 sanguinis
983 611 1018 643 &
1033 605 1201 655 spirituum
1213 605 1335 641 fuerint
1356 603 1518 652 explicati,

753 705 853 752 ‘QU
879 707 918 740 ΑΞ
942 706 963 739 S
989 707 1056 741 TI
1085 707 1120 742 O
1176 705 1446 743 ULTIMA.

798 803 923 838 Vtrum
940 803 1067 850 affeffus
1087 802 1234 851 bonifint
1258 813 1318 839 am
1341 803 1435 838 mali.

411 902 614 990 MAgna
626 901 691 937 fuit
707 901 789 937 olim
800 903 884 938 inter
897 904 1028 937 Sto'x'cos
1045 906 1080 937 &
1092 904 1324 950 Peripateticos
1345 901 1386 936 de
1396 899 1571 936 affectuum
1584 899 1732 939 bonitate
1741 915 1796 940 aut

520 950 644 986 malitia
654 953 826 988 contentio
838 981 847 995 ‚
859 963 959 999 quam
973 950 1120 998 plerique
1130 953 1163 985 in
1176 950 1311 985 vocibus
1324 952 1427 999 magis
1437 979 1448 994 ,
1465 963 1563 998 quam
1579 953 1612 986 in
1620 950 1713 986 rebus
1728 952 1801 1002 ipfis

409 999 545 1047 politam
560 1000 739 1037 credidere.
764 1002 870 1036 Sto'i'ci
886 1002 919 1035 in
930 1012 968 1034 ea
983 999 1113 1047 quidem
1123 999 1254 1034 fuerunt
1265 1002 1420 1047 opinione
1430 1027 1442 1042 ,
1456 1012 1591 1035 omnem
1608 1002 1709 1035 animi
1729 1014 1805 1050 per-

411 1047 635 1084 turbationem
654 1050 775 1086 malam
788 1048 902 1094 esse,&
911 1050 1028 1084 rationi
1042 1051 1248 1085 contrariam.
1273 1050 1485 1096 Peripatetici
1510 1049 1623 1085 contra
1637 1048 1804 1097 paffiones
1823 1069 1825 1072 v

410 1096 597 1133 moderatas
613 1126 623 1141 ,
639 1104 674 1135 &
688 1101 807 1133 rationi
820 1098 975 1145 subjectas
999 1097 1101 1132 bonas
1120 1096 1181 1132 eise
1197 1127 1207 1142 ,
1230 1109 1265 1132 ut
1282 1096 1429 1132 effiaenes
1453 1100 1488 1132 in
1513 1097 1607 1133 malis
1635 1097 1802 1134 habendas

412 1144 662 1193 pertendebant.
690 1150 799 1193 Atque
810 1146 878 1182 haec
893 1147 1051 1182 sententia
1066 1159 1140 1183 cum
1164 1149 1306 1192 rationi,
1325 1158 1394 1183 tum
1412 1146 1601 1184 Christiana:
1630 1147 1804 1198 Religioni
1824 1146 1830 1155 “

412 1195 515 1244 inagis
536 1194 664 1231 videtur
689 1193 926 1231 consentanea:
940 1195 975 1230 fit
986 1197 1082 1244 igitur

961 1294 1067 1329 Vnica
1084 1295 1257 1339 Conclusio.

451 1392 595 1430 Affectus
609 1405 675 1428 non
688 1392 759 1427 sunt
776 1390 974 1440 extirpandi,
995 1391 1048 1426 sed
1063 1392 1219 1441 regendi3
1237 1403 1299 1428 nec
1313 1392 1389 1428 mali
1409 1393 1473 1428 dici
1483 1393 1619 1443 poffunt,
1634 1406 1708 1432 cum
1722 1397 1807 1431 intra
1824 1384 1837 1434 {3

414 1444 548 1483 ,rationis
563 1441 643 1477 fines
657 1444 876 1477 continentur.

464 1490 562 1527 Proh.
582 1491 680 1530 concl,
697 1504 718 1526 1.
741 1492 831 1537 Qia
848 1488 1002 1538 paffiones
1019 1489 1089 1526 sunt
1107 1502 1212 1527 motus
1224 1494 1385 1542 appetitus
1409 1491 1592 1537 sentientis,
1607 1495 1697 1542 iique
1708 1499 1809 1530 natu-'
1850 1512 1851 1515 ¹

415 1538 519 1576 tales:
534 1552 612 1588 ergo
625 1551 740 1575 natura
752 1539 802 1574 sua
813 1539 908 1575 malae
918 1538 979 1574 esse
994 1552 1060 1575 non
1075 1539 1213 1588 poffimt.

452 1587 725 1626 Prob.2.Vittutes
742 1591 828 1623 circa
839 1587 972 1624 affedffls
985 1590 1086 1624 animi
1096 1588 1278 1626 versantur:
1293 1603 1359 1626 non
1375 1602 1410 1625 ut
1424 1601 1479 1625 eos
1492 1590 1630 1640 stirpitus
1648 1589 1848 1662 evellantl'N

416 1637 452 1673 Id
472 1640 558 1672 enim
572 1637 642 1673 fieri
655 1651 722 1673 non
741 1638 846 1687 potest
859 1667 869 1682 ,
882 1649 944 1673 nee
960 1637 1072 1676 debet.
1098 1639 1203 1674 Nihil
1217 1640 1321 1675 dolere
1332 1668 1343 1683 ,
1361 1641 1468 1686 inquit
1485 1641 1627 1675 Crantor
1644 1639 1729 1689 apud
1745 1639 1826 1674 Ci··

416 1698 570 1722 ceronem
581 1716 591 1730 ,
607 1687 646 1730 est
657 1688 869 1722 immanitatis
884 1690 918 1721 in
930 1687 1182 1735 animostuporis
1193 1690 1226 1722 in
1244 1699 1378 1736 corpore.
1394 1688 1459 1724 Sed
1470 1691 1502 1724 in
1513 1689 1546 1723 id
1563 1692 1662 1724 virtus
1677 1673 1835 1725 incumst.

418 1734 468 1769 bit
480 1748 515 1770 ut
530 1735 720 1772 affectiones
734 1737 834 1771 animi
845 1737 980 1771 rationis
990 1738 1128 1784 irnperio
1138 1735 1310 1772 subdantur
1323 1766 1333 1781 ‚
1345 1743 1380 1774 δε
1397 1748 1490 1773 extra
1507 1750 1624 1773 naturae
1638 1737 1717 1773 fines
1735 1738 1804 1773 nort
1823 1727 1846 1772 ἓ

418 1797 603 1822 excurrant.
623 1786 724 1822 Unde
735 1797 788 1819 eas
797 1784 941 1819 Christus
957 1787 1117 1821 Dominus
1132 1815 1142 1829 ‚
1161 1798 1234 1821 cum
1249 1799 1330 1834 opus
1346 1786 1407 1821 fuit
1418 1815 1429 1830 ,
1446 1786 1604 1822 adhibuit.
1622 1790 1660 1822 Et
1671 1787 1806 1834 quidem
1824 1788 1838 1841 ζ

418 1836 450 1868 in
465 1834 593 1869 Christo
611 1833 766 1883 paffiones
778 1846 846 1869 non
856 1832 1095 1882 praevertebant
1107 1864 1116 1878 ,
1129 1834 1182 1869 sed
1205 1834 1423 1882 sequebantur
1445 1838 1605 1869 rationem
1623 1849 1631 1870 ε
1650 1837 1684 1870 in
1705 1833 1806 1869 nobis
1824 1831 1857 1891 13,Ῑί

416 1881 499 1932 saepe
519 1896 722 1931 praecurrunt.
741 1885 829 1919 Hinc
850 1884 977 1930 August,
1000 1882 1020 1918 l.
1033 1898 1062 1928 9.
1080 1884 1120 1918 de
1139 1885 1244 1920 Civit.
1279 1885 1352 1919 Dei.
1368 1886 1410 1917 In
1426 1883 1593 1931 distiplina
1615 1882 1717 1927 nostra
1742 1895 1806 1918 non
1826 1874 1857 1947 ξ

419 1944 486 1967 tam
497 1936 647 1978 quaeritur
659 1943 767 1967 utrum
773 1934 848 1980 pius
861 1934 988 1967 animus
999 1935 1173 1980 irascatur,
1184 1932 1352 1978 fidquare
1369 1932 1527 1976 frasi-atur
1538 1946 1546 1966 ς
1558 1943 1614 1965 nec
1634 1941 1743 1965 mrum
1759 1930 1805 1976 fit
1827 1957 1832 1978 ·.
1852 1970 1854 1975 .

420 1981 518 2025 tristis
530 2009 538 2019 ,
551 1982 613 2026 fid
629 1981 712 2015 unde
733 1981 778 2027 fit
797 1980 918 2025 tristis;
934 1994 989 2014 nec
1010 1992 1119 2016 utrum
1136 1979 1338 2025 timeat‚fid
1352 1979 1433 2026 quid
1443 1981 1568 2014 timeat.
1602 1980 1700 2025 Irasci
1721 1982 1805 2014 enim
1827 1984 1835 2022 ἒ
1851 2004 1853 2008 ,

413 2032 561 2077 peccanti
582 2041 619 2065 ut
633 2032 814 2078 corrigatur
827 2056 838 2072 ,
853 2028 1032 2072 contristari
1046 2038 1105 2078 pro
1123 2026 1234 2075 afflib'lo
1253 2038 1289 2062 ut
1305 2026 1478 2071 liberetur-3
1493 2030 1601 2062 timere
1615 2028 1806 2078 periclitam·
1830 2025 1843 2067 J‘

420 2082 448 2115 ti
463 2093 501 2113 ne
515 2088 644 2126 pereat,
661 2080 758 2125 nefiio
778 2088 888 2112 utrum
905 2077 1072 2123 quisquam
1080 2078 1163 2122 sana
1181 2076 1422 2123 confideratione
1436 2076 1657 2124 reprehendat.

453 2127 573 2173 Confir.
585 2125 746 2162 Paffiones
757 2138 796 2162 ex
809 2137 919 2161 natura
930 2124 993 2169 sua,
1008 2138 1067 2161 nec
1089 2125 1184 2160 laude
1194 2155 1202 2169 ‚
1213 2138 1274 2160 nec
1285 2127 1524 2174 vituperatione
1535 2137 1593 2159 nos
1605 2125 1719 2174 dignos
1731 2122 1807 2159 effi-

418 2176 572 2212 ciunt:sed
590 2179 746 2211 virtutum
762 2175 834 2211 sunt
845 2174 1139 2222 instrumentazquae
1149 2173 1330 2222 sireguntur
1340 2174 1359 2209 ὲ
1373 2175 1499 2208 ratione
1510 2203 1519 2217 ‚
1529 2174 1657 2208 laudem
1671 2185 1803 2209 meren-

422 2239 493 2269 tur3
512 2224 533 2261 fi
552 2225 687 2260 modum
710 2222 913 2266 excesserint,
931 2225 965 2258 in
987 2226 1068 2258 vitio
1087 2223 1168 2259 sunt.
1189 2224 1258 2272 Qi
1281 2234 1387 2258 autem
1408 2234 1460 2257 eas
1483 2225 1619 2258 omnino
1644 2222 1803 2257 condem-

422 2287 500 2309 nant
512 2304 521 2319 ‚
540 2277 562 2308 ii
584 2286 644 2308 nec
668 2273 767 2308 finem
786 2285 895 2309 earum
909 2301 918 2315 ,
936 2284 997 2307 nec
1007 2270 1115 2316 usum,
1130 2285 1191 2308 nec
1211 2283 1326 2307 naturae
1344 2271 1492 2306 humana:
1516 2272 1739 2306 conditionem
1757 2270 1805 2305 sa-

423 2325 462 2356 tis
486 2322 703 2358 considerant:
727 2322 798 2358 sunt
826 2323 914 2356 enim
931 2323 970 2356 ad
982 2324 1126 2370 corporis
1145 2321 1444 2363 conservationem,
1468 2320 1668 2356 &tuendam
1690 2320 1823 2354 huma->

423 2374 456 2407 ni
481 2374 607 2420 generis
627 2370 815 2408 societatem
833 2372 922 2407 datae.
939 2369 1037 2406 Tolle
1062 2370 1262 2417 voluptatem
1283 2380 1416 2404 omnem
1430 2398 1440 2413 ,
1463 2380 1520 2404 aut
1538 2368 1704 2413 dolorem,
1721 2366 1803 2406 nulli
