1857 2745
433 137 793 176 TRACT.ATUS
845 137 1080 176 PRIMUS.
1446 159 1458 182 1

66 188 274 228 concussum:
297 187 374 224 ci'im
394 189 498 225 multa
522 189 618 224 nobis
644 189 790 236 quotidie
819 201 876 237 per
896 185 1120 224 inductionem
1140 199 1216 223 vera
1236 193 1270 226 &
1291 201 1379 225 certa
1394 156 1457 227 dtidi-

73 241 208 275 deantur
220 270 230 285 ,
253 251 325 289 quae
343 239 412 275 aliis
427 240 656 288 experimentis
669 236 745 273 falsa
756 236 816 274 esse
830 239 1124 288 deprehenduntur,
1137 240 1183 273 uti
1196 237 1252 275 suo
1261 238 1335 274 loco
1349 241 1455 278 osten-

71 290 197 327 demus-

107 338 211 387 Qod
239 351 349 374 autem
366 337 481 374 eadem
498 337 535 374 fir
552 338 636 373 ratio
661 339 768 373 omnis
799 339 939 382 criterii,
964 350 1032 386 quae
1064 349 1132 372 erat
1152 340 1332 386 argumenti
1347 337 1461 374 assum*

67 391 143 436 -ptio
154 418 163 432 ,
181 388 232 424 seu
241 391 348 424 minor
364 386 540 437 propositio
552 415 562 430 ‚
576 387 652 423 hinc
665 387 784 435 liquet,
798 385 888 435 quod
907 389 1012 423 omnis
1022 385 1248 436 propositionis
1260 389 1391 430 veritas,
1404 380 1461 423 aut

71 437 236 473 evidentia
264 438 327 473 hoc
350 437 493 486 generali
510 438 671 486 principio
692 439 767 472 nixa
785 437 933 472 videatur
950 450 958 472 :
992 437 1080 485 quod
1100 437 1171 471 idea
1190 465 1199 479 ,
1216 448 1272 471 aut
1289 442 1459 485 perceptio

69 486 359 522 nostramanifeste
375 487 605 535 complectitur
627 515 636 530 ‚
665 486 698 521 id
717 487 757 521 de
784 499 818 521 re
840 485 905 534 ipsa
920 483 981 521 dici
1004 498 1060 521 aut
1083 486 1247 534 praedicari
1265 487 1382 534 potest.
1406 488 1459 521 Sic

71 545 178 571 totum
193 534 254 572 else
270 541 370 585 majus
391 536 440 571 sua
455 549 545 584 parte
557 535 718 572 afferimus
732 565 742 580 ,
759 534 849 584 quod
865 534 1059 571 attributum
1081 537 1115 569 in
1134 533 1269 581 subjecti
1290 535 1361 569 idea
1382 548 1460 570 con-

67 585 220 622 tineatur.
239 587 346 621 Simili
361 588 487 621 ratione
500 586 695 635 triangulum
712 583 772 621 else
785 584 939 634 figuram,
958 586 1198 632 quaternarium
1212 582 1272 618 effe
1290 597 1460 619 numerum

68 645 180 682 parem
193 664 203 678 ,
222 635 270 669 bis
284 636 349 670 duo
359 633 420 670 effe
429 647 587 682 quatuor,
604 647 694 670 certo
709 640 742 672 &
753 635 935 671 constanter
943 634 1135 670 affirmamus
1146 662 1156 676 ‚
1181 634 1271 681 quod
1297 636 1328 668 in
1340 633 1461 668 desini,

72 684 160 718 tione
179 712 189 727 ,
207 683 258 719 seu
276 686 309 719 in
329 684 400 719 idea
418 685 566 734 trianguli
588 684 693 733 figurae
713 689 796 732 ratio
809 713 819 728 ,
845 695 882 718 ut
897 686 930 719 in
945 685 1019 719 idea
1032 685 1323 731 quaternariiratio
1335 685 1461 718 numeri

66 734 153 780 paris
171 734 540 781 contineatur-Cumque
554 733 630 768 illud
643 735 751 769 statim
767 735 1018 769 occiirri'tmeiiti
1038 733 1246 768 mediocriter
1260 733 1460 777 attendenti,

65 791 140 816 turn
152 784 282 818 axioma
293 783 423 825 dicitur,
436 784 481 817 At
494 795 567 817 cum
580 784 652 817 idea
665 784 816 831 quaedam
827 812 837 827 ,
857 781 909 817 seu
931 785 1088 818 terminus
1102 780 1291 830 quaerendus
1315 781 1358 816 est
1378 810 1386 824 ,
1403 783 1461 829 qui

70 841 214 866 extrema
226 833 401 867 connectat
415 861 424 875 ,
442 844 511 866 tum
527 834 700 867 axiomaiis
711 845 834 867 nomen
851 845 922 867 non,
933 831 1066 867 obtinet
1088 846 1097 867 ;
1121 831 1171 866 sed
1186 843 1241 879 ptr
1259 831 1461 865 demonstra-

66 880 195 915 tionem
205 893 304 916 nexus
314 880 368 915 ille
381 879 584 930 cognoscitur
597 911 606 925 ,
619 892 654 916 ut
669 884 700 916 in
713 883 835 930 Logica
846 881 999 918 diximus.
1009 879 1135 916 Verum
1146 878 1310 927 utriusque
1324 880 1462 916 eviden-

70 930 115 962 tia
128 941 168 962 ex
183 931 300 965 eodem
323 932 481 979 principio
491 933 623 966 eruitur.
648 934 727 966 Non
737 933 825 965 enim
851 932 892 964 de
907 931 1002 965 rebus
1021 930 1117 964 aliter
1131 929 1274 978 judicare
1286 927 1461 978 pessimam,

69 976 170 1023 quam
188 977 360 1013 secundum
372 979 458 1012 ideas
473 1006 482 1021 ,
496 991 566 1025 quae
580 981 683 1015 menti
694 975 803 1014 nostrie
817 977 932 1015 insunt.
951 981 1119 1027 Qodque
1138 981 1172 1013 in
1189 979 1264 1013 idea
1275 980 1320 1013 rei
1336 1007 1346 1021 ,
1360 991 1461 1026 quam

64 1024 154 1059 'clai-e
171 1032 204 1064 ὅ(
218 1028 365 1062 ἀὶίὶίιιᾶε
381 1027 611 1075 intel'igimus‚
630 1030 840 1071 continetur,
869 1028 901 1061 id
917 1029 958 1062 de
971 1041 1009 1062 ea
1021 1041 1055 1063 re
1074 1040 1150 1062 vere
1176 1028 1239 1061 dici
1259 1028 1372 1076 potest.
1408 1030 1463 1063 Sic

70 1073 205 1109 dicimus
233 1076 428 1124 triangulum
441 1089 507 1111 non
525 1075 586 1110 esse
602 1077 792 1124 quadratum
809 1105 817 1119 ,
834 1078 913 1123 quia
926 1078 1048 1111 diversa
1074 1076 1118 1111 est
1133 1075 1295 1123 utriusque
1307 1077 1390 1113 idea.

110 1123 264 1170 Confirm.
293 1127 413 1160 iterum
427 1153 436 1168 ,
461 1127 494 1159 in
520 1125 583 1160 hoc
609 1123 783 1173 probabile
796 1124 820 1160 ὲ
836 1137 917 1159 vero
937 1130 970 1161 &
986 1137 1078 1160 certo
1089 1124 1247 1173 discrepat
1267 1153 1277 1168 ,
1312 1125 1400 1171 quod
1432 1127 1466 1162 in

68 1171 238 1221 probabili
269 1186 326 1210 aut
354 1175 388 1209 in
411 1171 574 1209 verisimili
587 1174 711 1222 judicio
733 1186 803 1208 rem
832 1172 932 1222 ipsam
953 1187 1019 1209 non
1041 1173 1114 1208 satis
1138 1173 1222 1208 clare
1244 1178 1279 1211 &
1308 1174 1463 1211 distincte

68 1223 286 1271 percipiamus
315 1237 322 1259 :
353 1234 464 1258 contra
483 1235 592 1258 autem
617 1225 753 1266 evenit,
781 1221 837 1257 ubi
857 1234 980 1258 certum
995 1223 1042 1258 est
1063 1229 1097 1260 δε
1111 1223 1262 1259 constans
1280 1223 1433 1270 judicium
1452 1239 1462 1260 :

69 1282 140 1306 tum
161 1274 247 1308 enirn
272 1273 349 1308 ideae
365 1301 374 1317 ‚
401 1271 453 1308 seu
471 1275 698 1322 perceptiones
715 1273 959 1321 quasjudicium
969 1271 1208 1322 praesupponit,
1233 1271 1326 1307 clarae
1344 1272 1462 1312 sunt&

68 1319 244 1359 distmaestae.

117 1369 205 1405 Cum
219 1383 330 1406 autem
350 1372 475 1408 intiinae
499 1384 607 1406 rerum
623 1369 835 1414 diffitentiae,
865 1370 918 1406 seu
941 1370 1115 1419 qualitates
1133 1369 1312 1406 essentiales
1342 1384 1463 1420 magna

71 1430 114 1454 ex
129 1431 222 1467 parte
238 1432 297 1454 nos
313 1419 435 1468 fugiant
447 1449 456 1463 ,
476 1425 509 1457 ὅ(
522 1418 618 1455 rebus
631 1417 846 1454 diffimillimis
864 1420 1038 1467 qualitates
1054 1420 1246 1468 plerumque
1264 1418 1379 1456 similes
1389 1433 1464 1456 con-

69 1470 226 1511 veniant,
245 1480 285 1503 ex
300 1466 390 1517 signis
408 1467 546 1517 persaepe
569 1481 636 1515 quae
652 1480 703 1502 res
716 1469 912 1503 antecedunt
928 1498 937 1512 ,
964 1480 1020 1503 aut
1037 1471 1254 1511 comitantur,
1277 1481 1331 1503 aut
1350 1469 1463 1505 conse-

67 1529 211 1564 quuntiir
220 1546 229 1559 ,
247 1518 287 1551 de
299 1516 393 1552 rebus
411 1517 477 1564 ipsis
486 1518 664 1566 judicamus
674 1546 684 1561 ,
697 1522 731 1554 ὃ(
745 1516 810 1565 ipsa
821 1516 1097 1552 verisimilitudine
1107 1519 1253 1552 contenti
1266 1515 1381 1554 sumus,
1402 1520 1463 1555 At-

67 1577 136 1613 que
171 1564 261 1614 hujus
282 1565 522 1614 probabilitatis
543 1568 620 1602 varii
639 1565 709 1601 sunt
719 1566 836 1615 gradus
851 1595 861 1610 ,
885 1568 1060 1616 utpropiiis
1083 1567 1122 1600 ad
1136 1565 1235 1614 ipsam
1260 1568 1464 1602 certitudinis

72 1614 274 1649 evidentiam
294 1615 451 1650 accedunt
467 1645 476 1659 ‚
497 1626 552 1649 aut
574 1613 616 1648 ab
628 1628 665 1649 ea
683 1614 809 1664 longius
823 1616 986 1652 recedunt.
1001 1617 1051 1650 Sic
1065 1615 1145 1650 illud
1164 1626 1247 1663 pene
1271 1612 1394 1650 certum
1409 1617 1464 1661 est,

73 1674 113 1698 ex
130 1666 225 1698 variis
239 1666 324 1712 typis
344 1675 467 1699 temere
491 1663 624 1700 confusis
636 1677 804 1712 nunquam
827 1665 979 1700 AEneidos
1001 1663 1125 1698 versum
1147 1661 1273 1699 confici.
1309 1664 1389 1712 Qio
1410 1678 1466 1701 au-

70 1723 139 1747 tem
157 1711 247 1761 plura
257 1713 368 1749 sunt&
382 1713 516 1748 fortiora
529 1715 678 1749 veritatis
692 1714 812 1749 indicia
828 1743 837 1757 ‚
852 1714 915 1749 hoc
933 1726 981 1749 res
996 1712 1060 1763 ipsa
1071 1713 1117 1748 est
1132 1710 1331 1747 verisimilior
1366 1716 1468 1750 Unde

74 1773 148 1796 curn
160 1765 311 1796 veritates
328 1761 399 1796 aliae
411 1761 469 1797 sint
482 1765 590 1810 primae
603 1793 612 1807 ‚
630 1775 667 1798 ut
680 1764 729 1798 v'ir
742 1763 854 1799 clariis.
869 1766 913 1799 D.
926 1766 1092 1798 Marione
1108 1760 1267 1810 aptissime
1285 1761 1465 1808 distinguit,

71 1808 138 1845 sive
155 1810 217 1845 illae
229 1810 288 1846 suit
303 1810 537 1847 intelletstuales
549 1841 557 1854 ‚
573 1823 609 1846 iit
621 1824 727 1846 totum
741 1810 802 1847 effe
820 1817 919 1861 majus
938 1811 988 1847 sua
1005 1824 1176 1860 parre,quae
1189 1809 1308 1845 scilicet
1321 1803 1464 1849 sensuum

74 1860 265 1894 testimonio
279 1873 343 1895 uon
356 1872 454 1909 egent
470 1859 554 1903 3sive
567 1861 625 1896 sint
636 1859 793 1894 sensibiles
806 1890 817 1904 ,
829 1873 864 1896 iit
874 1865 984 1909 ignem
1000 1860 1177 1895 calefacere
1189 1878 1197 1902 ·‚
1208 1859 1277 1894 aliae
1298 1873 1338 1895 ex
1352 1863 1387 1895 iis
1407 1861 1466 1896 du-

75 1911 145 1945 ekae.
170 1910 253 1960 Q
274 1922 311 1943 ex
331 1909 377 1944 liis
392 1909 585 1958 colliguntur
598 1909 832 1957 propositiones
852 1909 1063 1952 universales,
1084 1909 1221 1944 eundem
1239 1922 1323 1961 pene
1340 1909 1466 1946 habent

75 1960 277 1995 certitudinis
297 1964 328 1996 &
348 1960 520 1994 evidentiae
532 1960 667 2008 gradum
688 1987 697 2002 ,
717 1971 752 1992 ac
778 1957 1012 2007 propositiones
1035 1957 1154 1992 crebris
1179 1957 1468 1994 observationibus

76 2008 274 2056 exploratae3
292 2019 327 2043 ut
337 2007 481 2057 lapidem
497 2008 612 2044 sursum
627 2008 807 2056 projectum
823 2008 968 2043 recidere
982 2037 991 2051 ,
1009 2008 1186 2042 dummodo
1202 2006 1264 2042 alia
1286 2020 1352 2042 non
1374 2006 1467 2044 subsit

75 2056 166 2092 causa
185 2059 343 2093 contraria
361 2086 368 2099 ‚
390 2070 460 2105 quae
479 2059 564 2093 hunc
590 2057 742 2094 efferum
759 2056 952 2106 prohibeat:
969 2057 1050 2091 adeo
1080 2069 1116 2092 ut
1139 2070 1205 2092 non
1227 2057 1258 2090 id
1284 2067 1408 2092 tantum
1430 2056 1467 2094 fit

75 2104 266 2155 probabile,
285 2105 338 2141 sed
347 2119 468 2142 cerrum
483 2113 515 2144 &
538 2106 774 2151 inconcussum,
794 2106 936 2156 lapidem
954 2119 1087 2142 omnem
1107 2105 1220 2141 siirsiim
1239 2108 1420 2153 projectum
1433 2109 1469 2144 in

76 2166 195 2190 terram
209 2154 311 2191 relabi
329 2169 337 2191 :
355 2156 534 2192 dummodo
556 2156 640 2191 nulla
662 2155 698 2191 fit
710 2155 801 2191 causa
814 2169 885 2203 quae
909 2156 981 2191 huic
994 2155 1053 2191 aff.
1062 2157 1125 2191 &ui
1146 2154 1261 2190 obstet.
1287 2157 1363 2190 Haec
1379 2156 1467 2192 enim

77 2204 253 2252 propositio
266 2205 447 2241 universalis
463 2205 655 2254 qualitatem
669 2206 805 2254 quidem
827 2205 927 2254 lapidi
943 2207 1076 2240 minime
1093 2204 1287 2239 essentialem
1311 2207 1469 2242 enuntiat:

79 2251 132 2287 sed
148 2266 186 2287 ex
197 2258 330 2290 veritate
341 2258 443 2304 prima
462 2261 495 2293 &
511 2254 647 2290 sensibili
668 2285 677 2299 ‚
693 2268 763 2302 quae
789 2256 963 2290 innumeris
991 2255 1225 2303 experimentis
1243 2253 1289 2287 est
1312 2252 1467 2298 subnixa,

79 2300 240 2351 colligitur
269 2305 319 2338 Sic
331 2307 430 2340 etiam
440 2305 520 2340 mihi
533 2316 654 2340 certum
669 2304 713 2339 est
729 2310 762 2342 δε
773 2304 906 2340 evidens
925 2316 979 2343 me,
998 2317 1062 2338 non
1074 2302 1230 2338 somniare
1248 2331 1258 2345 ‚
1275 2301 1327 2337 sed
1350 2303 1468 2352 vigila-

79 2363 133 2395 re,
151 2364 224 2387 cum
237 2351 320 2387 clare
331 2354 427 2387 video
437 2367 486 2389 res
496 2367 609 2389 omnes
620 2367 728 2390 coram
776 2352 866 2389 ofitas
885 2354 1003 2388 eodem
1012 2353 1112 2387 modo
1130 2350 1289 2400 dispositas
1304 2381 1312 2396 ,
1334 2364 1371 2386 ac
1387 2353 1469 2389 mhi

81 2399 151 2436 sunt
161 2413 237 2438 ante
248 2399 394 2451 'cognitae
408 2431 418 2447 ‚
432 2416 494 2440 nec
503 2405 676 2453 quicquam
686 2368 853 2454 perspe&o
863 2401 1025 2438 causarum
1034 2406 1071 2439 &
1082 2401 1255 2438 effi-<siunai
1270 2401 1468 2440 naturalium

246 2464 248 2466 ·
1173 2453 1188 2486 1
1202 2452 1233 2485 i'i
1269 2452 1299 2498 iij
