1857 2745
555 127 1001 167 S'IGILLAT1M;.
1415 144 1480 182 ως..

481 221 934 257 Alimentus
993 220 1079 256 ιιι..

227 284 452 334 Qaestiunculae
464 287 589 333 aliquot
604 288 687 322 circa
698 299 798 336 genus
809 284 848 321 (θ’
863 284 1074 332 dtffirentiam
1085 288 1296 322 mentiuntur.

178 377 256 412 Unc
273 375 350 410 illud
364 375 462 410 restat
472 404 481 419 ‚
494 387 529 410 ut
540 389 608 411 non
620 374 720 411 solum
731 387 915 424 genus—cum
930 375 1114 410 differentia
1132 404 1142 418 ‚
1159 373 1209 411 sed
1220 382 1253 413 &
1267 377 1466 413 differentias

179 427 263 459 inter
280 424 309 459 se
327 425 532 460 conferamus
550 442 558 469 ;
582 437 619 460 ac
639 428 780 474 primum
798 424 967 471 quomodo
982 435 1083 472 genus
1102 425 1287 472 praedicetut
1307 428 1346 460 de
1369 426 1466 461 diffe-

85 475 423 521 tentiainquirendum
434 488 441 510 :
454 475 492 508 id
503 477 591 509 enim
602 477 731 523 proprie
750 474 789 508 ad
810 475 966 523 Logicam
976 473 1117 520 pertinet
1127 503 1136 516 ‚
1147 484 1183 507 ut
1193 474 1346 509 attributa
1361 488 1465 512 rerum

84 520 269 566 effentialia‚
286 536 355 558 non
364 535 430 558 tam
443 536 479 558 ut
491 522 561 558 sunt
573 526 611 559 in*
623 525 717 559 rebus
727 554 736 568 ,
757 525 868 570 (quod
878 523 918 556 ad
932 520 1190 571 Metaphyficam
1201 522 1346 571 spectat)
1366 524 1466 571 quam
1483 553 1486 554 γ

58 571 60 574 ’
85 582 121 606 ut
136 572 364 619 ptaedicantut,
381 585 434 608 aut
452 574 492 607 de
513 572 693 608 seinvicem
708 603 718 617 ‚
734 584 790 606 aut
802 572 842 606 de
856 571 1072 614 inferioribus,
1085 570 1275 609 consideret.

118 622 264 656 Primum
279 623 389 668 itaque
406 623 438 656 id
452 624 598 669 quaeritur
613 651 622 665 ,
637 622 806 671 quomodo
826 633 928 669 genus
941 622 980 656 de
993 619 1174 657 differentia
1189 623 1378 670 praedicetur
1390 652 1400 666 ‚
1411 634 1468 658 aut

84 668 218 705 viciffim
238 668 418 705 differentia
435 671 475 705 dc
496 683 627 720 genere.

121 719 210 767 Kasp.
225 719 487 754 Praedicationem
507 717 765 769 else'dupl'rcem:
785 731 851 753 una
867 719 912 753 est
927 718 1109 762 materialis,
1123 718 1267 754 formalis
1280 718 1392 755 altera.
1408 718 1468 754 Illa
1482 743 1485 745 -

85 765 123 802 fit
145 779 218 802 cum
241 765 421 815 subjectum
443 773 478 805 &
492 768 701 816 praedicatum
724 768 794 803 sunt
806 779 869 802 una
885 773 919 805 &
939 768 1055 802 eadem
1068 780 1116 802 res
1131 797 1140 811 ‚
1162 769 1215 803 sed
1230 781 1298 803 non
1313 769 1360 803 est
1379 769 1467 804 idem

86 815 247 863 utriusque
264 828 439 864 conceptus
453 846 463 860 ,
477 816 531 852 vel
544 817 625 853 idea.
645 818 725 863 Qo
741 817 873 864 quidem
887 817 989 852 modo
1001 815 1183 852 differentia
1192 818 1232 852 de
1248 830 1368 867 genere
1388 819 1468 852 dici-

85 875 135 898 tur
146 893 156 908 ‚
169 864 366 907 autviciffim
380 878 479 913 genus
501 866 541 900 de
557 865 748 903 differentia.
766 867 853 901 Cum
869 869 958 901 enim
973 866 1106 900 dicimus
1120 895 1129 910 ‚
1149 867 1339 902 Animalitas
1358 867 1405 901 est
1416 879 1470 902 ra.

85 913 270 957 tionahtas,
281 926 356 948 vera
369 915 416 948 est
433 914 487 948 illa
505 915 681 962 propofitio
695 917 729 950 in
742 914 828 950 sensu
845 914 1022 950 materiali:
1043 915 1089 949 est
1115 918 1204 951 enim
1219 928 1283 951 una
1301 921 1335 951 &
1352 916 1466 950 eadem

86 974 157 1005 res3
178 975 247 998 non
263 975 373 998 autem
384 963 431 997 est
453 962 675 1000 verainsensu
689 963 839 999 formali:
863 975 976 999 neutra
991 965 1079 999 enim
1093 964 1266 999 includitur
1289 966 1322 999 in
1340 964 1465 1000 alterius

87 1011 179 1053 idea,
199 1011 252 1046 vel
271 1023 446 1060 conceptu.

121 1059 274 1094 formalis
290 1071 400 1094 autern
418 1060 532 1094 estilla
550 1062 732 1109 praedicatio
745 1090 754 1104 ,
770 1063 885 1096 Homo
899 1060 946 1094 est
964 1059 1105 1104 animal,
1130 1061 1207 1106 quia
1221 1060 1341 1095 animal
1363 1062 1408 1095 est
1425 1062 1466 1096 de

85 1109 212 1144 rat-Ione
227 1138 236 1152 ‚
247 1107 299 1143 seu
309 1109 349 1143 de
367 1121 526 1157 conceptu
538 1110 698 1146 hominis:
715 1123 784 1145 non
797 1110 851 1144 illa
867 1109 913 1142 est
937 1108 1079 1143 formalis
1090 1138 1099 1152 ,
1115 1110 1314 1144 Humanitas
1329 1109 1376 1143 est
1397 1113 1469 1145 ani,

87 1156 220 1194 malitas.
242 1159 392 1193 Ratioea
410 1158 474 1201 est,
500 1161 588 1206 quod
609 1172 710 1208 genus
729 1165 761 1196 &
781 1158 898 1208 species
915 1160 947 1192 in
972 1170 1090 1206 genere
1111 1157 1290 1193 substantiae
1306 1159 1470 1206 praedicari

87 1204 230 1242 debeant
250 1219 305 1256 per
322 1207 456 1242 modum
471 1210 515 1242 rei
533 1207 721 1244 subsistentis
732 1238 742 1252 ,
759 1214 792 1245 &
806 1207 1055 1255 quodammodo
1073 1206 1262 1255 completae:
1279 1207 1330 1242 sed
1346 1207 1466 1242 abstra-

88 1257 159 1299 sta,
185 1267 221 1291 ut
235 1256 415 1292 humanitas
441 1261 475 1293 δε
493 1258 674 1293 animalitas
686 1287 695 1302 ‚
716 1270 872 1305 tanquam
891 1268 995 1304 partes
1014 1255 1193 1291 substantia:
1213 1261 1246 1292 δε
1260 1257 1466 1305 incompleta:

87 1306 312 1353 concipiuntur
325 1319 331 1339 :
344 1306 428 1340 unde
439 1307 526 1341 reete
539 1308 672 1342 dicimus
686 1307 856 1342 hominem
868 1304 928 1341 effe
942 1305 1078 1341 animal:
1098 1306 1186 1352 quod
1197 1307 1285 1340 enim
1298 1304 1398 1340 habet
1409 1305 1468 1340 hu-

87 1355 279 1390 manitatem
294 1384 303 1398 ‚
317 1355 403 1389 idem
416 1354 516 1390 habet
530 1356 766 1392 animalitatem
781 1370 788 1391 :
804 1368 873 1390 non
886 1366 997 1389 autem
1010 1354 1191 1390 humanitas
1210 1354 1252 1388 est
1271 1354 1467 1397 animalium,

87 1401 199 1438 saltem
214 1405 246 1438 in
263 1402 351 1439 sensu
365 1403 505 1441 formali.
515 1405 640 1440 Contra
656 1417 705 1439 res
719 1405 748 1439 se
759 1403 860 1439 habet
873 1406 906 1438 in
919 1403 1156 1439 accidentibus:
1176 1415 1251 1438 nam
1267 1405 1354 1438 rech
1370 1404 1417 1438 est
1433 1409 1467 1442 ὅς

88 1450 233 1486 formalis
245 1453 426 1500 praedicatio
437 1455 470 1488 in
484 1453 647 1489 abstraito
657 1483 665 1497 ‚
682 1465 721 1488 ut·
734 1452 854 1487 albedo
865 1453 907 1486 est
922 1451 1013 1486 color
1027 1480 1036 1494 ‚
1054 1453 1172 1499 justitia
1182 1452 1226 1486 est
1239 1454 1351 1488 virtus,

122 1502 222 1534 Ratio
235 1501 326 1546 hujus
343 1500 531 1535 discriminis
543 1514 579 1535 ea
595 1502 731 1543 videtur,
744 1501 829 1547 quod
846 1499 1022 1548 subjectum
1034 1514 1102 1534 non
1120 1502 1280 1546 pertineat
1291 1502 1330 1533 ad
1347 1501 1469 1541 ideam,

91 1547 145 1583 vel
163 1559 358 1596 conceptum
372 1549 548 1583 accidentis
560 1578 570 1592 ‚
583 1551 730 1596 quamvis
744 1548 823 1583 illud
839 1559 1005 1583 connotet.
1024 1548 1113 1581 Hinc
1123 1560 1312 1582 concretum
1325 1549 1468 1583 accilen.

93 1596 156 1632 tale
174 1597 220 1631 est
231 1610 329 1632 unum
342 1598 508 1644 quoddam
527 1609 583 1645 per
600 1597 817 1633 acciden52ex
828 1596 949 1637 duplici
963 1598 1051 1630 enim
1064 1593 1194 1630 elscntia
1212 1594 1344 1645 subjecti
1360 1604 1392 1634 ἅ-
1413 1611 1466 1632 ac-

92 1646 227 1681 cidentis
239 1644 406 1680 coalescit:
422 1657 458 1679 ut
468 1644 578 1680 album
588 1658 626 1680 ex
637 1647 762 1693 pariete
777 1673 785 1688 ‚
798 1650 832 1681 &
848 1643 1013 1679 albedine.
1038 1644 1101 1678 Sed
1122 1657 1308 1680 concretum
1330 1645 1469 1681 substin-

93 1693 169 1729 tiale
182 1723 192 1737 ‚
202 1705 237 1728 ut
248 1693 350 1728 horno
361 1724 371 1738 ‚
390 1693 438 1727 est·
451 1707 550 1728 unum
588 1706 621 1728 er
643 1694 672 1729 se
686 1723 694 1737 ‚
707 1694 738 1728 id
750 1695 791 1728 est
806 1723 815 1737 ‚
834 1695 926 1728 unius
941 1691 1077 1727 effentiae
1089 1721 1098 1735 ‚
1119 1699 1153 1730 &
1166 1694 1338 1742 completae
1353 1710 1360 1729 ε
1379 1698 1466 1730 unde

91 1745 124 1777 in
139 1741 360 1779 accidentibus
379 1755 500 1790 genera
511 1748 546 1779 &
569 1745 675 1791 pecies
693 1744 780 1778 redte
797 1742 1007 1791 praedicantur
1019 1744 1053 1775 in
1068 1741 1230 1778 abstracto
1245 1758 1252 1779 :
1276 1757 1342 1778 non
1359 1747 1403 1778 ita
1418 1757 1467 1778 res

91 1790 122 1827 se
141 1790 285 1826 habetin
298 1804 419 1840 genere
432 1790 624 1826 substantiae.
645 1795 698 1827 De
710 1791 858 1840 subjectis
877 1803 956 1825 vero
971 1788 1171 1833 differentia,
1187 1794 1351 1839 proprium
1370 1799 1401 1829 S<
1415 1806 1468 1826 ac-

95 1841 203 1875 cidens
219 1842 250 1874 in
265 1852 418 1875 concreto
431 1842 518 1876 recte
530 1842 760 1889 ptaedicantur:
778 1853 811 1875 ut
822 1842 935 1875 Homo
952 1840 994 1873 est
1003 1839 1166 1874 rationalis
1180 1868 1188 1878 ,
1205 1852 1260 1874 aut
1270 1841 1362 1888 justus
1374 1855 1381 1876 :
1393 1854 1468 1875 nam

93 1890 300 1938 praedicantur
311 1890 344 1924 in
362 1889 455 1937 quale
466 1918 475 1932 ‚
486 1889 540 1924 seu
555 1903 611 1937 per
632 1890 765 1925 modum
776 1890 962 1937 adjacenti&

141 1939 274 1987 Qres
288 1944 331 1973 2⁰.
355 1941 405 1975 An
426 1938 606 1974 differentia
626 1937 767 1986 superior
786 1937 965 1972 includatur
981 1939 1015 1973 in
1029 1936 1176 1972 inferiori
1198 1949 1206 1971 :
1224 1948 1329 1971 utrum
1349 1936 1466 1974 sensiti-

94 2000 172 2023 vum
183 2000 229 2023 ex.
241 1999 286 2036 gr.
298 1987 333 2022 fit
345 1989 385 2022 de
394 2000 553 2036 conceptu
568 2017 577 2031 ‚
591 1987 643 2022 vel
665 1988 737 2022 idea
747 1986 924 2023 rationalis·

135 2038 225 2085 Rqsse.
244 2039 419 2086 Negative.
441 2037 543 2085 quue
555 2050 592 2072 ex
603 2037 695 2072 dietis
706 2036 809 2084 liquet
822 2050 829 2071 :
842 2038 982 2076 primum
996 2038 1083 2071 enini
1098 2048 1169 2069 cum
1183 2046 1281 2080 genus
1296 2048 1364 2070 non
1379 2035 1413 2070 {it
1427 2037 1468 2072 de

96 2087 219 2120 ratione
235 2084 423 2121 diffsrentiae
433 2115 442 2129 ,
454 2098 490 2121 ut
501 2087 698 2121 ostendimus
710 2098 788 2129 ·‚nec
800 2084 982 2121 differentia
994 2115 1002 2128 ‚
1014 2098 1083 2118 onae
1098 2084 1257 2118 constituit
1268 2097 1368 2130 genus
1381 2114 1391 2128 ,
1409 2088 1475 2121 erit⁴

97 2134 138 2167 de
151 2136 273 2169 ratione
288 2164 297 2177 ‚
313 2147 368 2170 aut
386 2136 458 2170 idea
479 2135 669 2170 differentiae
690 2133 857 2182 specificae.
879 2135 1007 2169 Deinde
1027 2133 1047 2168 si
1073 2134 1145 2167 idea
1161 2133 1306 2167 animalis
1335 2146 1400 2167 non
1418 2137 1469 2169 in-

98 2182 237 2218 cluditur
259 2186 291 2218 in
313 2183 462 2219 rationali
483 2199 489 2218 ;
505 2183 686 2220 senfitivum
699 2212 709 2226 ,
737 2184 824 2230 quod
840 2184 1002 2220 constituit
1020 2180 1156 2223 animal,
1171 2194 1236 2215 non
1249 2181 1419 2217 includitur
1435 2187 1466 2218 in

98 2242 271 2280 conceptu,
282 2233 335 2267 vel
344 2234 415 2267 idea
429 2233 597 2269 rationalis.

133 2280 263 2326 opp-1⁶.
279 2282 452 2317 Rationale
464 2283 550 2317 idem
562 2283 605 2317 est
622 2293 720 2328 atque
729 2281 830 2316 homo
847 2294 854 2315 :
870 2280 921 2316 sed
941 2281 1039 2315 homo
1050 2278 1185 2313 includit
1200 2278 1381 2314 formaliter
1397 2285 1464 2316 ani-

98 2326 163 2362 mal
175 2341 183 2361 ·.
194 2331 476 2376 ergo&rationale
489 2343 620 2378 quoque
633 2329 752 2365 animal
771 2329 871 2377 ipsum
884 2329 1028 2364 includit.
1054 2330 1103 2361 Sic
1117 2326 1295 2362 senlitivum
1314 2328 1358 2363 est
1375 2330 1469 2366 diffe-

95 2378 197 2412 rentia
208 2380 359 2459 ibi-ventis,
373 2392 433 2415 nec
447 2391 556 2418 tamen
563 2378 745 2418 senfitivum
755 2380 880 2427 concipi
894 2377 1006 2428 potest,
1015 2375 1069 2413 nifi
1082 2377 1171 2412 idem
1182 2375 1217 2411 fit
1230 2378 1353 2412 vivens.

246 2439 299 2460 om.
321 2429 350 2465 Ι.
1291 2427 1325 2461 O

937 2458 957 2475 Φ
