1857 2745
338 148 405 191 ‘486
762 141 1277 181 VJM'ETAPHYslcAE

343 206 401 231 tet.
420 194 521 242 Qod
538 193 658 242 duplici
669 202 760 228 motu
777 192 901 228 feratur
912 221 922 237 ,
939 205 1004 228 uno
1024 195 1192 229 communi
1206 198 1241 230 &
1262 191 1457 229 horizontali
1474 219 1484 236 ,
1509 202 1606 239 quem
1618 191 1728 230 &navi

341 254 502 278 mutuatur
512 272 521 285 ,
546 242 648 277 altero
663 239 780 277 sursum
793 244 851 290 qui
869 240 911 276 ab
926 253 1000 276 arcu
1014 243 1220 290 imprimitur.
1233 242 1321 277 Cum
1335 253 1444 277 tamen
1457 251 1564 276 motus
1579 242 1728 280 deorsum

339 305 405 326 non
417 289 452 324 sit
466 291 634 339 aequabilis
647 321 656 336 ,
674 290 725 325 sed
735 303 792 340 per
811 303 961 326 numeros
981 293 1118 338 impares
1129 291 1344 333 acceleretur,
1359 303 1395 326 ut
1405 293 1437 326 in
1450 287 1581 338 Physica
1591 289 1729 328 demon.

340 338 504 375 strabimus
516 370 526 384 ‚
554 340 670 389 globus
688 345 743 375 aut
764 340 878 389 sagitta
891 351 984 375 motu
1001 340 1182 388 composito
1196 353 1262 376 non
1280 341 1405 376 restam
1422 339 1544 376 lineam
1556 339 1585 375 A
1599 341 1629 374 G
1640 367 1653 385 ,
1674 339 1728 377 sed

340 401 471 424 curvam
484 389 657 435 describit,
675 392 724 425 uti
736 390 854 425 eodem
872 391 906 425 in
922 389 995 425 loco
1015 389 1178 427 dicemus
1438 408 1441 409 ⁷

842 487 1025 522 Diluuntur
1041 486 1236 533 objefliones.

372 586 479 622 Multa
495 588 619 636 opponi
634 586 738 623 solent
757 584 906 622 adversus
926 585 1130 621 existentiam
1143 615 1152 630 ‚
1171 592 1205 624 δε
1224 600 1374 624 naturam
1386 602 1516 634 motus,
1537 603 1573 627 ut
1593 591 1614 628 ἐι
1632 589 1730 626 nobis

335 635 573 684 fuitexplic‘ata
591 650 599 672 ε
625 639 704 684 quin
719 641 752 673 δέ
767 635 871 685 plures
888 633 970 670 fiunt
983 635 1220 682 qutestiunculae
1234 666 1253 681 ,.
1268 651 1334 673 non
1352 642 1462 687 magni
1482 641 1617 688 quidem
1636 638 1732 683 usu-0⁴1,

339 684 392 720 sed
405 698 478 720 cum
488 685 546 720 sint
559 688 592 720 in
604 685 716 720 scholis
732 688 834 727 tritae,
853 686 1058 733 praetermitti
1075 698 1141 720 non
1151 685 1285 724 debent.
1306 688 1407 722 Simul
1421 690 1529 736 itaque
1544 695 1577 727 &
1587 693 1625 724 iis
1639 694 1730 737 ’φικ-

340 733 502 769 stiunculis
517 763 526 778 ‚
541 739 575 771 ὅ(
588 736 623 769 iis
636 747 707 783 quae
722 733 825 784 objici
835 733 939 769 solent
949 761 960 777 ‚
977 734 1076 781 quarn
1091 733 1276 771 breviffime
1295 735 1365 771 fieri
1379 740 1502 786 poterit
1514 767 1524 782 ‚
1545 737 1730 775 satisfacere

337 782 537 819 conabimur.
904 797 906 799 ·
975 824 979 828 ,
1660 796 1663 801 ’

375 833 447 882 Opp
462 842 499 869 ‚1“
514 832 590 868 illud
605 835 749 869 Zenonis
766 843 995 881 argumentum
1011 861 1021 876 ‚
1036 830 1200 868 infinitum
1210 848 1279 870 non
1289 832 1375 883 posse
1387 835 1480 873 finito
1495 849 1645 888 tempore
1657 828 1731 886 pe'r.

339 884 442 925 curri,
461 881 513 917 sed
530 881 665 931 spatium
680 882 769 930 quod
781 894 875 917 motu
890 884 1082 930 percurritur
1101 883 1148 916 est
1164 883 1339 921 infinitum.
1359 886 1441 934 Ergo
1458 891 1523 924 &c.

377 931 572 980 Respondent
583 930 652 973 dist.
664 932 778 976 majbr.
789 930 956 966 Infinitum
970 932 1046 965 aeta
1057 959 1067 973 ‚
1086 938 1119 969 &
1131 932 1455 980 Categorematicum
1465 964 1475 978 ,
1501 939 1538 972 Cr
1564 933 1731 971 infinitum

339 982 508 1026 potentii,
532 982 581 1014 N.
602 982 681 1015 Huc
695 980 778 1015 adde
798 991 924 1029 tempus
942 980 1060 1014 eodem
1080 981 1182 1016 modo
1202 980 1263 1018 effe
1282 980 1448 1019 infinitum
1460 1013 1470 1030 ,
1494 998 1561 1034 quo
1572 983 1730 1032 spatium,

339 1032 486 1075 potentia
505 1033 676 1072 nimirum,
691 1043 759 1064 non
777 1032 863 1066 actu.
1071 1032 1086 1038 ’Δ
1594 1052 1597 1055 ’
1619 1052 1621 1054 ’

373 1078 506 1121 Instant.
537 1081 646 1113 Partes
665 1078 754 1126 spatii
770 1082 893 1126 priores
912 1080 994 1126 prius
1011 1078 1136 1112 decurri
1151 1079 1275 1118 debent
1288 1111 1298 1126 ‚
1316 1080 1416 1129 quiam
1434 1082 1626 1130 posteriores
1647 1093 1656 1115 ε
1676 1077 1730 1114 sed

339 1126 424 1160 nulla
439 1127 485 1160 est
502 1130 623 1174 prima:
638 1139 717 1175 ergo
730 1139 900 1173 nunquam
911 1139 1018 1162 motus
1036 1129 1177 1175 incipiet.
1201 1133 1291 1167 Hinc
1308 1131 1386 1166 illud
1401 1131 1484 1165 adeo
1497 1132 1532 1165 in
1551 1128 1665 1165 scholis
1678 1132 1728 1177 ja*-

340 1177 459 1210 &atum
487 1175 845 1212 Achillis&testudinis
856 1176 1063 1224 exemplum,
1090 1189 1254 1226 nunquam
1274 1179 1347 1215 fore
1366 1191 1404 1215 ut
1427 1179 1569 1216 Achilles
1594 1175 1729 1213 testudii.

339 1237 412 1260 nem
429 1222 608 1272 affequatur
621 1224 659 1268 ‚si
671 1224 800 1260 testudo
818 1224 964 1272 aliquam
980 1237 1125 1274 partem,
1144 1240 1223 1276 puta
1242 1229 1411 1264 dimidiam
1433 1228 1525 1278 spatii
1537 1226 1729 1263 decurrendi

338 1276 426 1322 prior
446 1273 642 1310 confecerit.
1689 1296 1691 1299 ⁴

378 1323 651 1371 Rcfpom'erisolet
663 1352 672 1367 ,
688 1335 815 1359 motum
831 1323 903 1359 fieri
925 1335 982 1372 per
995 1334 1102 1371 partes
1122 1324 1351 1362 determinatas
1362 1357 1372 1371 ,
1385 1340 1452 1362 non
1462 1338 1518 1376 per
1530 1336 1636 1375 partes
1651 1338 1728 1375 prou

338 1372 537 1420 portionales
549 1400 557 1414 ‚
579 1384 651 1418 quae
667 1385 830 1419 nunquam
848 1373 1006 1407 exhauriri
1033 1371 1168 1420 poffunt.
1189 1375 1314 1410 Verum
1330 1378 1363 1410 in
1382 1376 1486 1410 nostra
1499 1375 1654 1422 sententia
1668 1375 1727 1410 hu-

336 1420 478 1470 jusmodi
492 1420 713 1457 cavillationes
723 1420 817 1457 facile
827 1420 1008 1456 difflantur:
1025 1434 1090 1455 non
1105 1424 1193 1457 enirn
1218 1427 1408 1459 continuum
1420 1423 1547 1460 infinite
1566 1422 1726 1459 divisibile

342 1471 509 1504 statuimus
525 1481 643 1516 :atque
659 1470 718 1504 ista
729 1472 760 1504 in
774 1469 904 1519 Physica
926 1469 1069 1518 generali
1083 1469 1179 1506 fusius
1198 1484 1413 1521 exponentur.
1590 1485 1592 1487 ’
1678 1474 1694 1482 ”

376 1520 460 1568 Opp.
478 1533 503 1554 ι.
515 1521 626 1553 Motus
640 1517 659 1552 fi
672 1521 742 1566 quis
753 1517 855 1562 sit,vel
871 1520 954 1554 estin
970 1531 1127 1554 movente
1137 1550 1146 1564 ‚
1164 1521 1217 1556 vel
1229 1522 1271 1556 est
1288 1524 1319 1557 in
1331 1520 1511 1564 mobili,vel
1524 1522 1554 1554 in
1567 1518 1728 1568 utroque}

338 1581 405 1604 non
423 1570 563 1615 primum
580 1582 587 1603 :
609 1580 683 1602 nam
694 1580 802 1603 motus
816 1568 860 1603 est
875 1571 907 1604 in
916 1580 956 1603 eo
969 1572 1055 1616 cujus
1065 1569 1112 1603 est
1122 1571 1211 1605 astus
1225 1600 1235 1615 ,
1256 1582 1376 1620 nempe
1396 1573 1428 1606 in
1449 1568 1574 1604 mobili.
1590 1571 1724 1606 Deinde

339 1630 413 1652 cum
431 1617 509 1665 lapis
522 1619 687 1665 projicitur
700 1647 709 1661 ,
734 1629 842 1653 motus
862 1619 908 1652 est
921 1620 952 1652 in
964 1617 1070 1666 lapide
1086 1632 1174 1661 ‚non
1191 1622 1225 1654 in
1247 1622 1450 1669 projiciente.
1475 1619 1539 1653 Sed
1560 1631 1667 1667 neque
1678 1617 1726 1654 se.

338 1666 475 1701 cundum
487 1666 549 1700 dici
561 1667 666 1714 potest
677 1696 686 1710 ‚
703 1679 829 1702 motum
840 1665 902 1702 effe
914 1669 948 1702 in
957 1666 1074 1701 mobili
1087 1696 1096 1710 ,
1117 1681 1189 1703 cum
1202 1681 1309 1704 motus
1322 1668 1357 1704 fi:
1373 1671 1460 1704 astio
1472 1668 1621 1716 quaedam
1633 1697 1643 1711 ,
1655 1681 1726 1716 qux

340 1715 384 1749 est
398 1718 428 1750 in
447 1727 582 1763 agente,
600 1720 633 1751 &
656 1728 722 1750 tani
743 1716 936 1752 denominet
961 1728 1097 1751 movens
1116 1717 1217 1763 quam
1230 1717 1366 1755 mobile:
1387 1720 1434 1755 Ac
1456 1718 1588 1751 demum
1608 1717 1725 1752 eaderfi

340 1766 454 1799 entitas
465 1766 497 1799 in
511 1763 638 1799 duobus
657 1764 823 1814 subjectis,
843 1767 1054 1801 nimirumjn
1066 1779 1221 1802 movente
1236 1797 1247 1811 ‚
1269 1773 1301 1804 ὃ(
1321 1770 1354 1803 in
1374 1766 1492 1803 mobili
1509 1765 1570 1801 effe
1585 1778 1653 1802 non
1663 1779 1726 1815 po-

339 1814 399 1848 test
413 1828 421 1850 ε
433 1826 510 1861 ergo
522 1826 630 1849 motus
643 1815 722 1849 nihil
738 1817 876 1850 omnino
892 1815 947 1849 est.
1666 1830 1667 1833 ¹

375 1864 610 1911 Refpstlriotum
623 1876 689 1898 non
709 1862 770 1898 ess‘e
796 1866 966 1899 entitatem
984 1864 1166 1899 distineram
1187 1864 1207 1900 ἒι
1227 1877 1400 1907 movente,
1419 1864 1557 1904 mobili,
1578 1861 1722 1910 &spatio

338 1913 426 1959 quod
441 1913 630 1948 decurritur.
640 1915 674 1947 Si
684 1914 772 1947 enim
782 1915 889 1948 active
902 1911 1033 1948 sumitur
1045 1944 1053 1956 ‚
1069 1926 1104 1948 ut
1113 1914 1156 1948 est
1168 1914 1331 1950 transsitio
1341 1915 1380 1948 de
1392 1914 1465 1948 loco
1475 1915 1507 1948 in
1519 1912 1635 1955 locum,
1652 1923 1722 1947 tum

339 1963 444 1995 motio
458 1964 586 2010 proprie
601 1962 715 1998 dicitur
726 1976 734 1998 :
745 1974 781 1996 ut
795 1974 903 1999 motus
920 1962 963 1996 est
979 1962 1125 1998 transitus
1150 1964 1190 1997 de
1202 1963 1275 1998 loco
1288 1966 1320 1999 in
1333 1962 1457 2006 locum,
1480 1962 1589 2007 estque
1608 1962 1639 1994 in
1651 1973 1724 1994 mo·

338 2009 396 2043 bili
408 2039 416 2052 ‚
436 2012 540 2059 potius
557 2010 658 2059 quam
667 2014 699 2046 in
711 2023 881 2047 movente.
893 2013 982 2048 Nam
994 2012 1038 2045 est
1053 2013 1142 2046 aetus
1153 2012 1303 2059 mobilis3
1319 2014 1404 2049 aetio
1416 2009 1494 2047 vero
1503 2022 1570 2045 non
1580 2009 1623 2044 est
1637 2011 1722 2044 enti-

338 2070 385 2093 tas
395 2058 437 2093 ab
449 2071 565 2108 agente
583 2065 616 2097 &
627 2060 747 2096 effectu
758 2061 904 2103 distincta
918 2089 929 2103 ,
943 2062 989 2094 uti
1003 2072 1062 2094 nec
1072 2059 1179 2107 paffio.
1662 2062 1665 2065 ⁴

372 2110 501 2144 Deinde
516 2121 588 2143 cuni
604 2109 665 2144 effe
680 2111 715 2144 iri
731 2108 804 2144 loco
816 2138 824 2152 ,
835 2122 903 2144 non
921 2107 956 2143 fit
965 2110 1041 2156 quid
1053 2108 1308 2144 distinetumctre
1320 2108 1385 2156 ipfia
1399 2137 1407 2150 ‚
1425 2107 1485 2142 effe
1503 2107 1672 2144 success'ive
1684 2114 1719 2146 δε

337 2161 487 2193 continue
505 2159 537 2193 in
546 2158 657 2193 multis
671 2159 829 2202 locis,non
844 2158 928 2193 aliud
938 2159 1092 2204 quiddam
1109 2158 1154 2192 est
1169 2170 1285 2207 praeter
1298 2157 1422 2193 mobile
1437 2156 1537 2206 ipsum
1551 2158 1639 2202 quod
1653 2157 1720 2193 suc-

338 2205 455 2242 cessive
466 2206 587 2242 diversa
603 2207 673 2242 loca
686 2220 824 2256 occupat
836 2219 912 2250 3nec
927 2206 1050 2242 necess'e
1068 2208 1110 2242 est
1134 2207 1273 2243 formam
1293 2207 1342 2241 vel
1361 2209 1530 2241 entitatem
1556 2205 1679 2255 fingere
1698 2207 1720 2243 εὶ

339 2256 452 2290 mobili
465 2256 616 2291 secretam
632 2273 640 2294 :
655 2270 727 2291 cum
741 2269 846 2291 motus
860 2258 891 2291 in
903 2255 958 2291 suo
972 2268 1131 2304 conceptu
1145 2270 1211 2293 non
1224 2257 1308 2291 aliud
1322 2255 1462 2290 includat
1477 2286 1486 2299 ,
1501 2255 1601 2303 quam
1612 2256 1719 2291 locum

340 2304 485 2340 relietum
496 2335 505 2349 ,
525 2305 632 2342 locum
643 2304 831 2353 acquisitum
845 2311 878 2342 ὅ(
891 2305 1014 2340 mobile
1026 2305 1140 2353 ipsum.

390 2357 512 2401 Vrggem
524 2385 533 2399 ‚
547 2353 568 2389 fi
578 2368 625 2390 res
637 2359 682 2390 ita
695 2354 725 2390 se
736 2354 870 2398 habeat,
883 2367 991 2392 motus
1001 2368 1065 2390 non
1080 2357 1221 2388 eritcum
1235 2354 1364 2389 afflone
1380 2354 1568 2401 conjunctus
1595 2368 1603 2389 τ
1627 2351 1717 2401 {iqui-

341 2401 414 2435 dem
428 2404 511 2439 :telio
529 2405 617 2441 nulla
632 2406 813 2453 concipitur
831 2402 896 2440 fine
918 2407 1058 2440 termino
1077 2404 1233 2453 prod-,idio
1249 2417 1257 2440 ε
1281 2404 1362 2439 nihil
1380 2418 1458 2439 vcro
1477 2403 1664 2452 producitur
1683 2404 1715 2437 in
