1857 2745
945 134 962 150 Q

647 164 675 199 L
700 164 735 199 O
762 163 792 197 G
819 160 833 198 Ι
858 162 888 198 C
914 164 961 202 AE.
1128 215 1132 221 1
1446 185 1478 214 37

148 216 214 253 'Sed
225 214 303 252 illud
314 215 482 252 fatendum
492 214 543 257 est,
555 211 710 261 nusquam
720 224 778 247 nos
792 223 1111 261 magisertate,quam
1123 226 1157 249 in
1173 213 1254 248 falsis
1271 219 1306 252 ὃς
1323 217 1478 265 imperfe-

105 268 162 303 &is
178 265 417 302 inductionibus
435 276 530 301 :nam
543 263 621 312 saepe
639 275 678 296 ex
693 261 816 308 aliquot
835 262 991 312 exemplis
1000 261 1176 297 universale
1193 265 1358 311 quoddam
1384 266 1479 300 colli-

102 318 207 365 gimus
223 344 232 360 ‚
247 328 354 364 neque
367 315 407 349 ad
420 326 458 348 ea
481 326 551 361 quae
572 313 676 361 excipi
699 311 824 360 possunt
842 340 851 355 ‚
869 311 922 347 seu
935 312 976 346 ad
989 315 1150 347 contraria
1174 313 1323 362 exempla
1345 316 1487 351 attendi-

104 377 186 401 mus.

138 417 182 449 Ea
199 417 322 462 quippe
338 414 380 448 est
395 417 518 463 ingenii
532 412 628 448 nostri
641 412 764 448 indoles
777 441 786 455 ,
800 423 836 446 ut
854 423 892 446 ex
910 410 948 444 iis
963 422 1033 457 quae
1061 412 1094 446 in
1113 411 1222 446 multis
1259 412 1489 460 deprehendit,

103 464 208 499 statim
224 464 264 496 ad
279 463 443 512 generales
453 463 606 511 quasdam
622 461 856 511 propositiones
875 458 1004 494 evolet:
1022 459 1077 494 vel
1095 461 1184 507 quod
1200 460 1333 508 longum
1345 464 1375 495 ei
1396 462 1490 496 vide-

99 524 154 547 tur
171 513 387 548 &molestum
402 515 447 546 ire
459 526 516 562 per
533 511 653 561 singula
668 540 677 554 ‚
696 517 729 548 δε
744 523 857 546 omnes
868 519 974 558 partes
993 521 1200 551 enumerare3
1218 511 1270 543 vel
1284 512 1371 557 quod
1393 511 1433 544 ad
1451 523 1488 545 ea

104 560 207 596 solum
220 574 287 609 quae
299 561 452 606 suntante
470 561 580 598 oculos
591 559 693 610 posita
707 591 716 605 ‚
738 560 959 603 attendimu53
977 570 1047 605 quae
1064 559 1165 607 magis
1181 557 1293 593 abdita
1311 558 1378 593 sunt
1394 559 1494 595 relin-

103 623 244 658 quimus.

141 659 226 694 Illud
248 670 370 694 certum
387 666 422 698 ὃ(
442 658 662 695 indubitatum
683 660 873 694 inductione
892 656 1066 691 videbatur
1081 686 1090 700 ,
1109 656 1231 705 frigore
1243 659 1357 694 cuncta
1373 669 1491 705 corpo-

104 721 138 742 ra
149 708 297 743 contrahi
311 715 362 746 z&
375 722 483 744 tamen
500 722 538 743 ex
552 711 726 745 innumeris
739 704 1021 742 observationibus
1039 706 1161 740 constat
1176 735 1184 749 ‚
1200 719 1316 752 aquam
1335 707 1489 754 congela-

104 768 171 791 tam
181 756 317 805 amplius
331 757 466 805 spatium
485 769 664 805 occupare,
682 769 779 804 quam
795 767 870 790 ante
886 752 1161 802 congelationem.
1179 755 1309 790 Infinita
1328 753 1398 790 sunt
1417 756 1492 806 ejus-

101 806 194 842 modi
211 819 281 852 quae
292 805 386 840 nobis
403 807 593 841 inductione
606 817 693 840 certa
707 803 921 846 videbantur,
949 815 1019 850 quae
1038 814 1148 839 tamen
1166 803 1219 839 usu
1233 810 1266 843 ἃ
1289 807 1491 853 experientia

102 853 180 889 falsa
193 853 254 890 else
266 855 548 903 depreheiidinim.

137 907 251 951 Itaque
265 916 303 938 ex
319 905 416 938 variis
427 902 711 939 observationibus
727 909 761 940 &
773 904 985 950 experientiis
1008 914 1066 949 per
1086 903 1313 938 inductionem
1344 904 1490 951 quaedam

102 956 266 988 axiomata
279 981 289 994 ,
303 964 358 987 aut
370 952 537 1001 generales
553 951 788 1000 propositiones
800 951 892 986 velut
905 953 1062 999 principia
1074 963 1226 986 eruuntur
1242 966 1250 987 :
1266 965 1304 987 ex
1323 951 1442 999 quibus
1452 964 1487 988 ut

104 1014 144 1035 ex
161 1003 261 1035 certis
274 1001 417 1036 fontibus
435 1001 496 1035 alia
515 999 679 1048 profluunt
708 1002 937 1048 ekpetimenta.
957 1002 1002 1034 Ex
1017 999 1188 1035 effectibus
1206 1000 1312 1034 causas
1322 1000 1488 1049 cognosci-

103 1048 320 1094 mu5‚quibus
341 1050 514 1096 perspectis
535 1049 637 1096 plures
661 1047 794 1083 effeetus
817 1046 1051 1094 cognoscuntur
1070 1061 1078 1082 :
1101 1059 1201 1094 atque
1224 1051 1256 1082 in
1272 1049 1335 1082 hoc
1352 1048 1489 1096 regrelsu

103 1110 175 1133 cum
193 1095 235 1131 ab
252 1096 370 1132 effectu
397 1098 436 1131 ad
457 1095 582 1131 caulam
602 1095 756 1145 progreffi
776 1095 952 1137 fuerimus,
971 1093 989 1129 ὲι
1008 1094 1098 1129 causa
1113 1096 1153 1129 ad
1171 1095 1326 1132 effectum
1345 1097 1490 1145 regredi-

102 1159 185 1182 mur.
198 1148 270 1195 Qii
281 1147 414 1193 quidem
428 1143 577 1192 regressus
590 1145 687 1194 longe
701 1142 843 1188 diversus
854 1143 897 1178 est
906 1142 925 1178 ὲ
938 1143 1060 1178 circulo
1073 1158 1079 1179 :
1094 1156 1168 1179 nam
1181 1143 1397 1193 &cognitione
1413 1159 1490 1181 con-

102 1194 172 1230 fusa
199 1196 415 1242 quorumdam
434 1190 607 1230 effectuum
633 1195 673 1229 ad
691 1195 915 1243 cognitionem
929 1191 1025 1227 causa:
1046 1195 1185 1241 primum
1217 1193 1401 1238 confusam,
1422 1206 1490 1230 tuni

54 1257 58 1261 ’
103 1247 205 1293 magis
227 1244 406 1280 distinctam
424 1245 647 1293 progredimur
663 1244 825 1290 :hincque
838 1243 878 1277 ad
888 1254 1009 1277 novam
1032 1241 1206 1278 effectuum
1218 1246 1371 1278 notitiam
1383 1256 1490 1293 regre-

103 1294 274 1329 dimut.Sic
288 1306 327 1328 ex
343 1296 438 1330 Luna:
450 1292 556 1342 eclipsi
574 1292 657 1328 illius
676 1292 799 1328 causam
816 1320 826 1334 ‚
846 1303 964 1339 nempe
983 1290 1105 1326 telluris
1129 1291 1406 1341 interpositionem
1421 1293 1489 1328 col-

102 1341 397 1392 ligimusg&cau[11
407 1342 504 1377 semel
523 1354 689 1391 comperta
704 1371 714 1386 ‚
741 1353 812 1388 quae
838 1341 879 1375 ad
902 1339 1042 1389 eclipfim
1068 1343 1234 1389 pertinent
1253 1371 1262 1385 ‚
1286 1353 1321 1376 ut
1343 1342 1486 1377 duratio-

103 1404 179 1427 nem
193 1421 202 1435 ,
224 1393 482 1440 magnitudinem
493 1420 503 1436 ‚
514 1403 641 1441 tempus
663 1404 730 1441 quo
746 1391 852 1427 futura
868 1390 911 1425 est
924 1418 943 1435 „
956 1395 990 1428 ὃ(
1008 1389 1083 1431 ,alia
1095 1388 1181 1426 bene
1204 1391 1306 1428 multa
1331 1390 1488 1429 habemus

103 1440 291 1490 explorata„

608 1524 639 1558 C
656 1524 785 1598 Qu
808 1528 839 1562 T
887 1527 955 1562 XI.

530 1606 584 1636 Dc
603 1603 1054 1654 reduaeflionefflllogismorum.

107 1682 335 1768 SYllogismi
350 1684 486 1733 perfecti
498 1713 507 1727 ,
523 1696 680 1730 quantum
698 1685 738 1718 ad
751 1682 947 1733 propositum
961 1713 970 1727 ‚
989 1685 1136 1718 dicuntur
1153 1683 1195 1720 ii,
1212 1694 1351 1729 quorum
1376 1684 1488 1719 conse-

165 1735 298 1780 quentia
316 1735 359 1767 ita
372 1733 456 1767 clara
466 1734 557 1776 est‚ut
569 1731 635 1767 solo
648 1744 765 1768 naturae
778 1733 897 1768 lumine
909 1731 1089 1768 innotescat
1101 1746 1108 1767 ε
1121 1731 1295 1779 cujufinodi
1306 1731 1376 1767 sunt
1387 1732 1485 1780 syllo-

105 1781 197 1827 gismi
207 1784 263 1829 qui
278 1782 318 1815 ad
338 1795 476 1829 quatuor
494 1782 609 1817 modos
627 1783 768 1817 directos
780 1785 889 1830 prima:
908 1781 1010 1831 figurae
1029 1782 1206 1829 pertinent.
1234 1781 1344 1826 Qire
1356 1779 1376 1814 si
1398 1784 1432 1816 in
1448 1784 1486 1815 iis

105 1823 260 1866 lioeremus
275 1859 283 1873 ‚
300 1833 460 1876 ignoratio
479 1832 522 1865 est
540 1833 682 1865 miteriae
696 1860 705 1874 ‚
728 1844 793 1866 non
807 1833 923 1866 vitium
945 1831 1069 1866 formae·
1096 1829 1284 1876 Imperfeffi
1298 1841 1376 1862 vero
1394 1829 1463 1863 sunt
1475 1859 1486 1873 ‚

106 1891 243 1926 quorum
261 1878 315 1914 etsi
335 1880 564 1927 consequentia
575 1878 661 1914 bona
673 1881 715 1914 est
726 1909 735 1922 ,
745 1892 854 1914 tamen
868 1894 934 1915 non
944 1880 1049 1914 statim
1061 1889 1099 1912 ea
1109 1876 1295 1925 perspicitur
1311 1905 1321 1918 ‚
1339 1876 1391 1911 sed
1403 1890 1482 1926 opus

106 1929 150 1962 est
169 1931 280 1974 maj0ri
298 1927 405 1976 aliqua
421 1931 621 1963 attentione:
646 1928 822 1977 cujusmodi
836 1928 904 1962 sunt
918 1926 1092 1975 syllogismi
1105 1928 1158 1972 qui
1177 1924 1299 1960 fiuntin
1313 1926 1417 1962 modis
1433 1929 1483 1963 in·-

107 1977 238 2013 directis
251 1979 362 2025 prima:
378 1977 532 2026 figure&
549 1980 582 2011 in
601 1977 752 2012 omnibus
764 1976 869 2011 modis
890 1975 1030 2010 secundae
1045 1981 1077 2012 ἃ
1091 1977 1205 2009 tertiae.

142 2025 201 2062 Ob
216 2038 290 2060 eum
306 2027 477 2061 evidentiae
487 2027 654 2061 defectum
666 2029 816 2061 inventus
837 2026 879 2060 est
893 2026 1006 2060 modus
1022 2037 1088 2071 quo
1108 2022 1279 2071 syllogismi
1300 2024 1484 2071 imperfecti

108 2075 302 2109 reducuntur
318 2076 357 2109 ad
371 2076 554 2123 perfectos:
569 2075 658 2122 isque
668 2075 784 2121 duplex
799 2074 897 2122 vulgo
907 2073 1036 2108 affertur
1046 2103 1054 2115 ,
1075 2071 1266 2115 Ostensivus,
1281 2085 1345 2119 quo
1357 2076 1482 2117 utimur,

108 2136 180 2158 cum
190 2125 262 2170 quis
272 2123 423 2160 conceffis
444 2124 605 2173 praemissis
628 2123 862 2159 conclulionem
878 2135 974 2171 negat
986 2151 995 2164 ‚
1017 2123 1114 2169 idque
1132 2134 1169 2156 ex
1193 2124 1389 2169 ignorantia:
1405 2121 1486 2157 alter

109 2173 153 2207 est
167 2171 422 2221 Reprehensivus
440 2202 448 2214 ,
469 2176 526 2221 qui
540 2174 628 2208 ducit
641 2173 680 2206 ad
706 2173 949 2207 incommodum
962 2201 970 2214 ‚
985 2172 1115 2217 quando
1126 2169 1220 2204 nobis
1235 2182 1282 2203 res
1297 2171 1338 2204 cst
1357 2183 1427 2205 cum
1447 2174 1484 2205 iis

109 2223 167 2268 qui
186 2233 294 2255 veram
313 2221 550 2258 conclusionem
562 2233 682 2270 negant
700 2233 738 2256 ex
756 2223 929 2268 protervia.
948 2221 1010 2255 Sed
1024 2233 1094 2254 cum
1119 2220 1153 2252 id
1172 2231 1242 2252 raro
1271 2224 1302 2254 ἅ
1319 2219 1387 2253 fere
1401 2233 1484 2254 nun-

111 2282 209 2316 quam
224 2271 348 2304 accidat
361 2301 370 2316 ‚
389 2283 486 2318 atque
509 2272 562 2306 ista
589 2271 735 2305 reductio
758 2271 872 2306 nullius
898 2282 981 2318 pene
995 2268 1033 2304 fit
1046 2268 1113 2303 usus
1129 2297 1138 2311 ‚
1159 2272 1191 2303 ἃ
1210 2266 1399 2315 perobscura
1418 2297 1428 2312 ,
1444 2269 1484 2304 de

110 2321 208 2366 priori
228 2331 353 2354 tantum
365 2332 506 2368 agemus,

649 2369 793 2402 Rea'fflio
811 2366 973 2413 ostcnfiva.

140 2413 306 2452 Reductio
318 2417 469 2454 osteifiva
482 2428 548 2452 tum
570 2417 638 2453 fieri
650 2417 746 2462 solet,
759 2430 832 2454 cum
851 2430 891 2452 ex
909 2414 1093 2463 syllogismo
1110 2414 1305 2464 imperfecsto
1323 2415 1358 2451 fit
1373 2415 1482 2465 perfe-

1214 2466 1237 2499 E
1263 2466 1296 2510 1¹21
