1857 2745
81 193 138 241 qui
154 190 262 240 aliqua
275 191 478 240 perfeffione
487 192 697 229 fraudabitur.
717 192 848 227 Deinde
862 205 916 228 cur
929 194 993 228 duo
1003 196 1111 242 potius
1121 221 1131 236 ,
1145 191 1246 241 quii—m
1256 202 1318 228 tres
1331 205 1387 229 aut
1395 161 1466 244 pl5t51S

81 254 133 277 res
147 243 316 277 credantur
330 271 340 286 ‚
360 243 447 279 nulla
466 245 549 278 ratio
563 242 668 278 afferri
687 242 800 291 potest.
832 243 923 277 Hinc
939 245 1103 278 Maximus
1113 244 1232 291 Tyrius
1253 242 1465 291 Philosophus

81 291 233 328 Ethnicus
248 290 364 329 dissert.
374 306 399 329 1.
409 304 507 328 unum
524 290 584 327 effe
594 290 753 327 summum
766 293 876 327 Deum
885 304 924 326 ex
942 295 1089 328 omnium
1101 294 1248 341 gentium
1260 291 1465 329 consensione

82 339 211 390 probat.
224 343 264 375 In
273 352 368 376 tanta
381 370 388 380 ,
406 344 535 389 inquit,
550 351 662 390 pugna
680 341 719 376 εἰῇ·
733 341 887 387 discordia
899 369 909 385 ,
935 341 972 376 ῥ’
992 342 1203 389 discrepantia
1226 353 1322 375 unam
1349 343 1464 377 videas

78 401 139 439 per
150 401 253 424 terra-s
260 403 362 425 omnes
378 392 477 439 legem
487 391 675 437 famamque
683 391 923 437 consentientem
937 418 946 429 ‚
976 392 1087 424 Deum
1100 391 1152 436 effe
1169 402 1267 424 unum
1277 403 1384 425 rerum
1395 394 1466 425 uni-

82 440 246 483 vet-‘siarum
260 437 300 474 ἀ
315 440 430 489 Regem
443 439 481 475 (ῥ’
494 442 621 473 Patrem
632 467 642 482 ‚
659 440 774 474 multos
780 449 933 488 praterea
944 439 1016 474 deos
1029 438 1067 474 (ῥ’
1080 439 1150 472 Dei
1158 437 1246 482 filios
1263 438 1466 484 administra-

81 488 179 522 tionis
190 490 374 539 participes.
388 489 512 524 Haec&
524 489 603 524 dicit
620 489 762 532 Grai-us,
792 489 872 523 dicit
892 489 930 524 (ῥ’
949 487 1115 523 barbarus.
1143 487 1251 523 Multa
1277 490 1314 523 in
1329 489 1467 524 eandem

80 534 274 573 sententiam
285 550 432 574 veterum
442 538 513 573 loca
523 538 618 574 affert
628 540 875 587 Hugo-Grotius
886 549 956 575 tum
973 537 994 574 l.
1009 552 1032 573 2-
1045 538 1168 592 deJure
1178 535 1257 571 belli
1277 542 1311 574 &
1327 540 1414 586 pacis
1439 551 1469 574 c.

83 597 140 623 ιο.
157 597 223 621 tum
236 589 269 622 in
284 587 520 637 elegantilibro
534 588 575 623 de
584 590 722 624 veritate
731 587 896 637 religionis
908 588 1097 624 Christiana:
1110 586 1128 620 1.
1153 597 1172 620 x.
1202 584 1274 622 Ubi
1287 599 1362 621 eum
1373 588 1470 622 Anti-

78 634 199 670 sthenis
212 635 320 672 locum
334 638 355 673 ἑῑ
366 638 525 673 Cicerone
541 638 678 672 relatum
689 637 707 672 l.
719 652 740 673 1.
757 638 797 672 de
810 648 924 673 natura
944 638 1080 672 deorum
1098 637 1195 670 citat:
1212 635 1378 684 populares
1394 636 1465 673 deos

81 684 196 719 multos
215 713 223 723 ‚
244 685 283 720 (ῥ’
299 689 482 722 naturalem
497 699 593 722 unum
611 688 683 734 effe;
708 697 778 721 tum
793 686 885 721 illum
900 685 1071 736 Sophoclis
1088 686 1205 721 Po'e'tae.

172 736 265 768 Vnus
273 736 407 783 profilia
420 737 471 782 est,
481 749 562 771 unus
580 736 620 781 est
636 746 761 770 tantum
773 737 867 769 Deus
881 765 892 780 ‚

173 783 253 817 Caeli
261 811 271 822 ,
276 785 401 831 solique
417 784 598 819 machinam
607 788 665 831 qui
676 784 838 823 condidit,

162 831 198 862 V
196 831 292 865 adum
319 846 357 867 ue
384 836 475 882 ponti
491 834 634 868 caerulum
651 861 661 874 ,
686 833 725 869 ῥ’
741 835 811 867 vim
825 831 971 881 [ῥίνὶηἳς.

80 881 133 914 De
145 882 219 915 Deo
232 892 267 915 ut
284 846 410 917 [meo
420 881 509 918 bono
528 883 650 918 distum
661 883 706 918 est
724 886 757 919 in
772 881 893 917 Morali
916 898 925 925 ς
944 883 985 916 de
1007 881 1183 916 eodemut
1202 884 1305 930 prima
1325 885 1465 919 veritate

78 928 226 974 quaedam
238 931 270 965 in
293 933 414 980 Logica
433 931 593 980 sparsimus
604 961 613 974 ‚
630 937 664 967 δε
678 931 770 980 plura
787 945 853 966 non
869 931 975 965 multo
991 931 1060 978 post
1072 931 1209 966 dicenda
1226 930 1298 967 sunt
1309 961 1318 976 ,
1340 945 1414 968 cum
1424 934 1465 968 de

77 979 191 1011 animae
206 979 368 1013 rationalis
379 983 567 1028 cognitione
582 980 789 1016 traebabitur:
803 992 886 1015 nunc
895 978 959 1013 alia
967 985 1033 1027 ejus
1044 980 1286 1029 perstringamus
1298 981 1467 1019 attributa.

119 1026 207 1061 Cum
218 1039 257 1060 ea
266 1026 323 1062 [int
331 1029 525 1077 perfeCRiora
536 1059 545 1073 ,
561 1042 631 1077 quae
643 1032 675 1065 vi
690 1030 807 1078 agendi
817 1029 950 1077 praedita
967 1029 1038 1064 sunt
1056 1057 1066 1073 ‚
1092 1031 1129 1064 iis
1149 1041 1222 1077 quae
1239 1031 1322 1065 nihil
1340 1029 1468 1079 possunt

78 1072 210 1109 efficere
223 1093 232 1119 3
247 1088 318 1123 quae
332 1080 448 1113 vivunt
465 1108 475 1122 ‚
496 1080 533 1112 iis
553 1081 708 1126 quaevitae
728 1078 798 1113 sunt
814 1081 963 1126 expertia
981 1096 989 1122 3
1012 1091 1083 1125 quae
1103 1078 1308 1126 intelligunt,
1330 1093 1397 1114 non
1416 1083 1467 1115 in-

76 1123 148 1158 telli
173 1123 313 1170 entibus3
323 1125 445 1162 neceffe
456 1129 498 1163 est
510 1128 662 1176 profefio
676 1139 712 1162 ut
727 1127 791 1162 haec
804 1132 838 1163 &
849 1127 912 1160 alia
922 1155 932 1169 ‚
943 1139 1016 1174 quae
1028 1127 1163 1175 longum
1175 1127 1252 1162 esset
1263 1141 1469 1171 enumerare,

77 1137 257 1217 attriffiutzg
277 1187 347 1222 quae
359 1176 493 1211 meliora
511 1176 700 1224 sunt‚qu51m
715 1189 780 1212 non
793 1175 867 1224 ipsa,
881 1175 935 1210 seu
944 1187 979 1209 ut
997 1175 1171 1223 loquuntur
1183 1176 1348 1226 Theologi
1363 1206 1372 1219 ,
1391 1189 1466 1226 per-

78 1222 240 1257 feeriones
256 1238 369 1259 omnes
381 1224 567 1274 simpliciter
576 1225 743 1274 fimplices,
765 1227 798 1260 in
811 1228 887 1260 Deo
905 1223 964 1259 fint
981 1254 991 1268 ,
1010 1230 1043 1260 &
1062 1224 1193 1259 infinito
1213 1227 1321 1261 modo.
1338 1229 1469 1263 Unum-

77 1272 233 1318 quodque
245 1275 333 1309 enirn
346 1274 536 1310 attributum
551 1276 628 1310 ideo
641 1274 760 1317 finitur,
776 1276 915 1321 autquia
937 1286 987 1308 res
1002 1273 1095 1308 finita
1108 1287 1179 1309 cum
1193 1273 1228 1309 fit
1238 1304 1248 1318 ,
1270 1275 1466 1324 ampliorem

77 1320 314 1367 perfedkionem
326 1336 392 1359 non
416 1328 521 1372 capit,
535 1336 590 1359 aut
602 1326 679 1371 quia
691 1322 791 1366 eausa,
801 1336 857 1371 per
867 1335 967 1370 quam
981 1324 1166 1366 existit,non
1177 1326 1205 1358 ei
1221 1323 1291 1372 plus
1302 1327 1467 1373 impertiit.

75 1371 122 1405 At
133 1373 221 1406 Deus
233 1383 289 1418 per
299 1372 328 1406 se
339 1375 448 1407 existit
457 1372 641 1415 necessario,
655 1384 714 1405 nec
730 1371 861 1405 aliunde
874 1373 1050 1418 quicquam
1068 1374 1186 1419 accipit
1198 1389 1207 1415 3
1225 1378 1258 1409 δε
1268 1385 1339 1407 cum
1351 1373 1388 1407 fit
1400 1376 1468 1421 pri-

77 1431 165 1454 mum
179 1432 234 1453 ens
246 1426 279 1456 &
288 1422 391 1468 prima
406 1423 552 1455 omnium
569 1420 669 1455 causa.
684 1418 769 1454 nulla
787 1420 829 1454 est
840 1421 873 1453 in
884 1418 954 1455 aliis
965 1419 1060 1454 rebus
1073 1420 1247 1466 perfetffio,
1256 1434 1325 1468 quae
1338 1435 1378 1456 ex
1390 1425 1467 1457 Deo

77 1480 143 1502 non
161 1467 294 1505 fluxerit.
307 1472 395 1505 Nam
407 1470 425 1506 a
437 1470 537 1504 nihilo
548 1469 630 1505 nihil
644 1468 729 1512 fit,&
737 1481 807 1516 quae
823 1470 924 1515 coepit
942 1468 1156 1516 perfeffio‚ab
1168 1482 1205 1503 ea
1218 1482 1290 1516 quae
1303 1483 1465 1517 nunquam

76 1519 195 1564 erepit,
208 1518 355 1565 profesta
366 1519 408 1553 est
421 1533 428 1555 :
441 1520 472 1553 id
484 1521 570 1554 enim
585 1519 672 1566 quod
690 1517 736 1552 est
752 1515 940 1560 necessario,
950 1529 1048 1552 unum
1058 1517 1104 1552 est
1115 1546 1125 1561 ,
1143 1523 1176 1554 &
1188 1521 1297 1554 onmia
1307 1519 1348 1554 ab
1361 1532 1401 1554 eo
1411 1533 1465 1554 or-

78 1575 110 1599 ta
125 1566 207 1601 sunt.

113 1619 220 1650 Deum
234 1616 342 1662 itaque
354 1614 414 1650 esse
427 1618 499 1650 vitoe
509 1614 650 1658 infimae,
668 1614 720 1650 seu
732 1627 971 1660 aeternum‚cum
985 1614 1021 1650 fit
1040 1628 1095 1664 per
1109 1615 1138 1650 se
1153 1645 1162 1659 ,
1173 1623 1207 1653 ὃς
1219 1615 1394 1652 neceffiuio
1404 1646 1413 1661 ‚
1429 1622 1464 1654 δε

77 1664 385 1712 ἱηάερεηάεηῑεῐςόε
402 1667 556 1712 potentiae
566 1665 711 1708 infinitae,
727 1677 799 1700 cum
816 1664 853 1700 sit
862 1667 963 1713 prima
980 1667 1127 1699 omnium
1136 1665 1226 1700 causa
1244 1683 1253 1709 3
1273 1670 1306 1702 ὃ(
1323 1666 1463 1701 scientiae

77 1712 224 1756 infimae,
240 1726 313 1747 curn
327 1713 405 1748 nihil
420 1713 454 1748 fit
473 1716 505 1748 in
520 1718 593 1750 Deo
606 1714 662 1750 nisi
676 1713 842 1749 infinitum
857 1744 866 1757 ‚
888 1714 936 1749 his
953 1726 1025 1760 quae
1044 1714 1180 1748 diximus
1207 1726 1389 1749 connexum
1404 1715 1460 1749 est.

115 1764 178 1797 Sed
191 1768 223 1799 &
237 1762 312 1796 illud
327 1776 459 1810 quoque
473 1766 607 1798 omnino
621 1777 658 1798 ex
676 1765 767 1798 dietis
783 1763 926 1811 sequitur
937 1791 947 1802 ‚
968 1763 1030 1797 hoc
1041 1762 1227 1799 universum
1255 1762 1275 1797 τὶ
1303 1766 1379 1798 Deo
1390 1765 1463 1811 regi

79 1816 112 1847 &
124 1812 342 1848 administrari.
366 1814 452 1847 Cum
466 1816 554 1847 Deus
568 1812 604 1848 sit
618 1812 788 1847 omniscius
802 1842 812 1857 ‚
840 1824 899 1847 nec
918 1811 1012 1860 poffit
1028 1825 1093 1847 non
1107 1812 1301 1862 cognoscere
1319 1824 1356 1847 ea
1389 1824 1463 1860 quae

77 1873 212 1909 aguntur
224 1866 256 1896 S<
265 1863 389 1908 agenda
404 1860 473 1896 sunt
486 1879 493 1904 ·,
504 1875 642 1911 cumque
653 1863 741 1897 idem
754 1861 790 1896 fit
801 1864 1010 1909 omnipotens
1019 1890 1028 1905 ,
1045 1863 1160 1896 cundia
1178 1861 1335 1897 facillime
1351 1873 1465 1910 regere

79 1914 114 1945 &
132 1910 291 1944 moderari
303 1911 415 1958 potest.
430 1912 588 1959 Idutiqne
597 1924 664 1947 non
676 1909 855 1946 rationibus
873 1909 974 1945 modo
992 1939 1002 1953 ‚
1027 1910 1082 1944 sed
1101 1912 1198 1945 etiam
1221 1910 1365 1946 sensuum
1377 1923 1463 1958 quo-

78 1957 257 1993 dammodo
275 1960 463 1994 testimoniis
476 1961 769 1996 demonstravimus
782 1990 792 2004 ‚
805 1972 843 1994 ex
853 1959 1008 1995 constanti
1021 1959 1199 1995 coelestium
1208 1972 1380 2009 corporum
1390 1973 1464 1995 mo-

79 2018 125 2049 tu,
135 2012 168 2043 &
178 2020 217 2042 ex
226 2008 409 2044 admirabili
422 2013 564 2057 corporis
579 2010 710 2045 humani
721 2009 895 2052 fabrica,in
911 2020 974 2055 qua
985 2008 1070 2044 nulla
1084 2021 1154 2057 pars
1164 2009 1217 2045 vel
1230 2011 1367 2045 minima
1380 2022 1463 2044 non-

77 2054 146 2091 suos
162 2055 263 2091 habet
275 2056 342 2092 usus
353 2088 362 2102 ‚
377 2058 463 2094 nulla
484 2070 651 2107 parentum
672 2060 820 2094 industria
834 2087 844 2101 ,
863 2057 913 2092 secl
940 2068 1009 2092 arte
1026 2057 1167 2102 summa,
1193 2071 1266 2106 quae
1283 2056 1411 2107 opificis
1428 2057 1460 2092 sa

78 2107 236 2153 pientiam
246 2112 278 2143 &
295 2110 463 2155 providam
475 2121 581 2143 curam
592 2109 644 2144 vel
659 2108 760 2143 oculis
772 2107 839 2157 ipsis
854 2105 988 2154 subjicit.
1010 2110 1102 2154 Quin
1117 2113 1149 2144 &
1162 2107 1240 2143 illud
1250 2120 1383 2156 quoque
1392 2119 1462 2142 ma-

78 2166 176 2201 gnum
193 2156 239 2189 est
251 2157 365 2192 divinae
382 2158 592 2204 providentiae
604 2171 829 2207 argumentum
840 2187 848 2202 ‚
872 2155 960 2204 quod
984 2156 1064 2201 nihil
1081 2155 1116 2191 fit
1142 2159 1175 2193 in
1201 2169 1307 2192 rerum
1323 2167 1435 2191 natura
1451 2183 1461 2198 ‚

81 2200 167 2249 quoi
185 2205 217 2237 in
236 2218 356 2241 certum
377 2206 473 2242 finem
489 2221 553 2242 non
572 2208 738 2255 dirigatur.

110 2252 177 2297 Qi
189 2255 343 2289 mundum
352 2263 555 2300 aeternum‚&
569 2269 734 2303 nunqnam
745 2254 870 2304 coepisse
881 2257 1093 2298 crediderunt,
1104 2266 1138 2289 ut
1150 2253 1462 2301 Aristotele5,quam-

82 2303 129 2335 vis
142 2300 316 2336 hsefitmter
330 2303 389 2337 hac
401 2306 440 2339 de
450 2318 484 2339 re
502 2306 626 2340 locutus
653 2305 687 2340 sit
699 2335 707 2347 ,
736 2308 756 2339 ii
771 2305 1011 2353 providentiam
1035 2316 1151 2351 negare
1167 2315 1328 2349 utcunque
1346 2316 1460 2351 potue-

82 2361 155 2384 runt
173 2362 224 2384 :at
237 2353 292 2396 qui
308 2353 461 2387 mundum
472 2356 578 2390 tecenS
595 2356 762 2390 conditum
779 2353 917 2388 statuere
932 2370 938 2389 ς
955 2368 1022 2389 non
1039 2353 1136 2387 video
1155 2366 1218 2400 qua
1232 2355 1355 2386 ratione
1371 2352 1458 2386 duffl

83 2399 182 2434 iidem
192 2401 335 2436 divinam
351 2403 589 2449 providentiam
603 2404 790 2441 sustulerint.
806 2406 922 2451 Neque
937 2407 1022 2438 enim
1041 2403 1186 2439 homines
1200 2414 1324 2439 tantum
1335 2401 1460 2437 intelle-
