1857 2745
385 136 440 174 195
933 123 1184 162 LO⁴GICAE

382 178 425 214 1¹10
439 207 448 221 ‚
473 180 576 224 major
599 173 642 209 est
659 175 691 208 in
709 169 877 221 praeniiffis
902 174 1090 220 evidentia,
1117 181 1152 213 &
1169 179 1274 224 major
1292 175 1454 214 certitudo
1477 178 1578 227 quam
1600 180 1635 217 in
1658 180 1790 220 conclu„v
1817 198 1826 208 -,

381 227 477 262 sione.

412 276 538 310 Contra
551 301 560 316 ‚
585 273 739 319 inquiunt
753 300 762 313 ,
777 272 940 307 certitudo
960 273 1169 312 conclusionis
1188 279 1223 312 in
1253 276 1531 314 demonstratione
1554 279 1599 314 est
1615 282 1757 316 maxima
1776 293 1788 319 2
1835 322 1838 323 ⁷

379 338 453 360 cum
472 322 599 358 nullum
621 321 820 356 dubitationi
844 320 954 358 locum
979 323 1151 374 relinquat.
1166 329 1249 376 Ergo
1264 326 1424 376 praemiffae
1449 341 1518 365 non
1541 327 1612 365 sunt
1630 332 1785 366 certiores

378 371 592 410 conclusione.

417 423 506 471 Resp.
533 423 621 470 Neg.
646 432 747 459 antec.
769 423 982 473 nam“majoti
1003 423 1154 462 firmitate
1172 432 1207 464 ὃ(
1230 428 1396 464 evidentia
1411 425 1594 462 affentimur
1610 428 1787 478 ptaemisfis,¹

379 471 478 520 quam
488 469 699 507 coiicluiioni:
716 471 842 507 tametsi
856 474 926 520 post
945 475 1257 513 demonstrationem
1267 478 1354 514 nulla
1373 477 1511 525 superest
1526 478 1566 512 de
1581 477 1785 514 conclusione

378 521 550 558 dubitatio.
576 522 626 558 Ut
645 533 737 556 amor
753 524 808 569 qui
823 521 906 557 nihil
918 523 1021 560 babet
1029 526 1101 561 odii
1114 527 1262 572 admixti,
1276 541 1343 563 non
1358 529 1476 562 idcirco
1491 526 1537 560 est
1549 530 1698 565 omnium
1713 539 1785 564 ma.-

379 573 485 608 ximus
496 599 508 617 ,
522 569 579 608 nisi
590 569 746 607 summam
759 583 916 621 praeterea
932 573 1110 611 voluntatis
1127 577 1378 626 propensionem
1391 574 1542 612 includat.

829 656 1190 704 QUAESTIO
1241 661 1314 697 111.

807 738 868 778 De
884 739 1037 786 divisione
1057 740 1355 787 Demonstrationis.

475 818 586 869 Uplex
598 821 642 857 est
658 821 945 860 demonstrationis
956 835 1058 873 genus
1067 853 1077 868 ,
1093 835 1195 861 unum
1206 824 1226 860 ἐι
1237 823 1417 872 posteriori,
1426 834 1500 858 cum
1515 834 1554 858 ex
1566 822 1685 859 effectu
1703 829 1783 859 catu

476 868 526 914 sa3
542 869 682 907 alterum
695 872 714 908 ἐι
726 874 844 921 priori,
870 886 946 909 cum
957 874 1092 908 effectus
1111 886 1149 908 ex
1159 872 1250 909 causa
1267 872 1405 908 infertur
1424 886 1432 906 ς
1464 871 1543 906 illud
1555 873 1644 919 quod
1659 885 1707 907 res
1717 871 1775 917 fit,

373 915 438 952 hoc
454 930 510 954 cur
519 921 564 953 ita
574 918 622 964 sit,
644 922 803 956 ostendit:
815 934 853 956 ac
864 922 976 970 saepius
996 935 1035 956 ex
1052 921 1174 958 effectu
1184 921 1308 957 causam
1323 919 1667 970 cognoscimu3‚quam
1684 921 1780 957 vicis.

372 964 438 1002 fim.
462 968 696 1006 perfectissima
711 982 821 1006 tamen
833 971 1064 1007 demonstratio
1085 982 1123 1005 ea
1146 972 1279 1014 dicitur,
1307 982 1378 1019 quae
1392 982 1434 1005 ex
1448 969 1536 1005 causa
1545 969 1700 1007 effectum
1710 971 1781 1008 col-

374 1014 449 1063 ligit
469 1031 477 1052 ι
500 1028 569 1052 tuin
586 1021 676 1054 enim
693 1032 764 1055 rem
782 1020 897 1055 scimus
915 1049 924 1064 ‚
946 1033 1020 1055 cum
1039 1024 1104 1069 ejus
1121 1020 1244 1055 causam
1259 1020 1488 1069 cognoscimus.

410 1063 503 1100 Cum
520 1078 631 1102 autem
642 1067 732 1103 causa
747 1068 847 1116 vulgo
860 1068 1052 1117 quintuplex
1062 1080 1248 1104 numeretur
1262 1086 1271 1112 ·,
1286 1068 1389 1103 finalis
1406 1097 1415 1111 ,
1451 1068 1645 1116 exemplaris
1657 1098 1666 1112 ‚
1695 1068 1779 1103 effe.

375 1114 456 1148 &rix
468 1141 478 1156 ‚
499 1114 646 1151 formalis
659 1145 668 1160 ‚
687 1122 720 1153 &
736 1119 910 1152 materialis
926 1147 935 1161 ,
959 1117 1084 1152 nullum
1110 1118 1206 1153 causae
1223 1130 1324 1167 genus
1353 1118 1373 1153 ἐι
1399 1130 1477 1152 vera
1498 1118 1777 1154 demonstratione

372 1164 526 1213 rejicitur.
543 1167 579 1199 In
589 1164 764 1200 moralibus
777 1172 811 1203 δε
821 1166 960 1215 politicis
974 1169 1148 1215 praecipuus
1161 1168 1264 1202 honos
1282 1166 1373 1203 finali
1390 1167 1560 1202 servandus
1581 1183 1590 1209 3
1618 1179 1726 1214 neque
1737 1179 1778 1201 ea

373 1211 497 1260 prorsus
509 1214 544 1249 in
562 1213 699 1263 Physicis
709 1216 752 1250 est
765 1216 972 1265 repudianda.
991 1219 1080 1252 Nam
1094 1218 1127 1251 in
1142 1217 1204 1252 hoc
1212 1213 1357 1252 maxime
1366 1216 1478 1251 divina
1488 1216 1692 1264 providentia
1705 1215 1777 1251 elu-

373 1261 489 1305 cescit,
506 1264 595 1310 quod
605 1267 699 1300 certis
719 1264 836 1300 finibus
855 1278 904 1300 res
922 1265 1063 1313 quasque
1081 1268 1252 1314 aptaverit.
1267 1269 1339 1302 Nec
1354 1267 1496 1313 corporis
1521 1265 1655 1300 humani
1677 1279 1707 1303 v.
1724 1278 1772 1314 gr.

372 1310 580 1357 structuram,
604 1319 638 1349 &
651 1316 793 1362 partium
807 1314 895 1350 usum
913 1314 1085 1365 cognosces
1100 1343 1109 1357 ‚
1133 1314 1285 1350 sinaturae
1307 1315 1407 1350 finem
1422 1314 1612 1362 neglexeris.
1644 1315 1774 1362 QianL

373 1358 492 1395 obrem
516 1363 552 1395 iis
570 1362 706 1398 assentiri
725 1378 791 1399 non
810 1364 932 1413 poffiim
946 1394 956 1408 ‚
980 1366 1036 1412 qui
1048 1362 1172 1399 causam
1196 1363 1327 1399 finalem
1342 1364 1361 1399 a
1379 1363 1577 1410 Philosopho
1594 1366 1776 1408 contemni,

372 1410 539 1459 &insuper
552 1411 666 1447 haberi
688 1426 840 1462 oportere
850 1413 1056 1449 arbitrantur.
1069 1416 1267 1461 Qanquam
1285 1413 1392 1449 fateor
1401 1426 1468 1447 non
1483 1410 1542 1448 effe
1554 1414 1587 1446 in
1598 1411 1683 1446 illius
1698 1425 1773 1448 cau-

371 1458 409 1492 sae
426 1461 635 1508 indagatione
643 1462 928 1509 acquiescendum:
945 1462 999 1497 sed
1008 1475 1075 1509 quo
1092 1465 1220 1505 itinere,
1238 1474 1343 1510 quave
1360 1464 1487 1497 ratione
1503 1472 1615 1497 natura
1630 1462 1670 1495 ad
1683 1461 1772 1498 suum

373 1506 474 1542 finem
498 1512 688 1556 perveniat,
715 1510 904 1559 diligentius
930 1513 1051 1558 inquiri
1064 1522 1231 1559 oportere.

408 1560 462 1592 De
475 1556 640 1592 efflarice
649 1558 739 1593 causa
755 1560 839 1595 infra
856 1560 1010 1596 dicemus.
1034 1559 1232 1608 Exemplatis
1250 1559 1344 1595 causae
1358 1558 1518 1596 Platonici
1537 1559 1688 1595 videntur
1709 1567 1773 1609 po-'

373 1605 527 1642 tiffimfim
539 1606 660 1642 hibere
680 1610 853 1646 rationem.
873 1611 996 1657 Neque
1016 1611 1105 1644 enirn
1123 1622 1189 1644 tam
1203 1621 1251 1646 res
1270 1620 1305 1644 ut
1320 1608 1388 1644 sunt
1404 1612 1437 1644 in
1450 1608 1482 1644 se
1499 1607 1589 1656 iPHS,
1616 1608 1715 1657 quarn
1733 1621 1770 1645 ut

372 1654 433 1690 else
448 1654 871 1705 debent&quodammodo
885 1658 954 1694 sunt
972 1661 1007 1693 in
1017 1658 1099 1694 ideis
1114 1659 1232 1693 divinis
1247 1686 1255 1697 ,
1275 1657 1484 1693 considerant.
1511 1656 1565 1692 Ab
1584 1657 1631 1693 his
1655 1661 1770 1706 utique

370 1718 439 1740 non
466 1705 604 1740 multum
624 1707 775 1743 aberrant
801 1711 996 1744 Geometrae.
1029 1709 1110 1744 Non
1142 1709 1232 1743 enim
1250 1707 1427 1750 circulum,
1452 1719 1508 1742 aut
1523 1706 1600 1741 alias
1627 1706 1764 1756 figuras,

371 1766 407 1789 tit
438 1753 558 1790 suntin
578 1755 648 1803 ipsis
668 1756 855 1804 corporibus
872 1788 882 1802 ,
907 1757 960 1792 sed
979 1769 1053 1800 eaS,
1079 1768 1117 1791 ut
1134 1756 1203 1792 sunt
1229 1759 1264 1792 in
1278 1757 1355 1793 ideis
1380 1769 1457 1804 quas
1479 1756 1657 1792 formamus
1677 1785 1688 1800 ,
1713 1769 1768 1793 at-

371 1816 436 1850 que
457 1815 491 1838 ut
523 1803 565 1838 ab
588 1807 678 1840 omni
696 1806 947 1854 imperfeffione
961 1805 1033 1841 sunt
1060 1805 1171 1840 liberte
1195 1835 1204 1850 ,
1236 1808 1401 1842 intuentur
1429 1822 1438 1848 3
1465 1817 1605 1853 quaeque
1627 1805 1764 1841 circulus

370 1854 403 1887 iii
428 1853 489 1887 sure
525 1854 606 1888 idea:
635 1857 759 1891 tatione
780 1886 790 1901 ‚
829 1868 886 1892 aut
915 1854 1203 1904 comprelienfione
1227 1855 1312 1901 quasi
1343 1855 1487 1890 involuta
1505 1854 1765 1900 *complectitur‚

369 1902 524 1949 paulatim
540 1903 703 1939 evolvunt⁴
731 1905 830 1951 Qiod
847 1908 962 1952 utique
974 1918 1041 1940 non
1054 1903 1118 1939 sola
1129 1904 1317 1939 inductione
1328 1931 1338 1945 ,
1358 1914 1411 1938 aut
1424 1904 1657 1949 ,experimentis
1671 1902 1765 1938 colli-

370 1964 468 1999 gunt:
482 1951 534 1986 sed
546 1964 584 1987 ex
600 1954 767 1989 attentiori
777 1952 869 2001 ipsius
887 1955 952 1996 tei,
968 1963 1024 1986 aut
1037 1952 1115 1985 idea:
1128 1950 1407 1999 coiitempiatione
1418 1962 1533 1986 eruunt
1545 1951 1766 1999 quodammo-

370 2001 413 2036 do
426 2030 436 2044 ‚
455 2006 489 2039 &
499 2000 673 2049 explicant.

406 2051 493 2086 Cum
504 2061 612 2086 autem
620 2064 719 2087 unum
737 2050 932 2088 attributum
944 2065 981 2087 ex
995 2051 1059 2086 alio
1068 2049 1229 2099 colligitur
1239 2078 1248 2093 ‚
1265 2049 1391 2085 causam
1406 2048 1578 2084 formalem
1603 2050 1764 2097 quodam-

369 2100 469 2134 niodo
479 2098 686 2138 adhibemus:
704 2102 745 2136 ad
764 2102 850 2138 *hanc
862 2104 952 2137 enim
972 2102 1137 2150 pertinent
1158 2112 1226 2146 quae
1242 2111 1284 2134 ex
1297 2111 1417 2147 genere
1434 2104 1467 2136 ὃ(
1484 2098 1688 2142 differentia,
1705 2111 1761 2137 aut

370 2162 408 2183 ex
425 2147 616 2184 definitione
636 2149 700 2199 ipsa
718 2151 909 2200 colligimus,
927 2153 1017 2187 Nam
1032 2161 1131 2184 unum
1155 2147 1346 2184 attributum
1366 2148 1412 2182 est
1433 2148 1563 2183 alterius
1586 2147 1677 2182 causa
1691 2149 1761 2184 for-

371 2198 460 2232 milis
483 2216 492 2241 3
517 2199 672 2246 quodque
693 2199 712 2234 ἐι
734 2200 832 2236 nobis
856 2212 892 2236 ut
918 2202 1004 2249 prius
1021 2201 1056 2234 in
1083 2210 1117 2232 re
1135 2200 1331 2248 concipitur,
1354 2200 1422 2233 vim
1441 2196 1541 2233 habet
1572 2195 1667 2232 causae
1685 2211 1761 2235 curn

371 2248 543 2292 posteriore
561 2261 796 2296 comparatum.

405 2298 451 2329 Ex
470 2296 515 2330 his
531 2296 634 2345 liquet
648 2311 705 2332 iios
719 2299 759 2333 ab
772 2292 891 2335 e'ffetstu
913 2299 953 2333 ad
970 2299 1094 2334 causam
1108 2299 1259 2349 progredi
1273 2297 1400 2341 solitos,
1421 2308 1489 2331 tum
1508 2295 1527 2332 a
1544 2295 1631 2330 causti
1649 2297 1687 2331 ad
1706 2296 1759 2332 ef..

371 2343 495 2378 fectum
509 2348 643 2393 regredi.
656 2350 745 2383 Hinc
759 2350 842 2385 adeo
856 2349 987 2396 quaestio
1004 2347 1195 2384 subobscura
1210 2350 1308 2382 oritur
1322 2376 1331 2390 ‚
1352 2360 1391 2382 an
1404 2345 1553 2394 regreffus
1567 2343 1620 2378 ille
1638 2359 1706 2381 non
1723 2345 1760 2381 fit

368 2404 463 2429 serus
481 2395 614 2432 circulus
627 2411 634 2433 :
648 2395 725 2433 cuni
740 2397 781 2434 eo
793 2400 961 2435 redeamus
972 2427 983 2448 ,
1010 2399 1095 2436 unde
1114 2397 1217 2434 sumus
1233 2396 1384 2448 profecti.
1410 2396 1512 2442 Qod
1527 2395 1662 2442 quidem
1681 2408 1756 2432 curn

1824 353 1838 369 §-
