1857 2745
540 99 887 137 TRA‘CTATUS
933 100 1186 140 TERTIUS.
1504 118 1539 147 62

218 152 279 185 'Sic
291 149 344 184 illa
355 151 435 184 ratio
453 161 516 198 qua
526 149 670 198 plerique
682 160 810 185 utuntur
823 161 863 184 ex
871 148 1022 186 bonitate
1039 152 1105 186 Dei
1121 151 1286 200 desumpta
1299 179 1309 195 ,
1331 165 1404 188 meo
1424 126 1558 202 quiden'l

186 200 301 248 judicio
313 198 395 234 nihil
411 198 535 234 habent
545 197 690 234 roboris:
711 209 830 246 negant
847 196 958 233 bestias
976 197 996 233 fi
1013 197 1099 234 sensu
1115 200 1275 235 donentur
1295 206 1327 238 &
1348 206 1536 250 cognitione
1548 236 1558 250 ,

189 260 256 282 tam
274 247 399 283 miseras
419 246 480 282 esse
498 245 689 296 oportuiffe:
710 246 875 281 cumnihil
918 250 1150 292 romeruerint‚
1168 261 1205 282 ac
1228 248 1282 283 sub
1293 251 1372 297 justo
1384 255 1458 286 Deo
1468 266 1567 289 nemo

187 296 280 332 miser
300 294 360 330 effe
383 295 493 344 poffit,
511 294 565 330 nisi
581 306 740 330 mereatur
753 324 763 339 ‚
786 307 822 329 ut
836 260 946 342 passim
970 296 1068 330 docet
1083 297 1275 346 Augustinus.
1304 297 1427 334 Verum
1454 300 1506 336 hic
1527 304 1567 338 ad

186 357 283 380 unam
296 346 360 379 Dei
372 343 553 378 bonitatem
567 345 711 378 animum
729 345 925 386 intendunt,
940 356 1006 378 non
1028 349 1090 392 eJ'us
1109 348 1291 393 potentiam
1308 352 1342 383 δε
1355 346 1512 385 summurn
1532 354 1566 386 in

185 404 343 427 creaturas
357 393 537 427 dominium
546 390 745 428 considerant
763 406 771 426 ε
791 392 908 426 deinde
919 391 1091 426 bestiarum
1106 392 1200 428 labor
1214 407 1287 429 cum
1304 395 1473 444 voluptate
1487 412 1565 437 con.

183 442 305 490 junckus
320 441 385 476 est:
409 441 536 476 tandem
547 442 578 474 in
592 443 726 488 gratiam
744 441 883 475 hominis
895 440 1029 475 conditae
1037 440 1108 475 sunt
1119 469 1129 484 ‚
1149 454 1186 476 ac
1199 441 1281 490 saepe
1295 446 1398 491 puniri
1418 444 1564 491 debent,

183 501 218 524 ut
228 502 303 524 cum
316 491 401 523 canis
413 489 523 524 herum
534 489 722 525 momordit.
739 489 849 539 Qre
858 487 954 524 miffis
970 488 1018 524 his
1029 490 1212 526 ratiunculis
1225 491 1241 527 ὲ
1255 492 1376 527 Morali
1387 505 1440 528 aut
1453 497 1563 531 Meta-

184 538 309 586 physica
325 536 495 585 desumptis
506 538 545 572 ad
557 536 697 586 physicas
710 544 742 574 δε
754 537 914 573 solidiores
932 537 1111 574 redeamus·

217 587 303 635 Opp.
318 600 369 632 40.
389 586 525 622 Nullam
545 584 605 621 else
617 589 861 635 perceptionem
880 599 952 634 quae
968 599 1034 622 non
1051 585 1087 621 sit
1103 585 1249 634 spiritalis
1262 617 1271 632 ‚
1301 601 1439 638 quaeque
1460 593 1493 627 in
1514 592 1562 626 se-

181 634 279 683 ipsam
313 648 380 670 non
406 635 589 671 reflectatur
618 650 626 671 :
658 647 731 670 cum
751 638 856 670 omnis
908 638 1051 683 erceptio
1072 634 1116 670 sui
1139 635 1304 684 praesentia
1326 642 1469 674 animam
1492 640 1562 675 affi-

181 686 243 718 ciat
266 698 273 720 :
298 696 372 718 cum
388 684 484 718 video
507 712 517 727 ,
550 695 623 718 mea
649 682 726 718 vilio
747 683 792 718 sui
820 648 943 719 sensum
968 682 1067 719 efficit
1081 713 1091 728 ,
1117 697 1188 718 eam
1209 685 1312 721 adesse
1333 690 1455 722 animus
1483 692 1561 724 citra

181 731 280 767 ullam
305 731 513 767 reflexionem
537 733 736 769 admonetur.
772 733 861 767 Cum·
877 735 986 780 itaque
1015 735 1237 781 perceptiones
1261 734 1326 769 suas
1358 734 1466 771 bestiae
1487 751 1561 786 per-

180 782 301 829 cipiant
312 810 323 825 ‚
359 782 601 828 perceptionem
631 793 740 817 earum
760 780 820 816 effe
843 780 1016 829 spiritalem
1043 779 1214 817 fatendum
1241 782 1286 817 est
1313 797 1320 818 ε
1364 796 1464 832 atque
1489 800 1559 822 om-

178 831 227 863 nis
248 830 414 877 perceptio
440 827 612 864 materialis
645 830 785 864 omnino
807 829 852 863 est
882 829 1003 864 inutilis
1032 846 1041 873 3
1063 830 1142 876 quid
1167 832 1255 865 enim
1276 860 1287 875 ‚
1311 844 1351 866 an
1368 844 1406 868 ex
1431 836 1465 868 iis
1487 849 1561 869 mo-

178 888 226 912 tus
248 879 391 927 corporis
418 877 501 913 adeo
525 875 685 912 artificiosi
705 878 885 914 ducuntur?
914 880 964 914 Ut
973 890 1046 912 cum
1066 878 1201 913 fallente
1216 880 1352 928 vestigio
1366 881 1477 930 lapsuri
1499 896 1558 919 nos

178 937 267 961 tanta
280 937 348 961 arte
359 954 369 968 ,
387 938 510 972 quanta
523 928 578 961 vix
586 926 625 959 ab
639 925 770 960 homine
782 928 814 961 in
826 927 1027 961 Mechanicis
1042 927 1168 961 erudito
1178 928 1330 975 explicari
1342 931 1460 978 potest,
1480 944 1558 967 con-

176 974 646 1023 tinemuS.Ejusmodiaetiones
662 974 920 1010 necintelleetfis
934 975 1065 1018 lumen,
1089 988 1149 1010 nec
1169 976 1344 1012 voluntatis
1365 991 1476 1014 nutum
1503 994 1558 1016 ex-

175 1024 308 1070 perstant
331 1040 340 1066 3
357 1023 409 1058 sed
426 1025 560 1059 omnino
573 1034 776 1071 praevertunt.
792 1025 843 1058 An
860 1023 946 1060 forte
969 1036 1008 1058 ex
1028 1022 1165 1059 sensibili
1184 1028 1393 1074 perceptione
1409 1027 1556 1064 discimus

174 1071 326 1118 quasdam
336 1074 479 1118 corporis
497 1084 601 1118 partes
630 1070 669 1105 fic
687 1071 748 1106 effe
766 1072 1002 1120 premovendas
1023 1071 1043 1107 ὲ
1064 1084 1176 1108 centro
1191 1076 1355 1120 gravitatis
1369 1104 1378 1118 ‚
1397 1088 1431 1110 ut
1442 1090 1555 1124 corpus

173 1118 324 1154 libratum
342 1122 375 1154 in
391 1119 569 1167 aequilibrio
593 1132 790 1168 permaneat.
815 1123 921 1168 Atque
945 1132 981 1155 ut
997 1121 1211 1156 concedamus
1231 1126 1456 1171 perceptiones
1475 1126 1552 1160 alias

172 1170 206 1203 in
219 1167 248 1202 se
261 1168 381 1204 reflecti
391 1198 400 1212 ,
415 1169 491 1202 alias
503 1182 567 1203 non
581 1171 659 1202 item
675 1185 683 1210 ·‚
700 1181 741 1203 an
763 1169 848 1204 forte
857 1169 931 1204 hinc
945 1167 1081 1216 sequitur
1094 1173 1319 1216 perceptiones
1332 1185 1397 1206 non
1407 1173 1553 1217 reflexas,

173 1216 298 1251 easdem
320 1216 380 1252 effe
404 1216 585 1252 materiales
612 1228 622 1253 3
643 1218 755 1262 Atque
781 1228 817 1251 ut
837 1216 897 1252 sint
922 1219 956 1251 in
983 1216 1088 1251 bestiis
1109 1217 1196 1265 hujus
1222 1221 1346 1266 generis
1370 1225 1554 1269 perceptio-

172 1277 230 1300 res
255 1264 432 1310 sensibiles,
464 1277 504 1301 an
528 1265 613 1301 forte
631 1265 741 1300 harum
761 1278 828 1300 non
853 1277 944 1302 erunt
972 1264 1127 1309 consciae,
1155 1277 1216 1300 nec
1243 1265 1349 1302 bestiae
1383 1267 1412 1302 se
1436 1267 1551 1305 sentire

170 1313 380 1361 cognoscent?

203 1364 293 1409 Resp.
304 1365 381 1398 Non
395 1374 465 1396 eam
477 1360 536 1396 effe
550 1363 685 1409 primam
696 1367 730 1399 &
741 1360 892 1396 summam
904 1364 988 1396 inter
1004 1364 1226 1411 perceptiones
1242 1361 1408 1410 spiritaleS,
1429 1369 1463 1401 δε
1478 1379 1547 1400 ma-

171 1410 295 1444 ter-iales
307 1410 522 1445 differentiam
535 1438 543 1452 ,
558 1409 646 1457 quod
664 1410 726 1445 illae
736 1409 794 1445 fint
806 1423 878 1446 cum
889 1410 1064 1446 reflexione
1079 1412 1252 1458 conjiinc'tae
1262 1440 1271 1453 ,
1285 1412 1468 1448 materiales
1478 1427 1546 1449 non

169 1459 259 1494 item.
271 1456 331 1493 Sed
341 1460 485 1507 quaedam
498 1459 565 1494 sunt
579 1461 802 1506 perceptiones
814 1487 823 1502 ,
842 1470 912 1506 quae
924 1461 1006 1494 circa
1019 1462 1199 1501 materiam,
1211 1470 1366 1506 tanquam
1377 1459 1545 1509 obJectum

167 1505 257 1542 stium
271 1506 452 1550 versantur,
469 1519 539 1554 quae
555 1507 595 1541 ab
612 1519 648 1541 ea
669 1508 830 1555 pendent,
851 1512 884 1543 &
906 1507 974 1543 sunt
988 1506 1145 1543 sensibiles
1160 1536 1168 1552 ‚
1205 1519 1242 1541 ut
1258 1512 1427 1556 perceptio
1453 1511 1543 1546 colo-

166 1566 238 1590 rum
250 1583 260 1598 ,
272 1555 338 1590 aliae
354 1569 421 1592 non
434 1558 523 1591 item.
543 1557 594 1589 Sic
605 1555 666 1589 alia
683 1555 727 1589 est
746 1558 794 1589 vis
810 1557 908 1590 animi
919 1569 981 1603 qua
999 1556 1147 1591 dolorem
1158 1568 1196 1590 ex
1208 1557 1274 1591 ι’ἃιι
1288 1555 1392 1591 baculi
1404 1561 1542 1608 percipi-

167 1616 237 1638 mus
247 1633 256 1647 ‚
277 1604 339 1638 alia
348 1618 410 1652 qua
420 1615 526 1640 utrum
540 1603 631 1638 dolor
650 1606 682 1639 in
696 1604 788 1638 malis
799 1604 966 1639 habendus
978 1604 1030 1648 sit,
1042 1604 1226 1640 differimus.
1239 1607 1351 1651 Itaque
1363 1605 1459 1654 longe
1471 1620 1542 1642 ma-

164 1655 213 1699 jor
228 1653 269 1687 est
280 1655 363 1687 inter
371 1666 423 1688 eas
438 1655 663 1701 perceptiones
678 1681 686 1695 ,
710 1665 780 1700 quae
793 1651 950 1688 sensibiles
962 1654 1109 1688 dicuntur
1121 1683 1130 1697 ,
1149 1658 1182 1689 δε
1196 1655 1363 1688 materiam
1378 1657 1540 1702 cognatio,

165 1700 264 1747 quam
280 1703 364 1737 inter
375 1704 614 1750 perceptionem
626 1700 798 1748 spiritalem
816 1707 848 1738 δε
863 1705 1031 1737 materiam
1040 1701 1147 1750 ipsam.

239 1751 301 1785 uod
311 1761 420 1786 autem
432 1753 520 1785 aiunt
530 1752 770 1797 perceptionem
780 1763 911 1785 omnem
929 1750 970 1784 ab
984 1754 1090 1786 anima
1104 1753 1223 1799 percipi
1237 1780 1246 1794 ‚
1272 1756 1305 1788 δε
1325 1749 1369 1784 sui
1382 1750 1540 1799 praesenti&

164 1798 407 1844 quodammodo
423 1798 464 1834 sui
481 1796 599 1834 sensum
612 1797 736 1833 efficere
748 1828 756 1841 ,
768 1801 1010 1846 perceptionem
1033 1797 1128 1847 ipsam
1149 1812 1221 1834 cum
1237 1798 1369 1847 objecto
1383 1811 1538 1847 percepto

163 1846 365 1882 confundunt
378 1876 388 1890 ‚
413 1850 461 1882 cui
475 1848 819 1895 nomen'perceptionis
833 1875 842 1890 3
857 1858 1014 1894 quatenus
1031 1845 1231 1896 cognoscitur
1246 1876 1255 1891 ‚
1280 1847 1357 1896 saepe
1375 1846 1473 1882 tribui
1490 1847 1539 1883 so-

163 1894 219 1931 let.
230 1897 398 1942 Sicitaque
409 1898 574 1943 perceptio
583 1897 687 1931 omnis
698 1895 740 1930 ab
755 1898 862 1930 anima
871 1898 1043 1944 percipitur
1058 1925 1068 1940 ,
1097 1908 1138 1930 eo
1153 1895 1221 1944 ipso
1241 1895 1329 1944 quod
1343 1895 1475 1944 praesens
1490 1895 1535 1935 fit.

163 1944 225 1977 Sed
237 1943 386 1979 reflexam
398 1947 638 1992 perceptionem
657 1944 718 1979 lioc
737 1944 810 1979 loco
823 1946 995 1992 accipimus
1019 1958 1077 1992 pro
1097 1947 1214 1980 mentis
1230 1947 1420 1990 operatione
1437 1947 1536 1992 priori

162 1990 368 2038 superaddita,
381 2005 445 2040 qua
458 1992 487 2027 se
499 1991 687 2041 cognoscere
697 1994 938 2028 animadvertit.
959 1994 1102 2040 Haecque
1121 1996 1155 2027 in
1176 1992 1285 2027 bestiis
1305 2006 1371 2028 non
1386 1996 1533 2031 occurrit.

162 2040 246 2074 Cum
258 2041 360 2077 infans
371 2040 471 2089 pilam
492 2053 671 2076 currentem
681 2042 788 2084 videt,
809 2053 877 2076 tum
888 2041 969 2076 illius
981 2044 1147 2092 perceptio
1161 2054 1228 2077 non
1246 2042 1292 2076 est
1305 2041 1447 2090 spiritalis
1459 2060 1468 2085 3
1481 2041 1533 2078 sed

160 2100 234 2124 cum
244 2089 367 2125 adultus
384 2090 468 2125 suam
479 2093 722 2138 perceptionem
735 2090 919 2138 cognoscit,
944 2101 1011 2125 tum
1030 2089 1176 2138 spiritalis
1193 2089 1247 2124 illa
1268 2090 1426 2127 &reflexa
1440 2092 1532 2139 cogi-

156 2139 243 2171 tatio
253 2149 398 2173 naturam
409 2140 507 2173 animi
517 2138 687 2185 spiritalem
697 2140 905 2174 demonstrat.
922 2141 995 2175 Nec
1007 2139 1134 2173 inutiles
1152 2138 1221 2173 sunt
1230 2141 1452 2186 perceptiones
1463 2152 1532 2173 ma-

160 2184 288 2220 teriales
299 2199 377 2232 quas
386 2186 494 2222 bestiis
506 2185 674 2222 tribuimus
687 2216 696 2230 ,
716 2187 792 2222 licet
814 2200 856 2222 ex
879 2189 916 2221 iis
928 2187 1103 2222 bestiarum
1118 2198 1223 2221 motus
1238 2186 1417 2221 mechanici
1429 2187 1531 2235 expli-

159 2236 223 2268 cari
236 2246 301 2267 non
317 2234 440 2281 poslint.
451 2239 502 2271 Sic
513 2235 568 2271 ubi
583 2248 638 2284 per
649 2237 860 2284 angustiorem
880 2234 1003 2270 trabem
1018 2237 1195 2270 incedimus
1206 2263 1215 2278 >
1234 2247 1269 2269 ac
1282 2237 1376 2270 nimis
1388 2236 1418 2269 in
1434 2248 1528 2271 unam

159 2292 284 2328 partem
296 2281 478 2318 inclinamus
490 2313 498 2326 ,
515 2297 583 2319 tum
592 2284 717 2332 pondus
727 2286 837 2331 quoin
848 2296 919 2318 eam
929 2295 1052 2332 partem
1063 2284 1218 2319 trahimur
1229 2312 1239 2325 ‚
1250 2283 1398 2318 sentimus
1411 2296 1528 2330 3atque

159 2331 211 2365 hic
220 2329 320 2378 sensus
334 2329 432 2367 efficit
445 2361 454 2376 ‚
469 2343 507 2367 ut
516 2335 549 2368 in
559 2345 684 2381 partem
694 2332 827 2369 alteram
838 2345 951 2381 corpus
969 2333 1162 2368 retrahatur:
1173 2344 1206 2367 ut
1216 2333 1303 2367 canis
1317 2334 1382 2380 igni
1395 2334 1525 2380 propior

1228 2384 1240 2414 Ι
1250 2382 1261 2413 i
1273 2383 1281 2413 i
1295 2383 1305 2414 i
1336 2382 1370 2426 iij
1495 2388 1500 2393 ⁴
