1857 2745
422 123 473 165 556
892 115 1315 154 TRACTATU'S

751 197 839 245 QU
858 200 896 233 AE
916 200 937 233 S
955 199 1018 234 TI
1038 199 1073 233 O
1123 200 1472 236 POSTERIOR.

913 279 969 312 De
982 279 1126 329 oppositis
1142 280 1320 331 figiHatim.

430 363 587 448 CUm
605 362 646 398 de
660 361 794 397 relativa
813 359 1017 410 oppositione
1032 361 1171 410 superius
1186 362 1224 398 fit
1247 362 1465 412 disputamm2
1476 377 1546 400 non
1559 363 1602 399 est
1617 376 1671 399 cur
1683 375 1721 398 ea
1735 371 1806 412 qua!

518 411 583 448 fuse
592 411 719 446 ibisunt
734 410 893 459 explicata
903 439 913 454 ‚
928 411 992 445 hoc
1012 410 1086 447 loco
1102 425 1256 460 regeram.
1274 416 1325 448 De
1338 412 1469 462 reliquis
1482 416 1578 463 igitur
1591 412 1755 463 oppositiS,
1766 425 1806 448 ac

424 464 565 510 primum
581 463 620 495 de
635 463 802 496 contrariis
815 460 992 508 agendum.

461 510 637 559 Oppositio
652 511 811 545 contraria
826 510 869 543 est
879 511 962 544 inter
979 510 1043 544 duo
1053 521 1194 546 extrema
1216 510 1351 560 positiva
1364 541 1373 554 ‚
1389 523 1461 558 qua:
1475 509 1529 546 sub
1545 512 1663 546 eodem
1686 521 1808 560 genere

422 559 523 609 posita
533 562 673 595 maxime
686 560 799 593 distant
815 586 824 600 ,
834 563 867 594 &
878 557 919 593 ab
931 559 1046 595 eodem
1060 559 1203 608 subje&0
1222 560 1284 595 sese
1304 561 1480 608 expellunt.
1534 573 1580 593 uae
1601 560 1751 596 definitio
1766 570 1807 594 ex

423 613 460 652 iis
471 621 541 657 quae
554 610 689 643 diximus
701 637 710 651 ‚
730 608 801 642 satis
815 606 1019 656 intelligitur.
1039 610 1074 643 ld
1090 622 1188 645 unum
1205 610 1439 644 advertendum
1451 637 1462 652 ,
1480 612 1630 655 quaetiam
1647 610 1810 643 contraria

421 660 540 694 eodem
556 670 674 707 genere
688 659 837 705 proximo
850 659 1009 692 contineri
1025 670 1078 693 :ut
1094 659 1179 693 calor
1198 664 1232 694 δε
1246 658 1345 706 frigus
1362 658 1402 692 ad
1416 670 1516 707 genus
1527 658 1691 704 qualitatis
1710 658 1809 691 ratiti-

423 708 460 743 lis
478 707 672 743 referuntur.
687 706 760 742 Alia
770 706 875 740 eidem
886 710 1019 754 generi,
1033 706 1084 741 sed
1101 719 1229 744 remoto
1250 706 1417 756 subjacent
1427 735 1437 750 ‚
1449 718 1486 742 ιη
1499 709 1602 741 virtus
1626 712 1660 742 &
1679 708 1820 750 vitium,-

423 760 537 805 quaein
549 769 666 806 genere
676 768 804 791 morum
821 758 963 790 maxime
978 758 1063 792 inter
1074 756 1103 790 se
1118 757 1254 792 distant:
1273 768 1463 804 quanquam
1479 755 1543 789 duo
1565 757 1644 789 vitia
1670 753 1727 789 fibi
1745 767 1810 802 op-

448 805 524 841 osita
539 808 572 840 in
588 818 708 855 genere
725 808 806 840 entis
829 807 930 853 magis
945 807 1029 841 inter
1042 804 1072 839 se
1092 804 1262 841 dissideant
1278 819 1286 841 z
1303 818 1378 840 nam
1399 804 1609 852 prodigalitas
1627 805 1755 838 videtur
1770 804 1812 837 li..

422 819 589 890 Eeralitati
605 857 741 889 vicinior
756 866 854 901 quam
866 856 1011 891 avaritia.
1024 854 1200 890 Contraria
1213 867 1293 889 vero
1302 854 1343 888 ab
1357 854 1474 888 eodem
1488 851 1550 887 sese
1559 852 1725 906 expellunt
1735 851 1812 887 sub-

421 905 511 952 jecto
524 932 534 947 ,
555 917 622 939 non
635 905 742 938 aetive
752 932 762 946 ‚
780 902 834 936 sed
845 902 1029 937 formaliter
1039 932 1048 946 ‚
1057 906 1134 950 quia
1143 902 1234 937 fimul
1247 900 1307 937 else
1326 916 1393 938 non
1403 900 1531 950 polsunt
1542 929 1552 944 ‚
1561 904 1617 936 nili
1629 902 1716 936 forte
1726 912 1813 936 tem-

422 964 533 1002 perata
547 966 554 986 ε
566 964 601 988 ut
613 952 700 987 calor
714 957 747 989 &
759 951 881 1000 frigu53
897 955 933 987 δε
951 950 1112 1000 quantum
1131 964 1230 989 unum
1246 963 1285 986 ex
1303 953 1341 986 iis
1362 950 1563 995 intenditur,
1577 948 1705 986 tanturn
1725 949 1810 986 alte-

421 1015 494 1038 rum
508 1014 694 1039 remittitur.

463 1051 572 1087 Plures
588 1051 728 1086 afferunt
743 1053 978 1087 contrariorum
988 1050 1199 1094 affeffiones,
1209 1062 1280 1098 quae
1291 1049 1362 1085 sunt
1379 1051 1523 1097 quaedam
1542 1048 1633 1084 velut
1647 1051 1813 1084 axiomata

420 1100 524 1148 vulgo
534 1111 673 1148 recepta.
693 1108 732 1135 10.
749 1101 834 1135 Cum
856 1101 959 1135 existit
975 1103 1190 1143 contrarium,
1214 1099 1353 1134 alterum
1373 1112 1507 1146 quoque
1525 1099 1628 1147 potest
1653 1098 1788 1132 existere
1801 1112 1812 1134 z

423 1149 509 1184 secus
527 1150 614 1183 enim
634 1148 721 1182 nulla
739 1152 802 1183 erit
818 1151 1026 1184 contrarietas
1048 1163 1055 1184 :
1076 1148 1127 1183 sed
1148 1161 1257 1184 tamen
1272 1148 1351 1183 illud
1367 1149 1499 1183 existere
1525 1161 1592 1183 non
1610 1144 1734 1182 neccffe
1749 1146 1812 1182 est;

422 1199 456 1232 id
469 1200 557 1232 enim
570 1197 711 1231 relativis
726 1198 773 1232 est
788 1200 964 1247 proprium.
985 1205 1027 1232 20.
1043 1198 1217 1233 Contraria
1234 1202 1322 1245 juxta
1337 1195 1368 1230 se
1382 1195 1482 1245 posita
1497 1199 1597 1245 magis
1618 1193 1812 1232 elucescunt:

427 1247 516 1295 quod
528 1246 579 1281 vel
590 1244 644 1294 ipsi
659 1249 800 1282 pretores
819 1259 936 1283 norunt
951 1276 961 1291 ,
979 1252 1013 1284 ὃς
1028 1249 1060 1282 in
1075 1246 1197 1282 umbris
1207 1259 1244 1280 ac
1259 1244 1420 1281 coloribus
1432 1245 1606 1294 diligenter
1622 1243 1808 1279 observant.

428 1305 468 1342 3⁰.
481 1296 654 1330 Contraria
671 1297 710 1330 ad
727 1296 863 1332 eandem
883 1295 1072 1331 facultatem
1087 1325 1096 1339 ‚
1117 1296 1170 1330 vel
1185 1295 1352 1330 scientiam
1399 1296 1548 1329 ertinent.
1571 1302 1621 1339 40.
1641 1296 1677 1328 In
1691 1293 1812 1328 eodem

429 1344 573 1392 subjesto
586 1346 683 1393 recipi
693 1343 828 1393 possunt,
843 1345 895 1379 sed
905 1343 1039 1381 vicissim
1053 1358 1060 1379 :
1077 1358 1152 1379 cum
1169 1344 1211 1379 ab
1229 1345 1349 1379 eodem
1365 1308 1513 1391 stpibjeilo
1534 1342 1599 1377 sese
1621 1353 1736 1377 mutuo
1756 1353 1814 1376 ex-

431 1395 571 1430 trudant.
586 1407 611 1441 5.
621 1394 870 1429 Contrariorum
887 1396 1052 1429 contrariae
1067 1392 1136 1430 sunt
1156 1392 1398 1428 consecutiones
1414 1406 1422 1427 :
1436 1404 1471 1426 ut
1484 1390 1504 1425 si
1531 1391 1617 1426 calor
1639 1391 1815 1433 rarefacit,

428 1443 529 1491 frigus
547 1445 636 1490 cogit
652 1448 685 1479 ὃς
697 1443 891 1478 condensat:
908 1443 995 1489 quod
1013 1454 1123 1477 tamen
1142 1441 1180 1476 fic
1195 1441 1444 1490 intelligendum
1456 1441 1498 1475 est
1510 1469 1520 1484 ,
1541 1441 1618 1475 dum
1643 1438 1707 1473 alia
1725 1438 1816 1473 caula

429 1504 498 1528 non
511 1490 640 1527 obstet:
657 1503 733 1527 narn
750 1493 798 1526 uti
806 1492 859 1527 suo
868 1491 941 1527 loco
953 1491 1154 1526 ostendemus
1172 1519 1182 1534 ,
1194 1502 1229 1525 ut
1245 1489 1353 1524 calore
1371 1518 1382 1533 ‚
1407 1488 1449 1524 sic
1476 1489 1598 1537 frigore
1626 1499 1709 1535 aqua
1732 1486 1816 1523 dila.

432 1551 526 1576 tatur.

466 1592 550 1624 Sunt
567 1589 711 1636 quaedam
728 1591 898 1634 contraria,
913 1591 998 1626 inter
1010 1602 1081 1638 quae
1103 1589 1223 1625 nullum
1238 1589 1281 1624 est
1300 1589 1442 1624 medium
1456 1587 1662 1636 interjecitum
1672 1613 1682 1629 ‚
1698 1596 1736 1620 ut
1748 1587 1816 1620 vir-

433 1651 483 1674 tus
496 1643 530 1674 &
544 1639 676 1681 vitium,
691 1638 778 1673 calor
791 1644 824 1675 δε
835 1638 935 1688 frigus
950 1639 1028 1683 3alia
1042 1652 1112 1687 quae
1126 1640 1297 1688 interjecto
1319 1639 1430 1672 medio
1448 1638 1662 1678 dirimuntur„
1674 1646 1711 1669 ut
1722 1633 1816 1669 albe-

432 1689 477 1723 do
497 1693 530 1724 &
547 1687 690 1735 nigredo.
711 1686 785 1721 Alia
800 1700 931 1736 quoque
939 1688 1009 1723 sunt
1019 1691 1063 1722 ita
1072 1686 1259 1722 sibiinfensa
1273 1715 1283 1730 ‚
1301 1698 1337 1720 ut
1351 1699 1391 1721 ne
1403 1688 1436 1720 in
1446 1686 1544 1733 gradu
1553 1684 1688 1731 quide-m
1707 1681 1818 1729 remis-

433 1737 467 1773 so
484 1735 641 1771 simulel'se
656 1735 776 1784 possint
791 1765 800 1779 ‚
816 1742 851 1772 δε
870 1740 1031 1773 contraria
1046 1737 1194 1771 dicuntur
1210 1735 1382 1770 secundum
1404 1733 1570 1769 essentiam
1587 1761 1596 1776 ‚
1613 1745 1649 1766 ut
1662 1744 1756 1767 arnor
1779 1736 1816 1768 δε

432 1787 566 1821 odium:
581 1785 644 1820 alia
658 1785 827 1821 secundum
841 1786 1056 1823 intensionem
1071 1787 1229 1821 duntaxat
1239 1783 1298 1820 sibi
1315 1783 1385 1820 sunt
1403 1783 1515 1819 infesta
1532 1811 1542 1826 ‚
1557 1793 1592 1816 ut
1603 1781 1691 1817 calor
1708 1786 1742 1818 &
1754 1780 1816 1816 fri-

432 1848 501 1885 gus-

472 1887 596 1920 Utrum
608 1896 687 1918 vero
697 1884 853 1920 intensum
869 1885 968 1934 frigus
979 1898 1052 1920 cum
1066 1883 1189 1918 intenso
1210 1881 1317 1915 calore
1338 1893 1395 1928 per
1416 1879 1596 1915 absolutam
1614 1880 1679 1913 Dci
1698 1889 1816 1922 potem

434 1937 513 1969 t'mm
527 1932 587 1967 effe
598 1931 713 1980 poffit,
728 1934 860 1979 quidam
881 1934 984 1967 otiose
1003 1942 1153 1978 quaemnt
1172 1943 1179 1964 :
1196 1941 1254 1963 nos
1279 1940 1358 1963 vero
1368 1929 1445 1975 quid
1464 1932 1553 1963 Deus
1564 1925 1657 1973 possit
1675 1925 1815 1971 efficere,

434 1983 546 2019 frustra
561 1983 677 2028 inquiri
689 1980 883 2015 arbitramur
897 1996 905 2015 ;
930 1993 967 2015 ac
982 1979 1066 2015 bene
1078 1977 1245 2014 nobiscum
1256 1978 1364 2012 actum
1385 1988 1531 2025 putamus
1541 2005 1550 2019 ‚
1567 1974 1588 2009 fi
1599 1988 1646 2010 res
1661 1974 1740 2024 ipsas
1752 2005 1762 2019 ‚
1777 1987 1816 2011 ut:

433 2043 549 2067 revera
563 2029 632 2065 sunt
649 2058 660 2074 ,
682 2028 909 2075 cognoscamus
925 2042 933 2064 :
950 2029 1037 2077 quod
1053 2039 1164 2063 tamen
1184 2039 1255 2062 -non
1268 2037 1412 2073 apertam
1426 2025 1565 2061 involvit
1583 2026 1816 2060 contradictio.

433 2094 523 2123 nem,
535 2079 568 2113 id
579 2077 648 2114 fieri
666 2076 864 2126 poffeaDeo
874 2078 1043 2114 fatendum
1054 2078 1106 2113 est.
1124 2078 1197 2117 Nec
1215 2075 1315 2110 -vidco
1332 2087 1387 2110 cur
1403 2074 1541 2110 summus
1562 2074 1649 2108 calor
1669 2087 1743 2109 cum
1763 2076 1815 2109 in.-

438 2127 527 2166 tenso
539 2128 658 2177 frigore
667 2125 728 2162 effe
742 2139 978 2175 nequeat‚cum
988 2130 1078 2163 Deus
1095 2125 1253 2174 impedire
1275 2123 1369 2171 possit
1382 2126 1461 2170 quin
1486 2123 1572 2158 calor
1587 2123 1688 2169 frigus
1707 2121 1818 2170 expel-

438 2179 482 2214 lat
500 2193 507 2214 :
521 2178 561 2212 est
581 2179 668 2211 enim
686 2176 741 2210 illa
756 2176 895 2224 expulsio
914 2175 1049 2212 effeetus
1062 2175 1196 2222 quidem
1208 2173 1354 2208 formalis
1366 2202 1374 2216 ‚
1390 2171 1441 2207 sed
1463 2184 1586 2207 tantum
1603 2171 1816 2215 secundarius,

438 2239 537 2274 quem
551 2229 640 2262 Deus
657 2224 811 2261 cohibere
825 2226 938 2273 potest.
958 2228 1010 2262 Sic
1027 2225 1114 2260 locus
1127 2229 1193 2272 jani
1215 2222 1328 2272 plenus
1338 2234 1473 2270 corpore
1482 2221 1590 2270 potest
1607 2219 1695 2255 aliud
1707 2249 1718 2265 ,
1740 2222 1815 2256 Dee

440 2278 485 2313 ita
497 2274 629 2310 volente
643 2304 652 2319 ‚
668 2287 781 2323 corpus
804 2277 962 2324 excipere.
