1857 2745
380 149 438 185 124
809 134 838 169 T
856 133 887 169 R
909 133 937 170 Α
956 131 987 169 C
1003 133 1034 169 T
1052 134 1080 169 A
1099 135 1129 170 T
1147 134 1182 171 U
1205 135 1227 169 S

419 189 505 222 Hinc
520 185 691 221 substantiae
703 183 842 218 secundae
859 183 927 218 haec
939 183 985 216 est
998 182 1131 218 secunda
1141 185 1319 232 proprietas
1333 213 1341 226 ,
1355 194 1391 219 ut
1403 183 1543 219 univoce
1552 184 1592 219 de
1604 186 1706 234 prima
1715 186 1766 221 di-

382 240 409 269 ci
430 235 523 284 possit
541 249 547 268 τ
565 247 682 283 nempe
698 231 969 267 secundumidem
984 245 1103 267 nomen
1123 238 1156 269 ὃ(
1178 233 1348 268 secundum
1365 233 1501 268 eandem
1526 237 1686 270 rationem
1700 263 1708 277 ‚
1723 240 1765 273 ’δε

382 283 585 318 elsentialiter
599 284 639 317 de
661 295 698 316 ea
712 281 910 330 praedicetur.
926 281 1036 329 Qre
1048 282 1237 316 Aristoteles
1249 282 1312 317 hoc
1325 282 1398 317 loco
1415 294 1535 317 nomen
1551 285 1681 318 univoci
1698 284 1767 319 stri-

382 331 665 381 &iorelignificatu
675 333 741 365 acci
754 332 813 373 wit,
831 341 866 363 ut
883 330 1031 364 excludat
1040 331 1216 378 accidentia
1228 361 1238 375 ,
1257 345 1325 379 quae
1346 345 1412 366 non
1434 330 1591 366 tamssmt
1608 335 1744 367 univoca
1756 361 1766 376 ‚

378 393 476 429 quam
494 394 672 431 paronyma
687 410 696 423 ‚
718 344 858 427 usncum
869 380 979 426 primis
999 377 1174 414 substantiis
1199 393 1436 429 comparantur.
1460 382 1574 427 Itaque
1592 380 1693 416 homo
1715 382 1767 415 di-

378 433 460 464 citur
473 431 513 464 de
531 433 626 465 Petro
644 430 822 478 synonyme
841 433 873 464 δε
885 426 1101 470 essentialiter.
1507 433 1510 435 ’

416 487 447 523 30
465 478 643 515 Substantia
664 481 766 527 prima
782 475 1010 526 fignificat-hoc
1020 476 1141 524 aliquid
1152 507 1160 522 ‚
1184 480 1216 513 id
1229 480 1271 514 est
1286 507 1296 523 ‚
1312 490 1384 513 rem
1403 479 1610 527 velutdigito
1629 481 1768 516 demon-

382 527 568 564 strabilem:
587 528 762 563 substantia
775 538 854 561 vero
865 523 1019 570 secunda,
1039 526 1089 561 seu
1109 528 1294 563 universalis
1321 530 1421 576 magis
1441 520 1568 563 videtur
1592 528 1767 577 significare

381 577 477 624 quale
486 578 589 625 quid÷
604 578 635 611 id
649 577 695 612 est
710 605 719 619 ,
742 587 777 610 ut
791 574 887 623 vulgo
907 577 1158 623 interpretantur
1173 606 1183 620 ‚
1197 604 1199 607 .
1213 577 1369 626 quiddam
1384 589 1503 626 vagum
1515 606 1537 620 ,v
1551 589 1604 613 aut
1625 578 1768 613 indeter-

381 628 560 670 minatum,
581 638 634 661 aut
647 626 686 660 ad
709 624 809 659 multa
825 623 1018 660 indifferens.
1209 630 1213 632 “
1410 631 1414 634 ’
1498 626 1501 627 ’

412 684 458 722 40
475 675 668 710 Substanu'ae
683 674 762 710 nihil
778 674 824 708 exst
836 676 1141 711 contrarium-Nam
1158 675 1573 722 contraria‘dicuntugquae
1588 673 1629 709 ab
1646 673 1768 713 eodem

379 723 521 771 subjecto
550 724 611 759 sese
626 737 739 760 muruo
757 722 924 771 expellunt
940 736 947 756 :
965 722 1144 758 substantiae
1156 737 1234 759 vero
1252 737 1325 758 cum
1342 737 1407 758 non
1426 723 1484 759 fint
1500 727 1533 758 in
1549 723 1768 770 ssxbjeetis,se-

362 773 411 815 :se
423 787 489 809 non
505 773 632 823 potsunt
649 772 690 808 ab
712 775 748 808 iis
768 771 945 807 extrudere.
989 774 1071 807 Sunt
1093 783 1204 808 tamen
1222 773 1367 819 quaedam
1383 771 1581 816 substantiae‚
1609 783 1645 806 ut
1666 772 1767 821 vulgo

377 823 518 858 creditur
532 850 542 866 ,
556 836 630 871 quae
646 835 702 871 per
725 822 898 856 contrarias
915 820 1088 867 qualitates
1108 824 1192 856 inter
1214 821 1244 856 se
1258 833 1421 869 pugnant,
1444 833 1479 856 ut
1501 834 1583 869 aqua
1603 826 1636 858 δ(
1660 823 1741 870 ignis
1754 850 1766 866 ,

359 902 364 909 .
378 884 514 920 quaeque
529 875 612 907 adeo
628 871 685 907 fibi
701 872 867 905 contrariae
880 880 1014 917 propter
1031 870 1218 917 qualitates.
1233 868 1394 917 oppositas
1403 870 1471 904 ‘dici
1491 869 1604 906 solent.
1656 875 1662 878 “

419 927 453 966 5⁰
470 921 653 956 Substantia
669 933 735 955 non
746 917 877 967 suscipit
886 922 987 966 magis
998 921 1167 954 &urinum
1184 931 1290 964 neque
1305 921 1393 952 enim
1406 947 1417 961 ‚
1438 930 1474 953 ut
1491 919 1628 953 calidum
1641 918 1687 952 est
1700 918 1766 953 alio

380 969 511 1005 calidius
525 999 535 1013 ,
553 969 592 1005 fic
605 982 681 1004 unus
707 969 806 1004 homo
829 968 871 1001 est
892 969 993 1014 tnagis
1013 966 1220 1014 homoquarn
1234 966 1323 1006 alter.
1356 967 1458 1014 Qod
1476 968 1606 1014 quidem
1633 969 1676 1000 ita
1694 966 1768 1001 sub-

381 1019 502 1053 stantiae
513 1021 556 1054 est
565 1021 730 1066 proprium
744 1047 753 1060 ,
770 1028 804 1051 ut
815 1018 992 1063 quantitati
1007 1021 1040 1052 &
1050 1016 1238 1062 quibusdam
1250 1014 1319 1049 aliis
1333 1018 1508 1050 conveniat
1531 1015 1767 1059 accidentibus,

380 1080 449 1113 quae
467 1069 592 1101 intendi
610 1080 673 1100 non
689 1064 813 1113 possunt
826 1076 887 1098 aut:
895 1066 1017 1098 remitti
1030 1092 1038 1106 ‚
1061 1064 1240 1110 necquoad
1256 1062 1420 1098 essentiam
1436 1078 1443 1099 :
1469 1064 1584 1098 nullius
1611 1066 1698 1099 enim
1718 1064 1767 1099 es-

381 1115 481 1150 sentia
491 1114 613 1163 suscipit
624 1116 725 1161 magis
736 1114 925 1155 autminus,
945 1124 1017 1146 cum
1034 1110 1071 1146 fit
1088 1110 1289 1146 indivisibilis
1305 1128 1313 1154 3
1333 1124 1391 1147 nec
1407 1113 1514 1159 quoad
1530 1116 1713 1155 entitatem,
1731 1125 1766 1148 ut

381 1164 422 1198 de
436 1161 691 1211 quantitateipsa
704 1162 851 1195 dicemus.
864 1161 967 1207 Qod
978 1173 1056 1194 vero
1067 1160 1259 1195 „Aristoteles
1274 1162 1304 1194 in
1315 1161 1376 1195 hoc
1388 1163 1494 1208 capite
1509 1163 1615 1196 innuit
1626 1160 1766 1196 substan-

365 1240 367 1242 -
382 1215 461 1247 tiam
478 1215 614 1261 primam
627 1213 727 1259 magis
741 1209 802 1245 else
817 1209 1025 1245 substantiam
1037 1239 1047 1253 ‚
1069 1210 1177 1257 -quam
1192 1209 1379 1244 secundam:
1397 1210 1427 1242 id
1444 1222 1555 1244 verum
1574 1210 1620 1243 est
1631 1238 1641 1253 ,
1663 1209 1683 1244 fi
1701 1210 1767 1259 ipsa.

379 1261 539 1310 spectetur
548 1261 718 1296 substantia
733 1271 890 1306 quatenus
903 1257 1019 1293 substat
1035 1258 1263 1295 accidentibus.
1277 1260 1365 1294 Nam
1380 1257 1549 1293 substantia
1575 1261 1676 1307 prima
1693 1272 1767 1294 ma..

379 1314 427 1359 gis
445 1309 550 1345 subest
565 1307 785 1344 accidentibus
803 1307 907 1355 quzim
925 1306 1068 1342 secunda.
1090 1310 1166 1343 Huc
1190 1310 1286 1342 etiam
1307 1308 1451 1350 accedit,
1473 1308 1558 1354 quod
1576 1308 1681 1355 plures
1707 1307 1766 1343 sint

379 1360 491 1408 gradus
505 1358 679 1395 essentiales
695 1362 729 1392 in
743 1356 914 1391 substantia
925 1355 1086 1405 singulari,
1104 1356 1203 1404 quam
1221 1359 1254 1391 in
1269 1355 1437 1390 universali
1451 1374 1460 1400 3
1485 1362 1517 1392 δ(
1533 1369 1600 1403 quo
1620 1355 1765 1392 substan-

381 1412 425 1442 tia
439 1408 624 1444 universalis
635 1410 767 1456 propior
777 1405 975 1454 estfingulari
986 1435 999 1449 ‚
1029 1418 1070 1440 eo
1086 1406 1194 1455 plures
1207 1406 1323 1454 gradus
1337 1404 1581 1454 compleotitur,
1601 1417 1635 1440 ut
1651 1405 1764 1440 homo

381 1459 459 1505 quid
475 1456 614 1492 nobilius
631 1457 673 1491 est
686 1455 784 1502 quam
798 1454 928 1490 animal.
1073 1460 1077 1462 ’

420 1506 547 1542 Ultima
558 1505 735 1540 substantiae
769 1505 971 1551 roprietasrin
995 1504 1057 1537 hoc
1076 1502 1228 1551 pofitaest
1245 1531 1255 1546 ,
1280 1515 1316 1537 ut
1334 1504 1447 1537 eadem
1459 1515 1589 1538 manens
1604 1504 1766 1537 contraria.

382 1556 519 1603 excipiat
529 1567 601 1589 cum
612 1554 731 1599 aliqua.
746 1555 777 1586 ui
791 1554 990 1587 mutatione:
1011 1550 1051 1585 sic
1065 1553 1151 1587 idern
1162 1552 1262 1587 homo
1275 1550 1375 1586 modo
1384 1551 1505 1586 calidus
1515 1551 1556 1585 est
1568 1579 1577 1594 ‚
1590 1550 1689 1586 modo
1705 1550 1766 1585 fri-

378 1604 480 1652 gidus.
493 1604 592 1638 Addit
605 1608 636 1640 ὃ(
647 1600 857 1648 Philosophus
868 1629 877 1643 ,
896 1603 975 1634 Cum
983 1601 1037 1646 siti
1045 1603 1219 1634 mutatione
1230 1629 1238 1639 ,
1254 1613 1289 1635 ut
1305 1612 1450 1635 occurrat
1465 1602 1592 1635 cuidam
1604 1599 1767 1647 objestio-
1818 1607 1823 1611 '

378 1655 427 1694 ni,
454 1652 553 1699 quam
573 1651 628 1686 sibi
643 1649 698 1699 ipsi
712 1651 866 1698 proponit
880 1650 920 1684 de
934 1651 1082 1684 oratione
1099 1662 1171 1696 quae
1187 1651 1287 1684 modo
1297 1661 1373 1683 vera
1385 1651 1437 1692 est,
1455 1647 1643 1683 modosfalsa
1659 1662 1666 1682 ε
1682 1661 1715 1683 ut
1743 1647 1766 1682 fi

380 1702 576 1747 quisdixerit
590 1704 757 1736 Socratem
771 1698 880 1733 sedere
893 1727 903 1743 ‚
922 1710 998 1734 vera
1015 1698 1058 1733 est
1067 1701 1108 1732 eo
1118 1697 1248 1734 sedente
1267 1714 1276 1741 3
1303 1696 1326 1733 si
1339 1696 1507 1732 surrexerit
1519 1726 1529 1740 ‚
1560 1695 1638 1731 falsa
1662 1708 1766 1732 enun-

381 1752 473 1784 tiatio
497 1751 602 1785 futura
625 1751 676 1785 est.

409 1799 599 1847 Respondet
613 1801 795 1833 orationem
814 1795 895 1832 nihil
912 1797 1025 1830 mutari
1037 1825 1046 1839 ‚
1064 1808 1137 1830 cum
1156 1808 1194 1832 ex
1212 1808 1289 1831 vera
1301 1833 1303 1836 ,
1315 1794 1352 1830 fit
1368 1793 1464 1840 falsa,
1478 1794 1541 1830 sed
1561 1795 1764 1833 substantiam

383 1852 498 1882 mutari
516 1849 658 1895 quodam
672 1848 771 1882 modo
783 1876 791 1889 ‚
812 1859 886 1881 curn
900 1844 1023 1892 suscipit
1035 1847 1204 1881 contraria.

418 1897 518 1945 Qiod
539 1899 636 1930 etiam
657 1899 779 1944 opponi
793 1895 888 1937 solet,
908 1894 1058 1927 eumdem
1076 1893 1278 1927 intelleChim
1303 1893 1403 1926 modo
1423 1904 1536 1926 verum
1554 1891 1634 1936 esse,
1661 1895 1762 1928 modo

379 1946 536 1989 fillum&
554 1948 711 1979 contraria
721 1943 871 1990 suscipere
889 1953 962 1974 cum
975 1941 1083 1986 aliqua
1097 1939 1139 1974 sui
1157 1942 1458 1986 mutationezAtque
1475 1940 1562 1974 idem
1577 1941 1641 1975 dici
1654 1943 1761 1990 potest

379 1997 418 2029 de
434 1997 611 2042 quantit-are
622 2022 632 2036 ‚
649 2005 718 2039 quse
729 1991 852 2025 colores
867 1990 1042 2023 contrarios
1057 1991 1196 2036 excipit:
1218 1989 1377 2037 perfacilis
1399 1990 1440 2023 est
1462 1988 1621 2034 responsio
1632 2020 1640 2033 ‚
1664 1992 1762 2027 intel-

380 2045 514 2087 lectum,
540 2041 560 2076 fi
573 2041 609 2076 sit
618 2042 764 2076 accidens
775 2038 939 2087 quoddam
955 2036 996 2071 ab
1010 2038 1310 2073 animadistinctum
1322 2068 1331 2082 ‚
1342 2039 1386 2072 'de
1402 2051 1466 2086 quo
1478 2037 1578 2080 alibi,
1594 2052 1648 2074 aut
1659 2053 1761 2087 quan-

379 2096 507 2128 ritatem
525 2090 622 2139 ipsam
641 2091 800 2124 contraria
814 2090 962 2135 excipere
977 2115 986 2129 ‚
1002 2085 1224 2134 utsubjecstum
1237 2100 1296 2133 quo
1317 2116 1324 2125 .
1342 2101 1408 2122 non
1427 2097 1462 2121 ut
1478 2087 1571 2132 qnod.
1590 2091 1677 2123 Nam
1689 2102 1761 2123 me-

378 2143 430 2175 dia
444 2143 622 2189 quantitate
631 2138 803 2186 qualitates
821 2138 986 2171 contrariae
1003 2137 1036 2171 in
1055 2134 1224 2173 substantia
1241 2138 1460 2185 reperiuntur,
1475 2147 1543 2183 quae
1554 2138 1667 2184 utique
1684 2136 1759 2173 sub-

378 2193 496 2237 jectum
509 2190 570 2234 est,
587 2188 678 2237 quod
696 2199 748 2223 eas
769 2187 896 2234 excipit.
