1857 2745
479 112 666 150 PARS
724 110 1029 149 TERTIA·
1433 129 1481 159 ¹91

89 164 178 208 »citra
189 161 571 200 voluntatisrconsensum
589 175 597 197 :
619 160 672 196 sed
690 173 762 196 cum
773 173 822 196 res
839 161 922 197 adeo
932 162 976 196 est
990 161 1140 205 widem,
1156 172 1193 196 ut
1211 160 1316 197 nullus
1332 161 1369 197 sit
1385 163 1480 198 dubi-

96 215 212 252 rationi
226 212 338 249 locus:
359 210 414 247 etsi
428 210 562 248 assensus
577 211 622 246 est
641 209 859 256 voluntarius,
880 222 991 247 tamen
1009 224 1075 247 non
1096 211 1139 245 est
1155 210 1240 246 liber
1266 240 1276 254 ‚
1307 223 1363 245 aut
1380 214 1480 248 indif-

91 262 305 301 ferens.Cum
316 264 425 309 itaque
437 260 596 297 conclusio
606 274 644 297 ex
656 260 818 310 praemiffis
835 264 897 296 rite
909 258 1150 308 deducitur,ipsi
1163 259 1407 308 consequentiae
1420 275 1487 297 non

93 311 235 350 assentiri
251 324 318 347 non
333 309 492 360 possumus
511 339 521 354 ,
546 323 607 347 nec
630 313 755 347 animus
773 309 927 347 assensum
941 309 1029 347 suum
1042 309 1199 346 cohibere
1215 310 1334 359 potest.

131 359 230 398 Prob.
243 360 295 395 Ut
305 360 458 396 voluntas
469 362 502 396 in
513 359 639 397 bonum
649 390 659 406 ,
685 360 725 396 sic
736 360 920 398 intellectus
938 363 972 396 in
990 372 1103 397 verum
1118 361 1248 396 nititur.
1266 359 1329 394 Sed
1344 358 1494 394 voluntas

93 410 195 448 odisse
205 409 348 454 bonum,
360 421 416 445 aut
429 421 538 445 amare
552 411 672 446 malum
686 412 751 459 qua
767 410 893 446 malum
906 424 974 447 non
990 411 1106 460 potest.
1127 412 1211 458 Ergo
1233 407 1419 444 intelleQus
1437 420 1495 443 ve-

82 462 183 498 ,titan
211 462 352 508 cognitae
374 464 407 496 δι
424 457 574 495 concess-”e
590 459 744 496 assensum
761 460 851 496 suum
865 461 1028 509 denegare
1044 473 1111 495 non
1129 458 1248 507 potest.

131 509 216 558 Opp.
232 505 376 544 Asstnsus
388 511 493 545 omnis
506 521 549 545 ex
560 509 730 546 voluntate
741 510 848 546 nostra
859 510 981 558 pendet
994 538 1003 553 ‚
1022 521 1096 557 quae
1118 507 1323 543 intellectum
1338 506 1495 541 determi-

92 570 170 596 nat:
191 559 276 593 unde
290 571 381 593 error
398 557 495 594 nobis
515 562 693 609 imputatur
712 575 720 596 ;
738 572 877 607 cumque
908 559 1087 607 judicamus
1103 569 1227 592 temere
1245 562 1279 594 ὅ(
1295 554 1495 598 inconsulte,

94 609 130 643 in
143 606 239 657 culpa
254 606 357 643 sumus
377 637 387 652 ,
408 613 442 645 ὃ(
460 621 590 658 poenam
606 622 781 645 meremur.
796 609 859 644 Sed
877 607 1027 645 voluntas
1041 621 1114 644 cum
1130 605 1166 642 sit
1184 605 1287 642 libera
1298 635 1308 649 ,
1331 603 1496 656 pote-stas-

93 656 216 693 sensum
241 656 417 702 cohibere,
431 669 467 693 ut
483 658 675 695 inchoatum
693 660 849 709 judicium
874 658 982 707 potest
1001 660 1253 705 interrumpere.
1265 658 1349 705 Ergo
1364 653 1495 690 assensus

83 704 303 742 rconclusionis
320 719 388 741 non
402 707 449 742 est
461 705 664 743 necessarius.

132 755 221 803 Resp.
245 754 332 800 Dist.
350 759 427 791 min.
455 756 563 790 Potest
582 756 731 791 voluntas
757 754 910 791 assensum
944 754 1132 804 suspendere
1156 783 1166 798 ‚
1204 751 1392 802 priusquam
1418 763 1496 800 prae-

83 801 196 840 -miffas
211 803 384 848 admittat,
409 804 450 840 C.
459 803 597 840 admissis
608 805 771 854 praemissis
784 834 794 849 ,
812 807 858 842 N.
874 816 944 841 tum
957 808 1044 841 enim
1057 804 1237 840 voluntarie
1256 802 1390 850 quidem
1402 830 1412 845 ‚
1444 799 1497 834 sed

84 865 161 891 -non
182 851 287 888 libere
301 852 493 891 assentimur.
521 854 626 900 Qod
648 867 757 891 autem
776 857 887 897 aiunt,
919 855 1106 890 inchoatum
1123 853 1279 904 judicium
1305 851 1497 897 interrumpi

93 899 182 952 posse
198 918 208 945 ·,
228 902 260 935 id
281 904 395 950 utique
410 904 620 938 concedimus
631 932 641 946 ‚
665 905 744 939 dum
764 902 989 951 praemiffarum
1004 902 1136 939 assensus
1153 899 1328 936 cohibetur
1341 928 1351 943 ,
1371 910 1426 933 aut
1442 900 1496 933 in-

95 952 325 999 terrumpitur:
344 963 380 985 at
394 950 416 986 si
432 950 474 986 ab
495 950 614 987 assensu
626 951 854 1000 praemiffarum
871 964 939 988 non
951 949 1105 988 cessemus
1118 980 1128 996 ,
1143 951 1300 999 judicium
1313 951 1399 984 circa
1415 959 1497 982 con..

94 998 271 1036 clufionem
286 999 475 1047 suspendere
492 1013 560 1036 non
579 1001 749 1049 possumus.

126 1049 204 1083 Hoc
217 1049 317 1082 etiam
335 1049 410 1083 loco
423 1048 464 1082 de
481 1060 594 1095 quarta
605 1049 723 1084 Galeni
741 1049 844 1097 figura
861 1047 1011 1095 plerique
1029 1047 1126 1082 fufius
1144 1047 1306 1097 disputant
1317 1075 1327 1091 ,
1352 1044 1406 1081 sed
1431 1043 1500 1080 frua

94 1097 176 1140 stra,
194 1107 270 1131 cum
283 1096 364 1132 nihil
378 1095 415 1132 fit
451 1108 544 1132 raeter
561 1099 699 1146 primam
720 1097 857 1148 figuram
868 1095 1040 1132 inversam.

130 1144 216 1190 Sed,
234 1148 359 1194 inquies
371 1174 384 1186 ,
412 1110 467 1182 ille
486 1144 686 1196 syllogismus
701 1159 822 1196 quartae
836 1145 945 1194 figurae
967 1147 1056 1182 reste
1068 1144 1244 1183 concludit.

429 1222 548 1256 Omnis
566 1220 670 1257 homo
683 1221 731 1256 est
745 1218 866 1257 animal
884 1237 894 1264 ς

433 1271 550 1306 Omne
564 1270 686 1306 animal
696 1271 740 1306 est
750 1272 864 1306 vivens
880 1283 890 1311 ·‚

437 1322 522 1368 Ergo
536 1322 642 1355 omnis
652 1320 753 1356 homo
769 1319 816 1355 est
829 1321 957 1355 vivens.

132 1390 225 1440 Resp.
239 1393 340 1427 Hunc
360 1391 582 1441 syllogismum
600 1395 730 1442 proprie
751 1393 791 1428 ad
808 1395 948 1441 primam
978 1391 1142 1441 pertinere
1160 1389 1297 1440 figuram
1316 1404 1324 1427 t
1349 1403 1423 1427 nam
1436 1403 1505 1439 quae

95 1441 229 1477 videtur
247 1445 350 1488 maj0r
370 1440 549 1489 propositio
562 1471 571 1485 ,
596 1455 708 1477 revera
723 1443 767 1477 est
781 1445 889 1477 minor
902 1471 912 1485 ,
930 1455 1003 1477 cum
1021 1443 1124 1476 minus
1140 1452 1325 1475 extremum
1342 1453 1418 1475 cum
1432 1453 1505 1476 me-

98 1489 154 1524 dio
172 1491 380 1536 conjunemm
397 1489 518 1524 habeat
533 1502 591 1526 :ut
602 1503 673 1537 quae
691 1490 833 1525 secundo
852 1490 926 1524 loco
938 1491 1071 1537 ponitur
1089 1486 1266 1535 propositio
1281 1516 1290 1530 ‚
1313 1488 1360 1522 est
1380 1494 1505 1536 major;

100 1549 177 1574 nam
192 1541 293 1586 majus
306 1549 488 1573 extremum
510 1550 547 1572 ea
561 1541 721 1574 continet.
752 1537 828 1572 Sola
851 1540 946 1586 igitur
973 1535 1228 1585 propositionum
1261 1535 1504 1584 transpositione

100 1585 172 1622 haec
183 1597 299 1633 quarta
309 1586 426 1622 Galeni
444 1585 543 1634 figura
561 1587 580 1622 a
592 1590 695 1635 prima
705 1585 829 1621 diversa
843 1586 1005 1634 est.Q0d
1019 1585 1040 1620 si
1052 1587 1191 1620 invertas
1209 1596 1374 1621 extremos
1391 1589 1502 1621 termi-

100 1647 160 1671 nos
174 1633 385 1670 conclusionis
397 1665 407 1679 ,
422 1641 455 1672 &
468 1635 507 1669 fic
523 1636 695 1671 concludas
713 1652 722 1679 ς
743 1648 822 1683 ergo
840 1634 974 1682 aliquod
1000 1636 1115 1670 vivens
1130 1634 1174 1670 est
1190 1633 1303 1671 homo.
1323 1637 1413 1671 Tum
1443 1634 1502 1671 fiet

103 1682 305 1733 syllogismus
314 1685 489 1721 indirectas
505 1714 516 1729 ,
542 1687 597 1733 qui
609 1697 722 1734 practer
733 1686 1000 1734 expefilmtionem
1013 1682 1195 1719 concludet.

579 1767 918 1816 oufes-mo
963 1767 1023 1802 τι.

546 1849 605 1881 De
627 1859 745 1883 natura
764 1848 1061 1895 Demonstrationis.

103 1931 259 2018 CUm
281 1929 519 1965 demonstratio
534 1928 572 1966 sit
595 1932 791 1979 praecipuum
813 1928 929 1964 sciendi
952 1929 1197 1964 instrumentum
1210 1955 1221 1972 ‚
1247 1938 1402 1975 quatenus
1419 1932 1504 1977 parit

102 1986 103 1989 ’
190 1979 358 2016 scientiam
372 2007 382 2021 ,
403 1979 444 2014 de
457 1978 511 2013 illa
546 1979 620 2015 aulo
633 1978 766 2015 uberius
778 1979 951 2014 dicendum
965 1978 1012 2013 est
1028 1992 1036 2014 :
1055 1990 1092 2012 ac
1109 1975 1253 2027 primum
1271 1990 1344 2025 quae
1361 1976 1397 2013 sit
1417 1978 1501 2015 illius

106 2041 220 2068 natura
231 2057 241 2072 ‚
265 2028 383 2063 deinde
398 2039 480 2076 quot
498 2028 519 2063 il
536 2031 583 2064 ius
601 2040 707 2078 partes
718 2058 728 2073 ,
750 2041 819 2064 tum
839 2028 922 2064 illius
939 2030 1154 2077 proprietates
1168 2057 1177 2071 ‚
1194 2028 1328 2062 tandem
1340 2028 1380 2062 de
1394 2029 1502 2065 medio

105 2077 391 2116 demonstrationis
402 2078 573 2128 agendum.
593 2080 680 2114 Cum
689 2090 796 2114 autem
809 2078 996 2114 Aristoteles
1015 2076 1057 2113 ab
1075 2077 1137 2114 hoc
1156 2078 1299 2113 ordiatur
1313 2078 1477 2113 axiomate
1490 2106 1502 2123 ,

106 2129 222 2163 Omnis
237 2126 379 2161 doffrina
392 2154 402 2166 ,
424 2129 586 2174 omnissque
601 2129 769 2176 disciplina
785 2128 966 2164 dianobtica
986 2129 1059 2172 ‚siu
1078 2127 1303 2162 intelleb'lualis
1327 2139 1366 2159 ex
1379 2138 1505 2162 antece-

110 2174 202 2210 dente
223 2174 268 2221 fit
288 2177 481 2225 cognitione,
504 2177 580 2213 hinc
607 2176 808 2214 occasionem
825 2179 982 2228 arripiunt
1000 2175 1190 2225 Philosophi
1210 2174 1312 2212 multa
1326 2175 1367 2211 de
1381 2177 1418 2211 iis
1434 2189 1505 2225 quae

111 2221 182 2260 sunt
201 2225 274 2262 ante
298 2226 521 2275 cognoscenda
535 2254 546 2273 ,
572 2225 761 2276 disputandi.
