1857 2745
316 142 354 175 34
720 116 1320 160 1NsT1TUT10NEs

339 177 457 222 ‘Hujus
473 171 646 227 syllogismi
660 172 849 221 disjunstivi
863 182 932 206 tota
950 174 998 207 vis
1012 173 1054 206 est
1072 170 1267 219 inexquisita
1282 170 1436 207 divifion‘e
1449 187 1456 208 ε
1468 185 1546 209 nam
1561 174 1701 212 siminus

317 235 464 259 accurata
479 227 596 264 luerit,
614 232 720 255 totum
734 233 961 269 argumentum
976 234 1103 256 corruet
1118 250 1127 265 ‚
1153 234 1190 256 ut
1211 220 1232 256 sl
1259 224 1328 269 quis
1342 223 1387 256 ita
1404 225 1632 261 ratiocinetur:

476 271 541 305 Vel
559 270 780 305 obediendum
799 271 842 305 est
854 269 1056 318 Principibus
1074 271 1200 320 aliquid
1214 283 1328 306 contra
1339 273 1449 307 Deum
1459 274 1702 321 imperantibus,

511 320 564 355 vel
577 317 726 354 adversus
745 332 799 354 eos
818 319 1065 357 rebellandum:

478 372 577 417 Atqui
589 383 654 404 non
667 368 710 403 est
728 367 968 405 obediendum:

477 422 559 468 Ergo
581 417 805 454 rebellandum
823 418 876 455 est.

349 473 513 508 Neutrum
530 471 617 504 enim
634 467 677 503 est
689 467 884 504 faciendum.

351 517 562 568 Syllogismus
576 517 804 553 conditionalis
817 520 842 552 is
856 518 899 553 est
922 522 954 554 in
967 531 1033 567 quo
1051 522 1206 569 repetitur
1220 518 1328 566 aliqua
1348 518 1524 567 propositio
1537 522 1703 556 conditio..

317 569 399 605 nalis
410 599 419 613 ‚
436 581 504 616 quae
524 568 599 602 duas
617 566 754 603 includit
767 578 873 615 partes
885 598 895 612 ,
913 569 1107 605 antecedens
1125 572 1278 606 nimirum
1294 574 1329 605 &
1348 568 1555 616 consequens,
1585 573 1634 605 Fit
1647 584 1704 605 au-

317 630 384 654 tem
396 617 550 668 ejusmodi
564 615 762 666 syllogismus
773 615 875 665 posrto
886 618 1146 656 antecedentem
1155 620 1327 661 minoti,Ut
1343 617 1497 653 inferatur
1508 618 1703 667 consequens

317 670 350 704 in
363 666 563 704 conclufione
576 696 586 711 ‚
611 678 647 702 ut

480 719 514 753 Si
532 716 646 752 relatio
661 717 705 751 est
713 717 882 762 accidens,
904 716 1020 752 eadem
1032 718 1075 752 est
1090 729 1145 752 ens
1160 731 1169 752 ε

478 767 543 802 Sed
567 766 611 801 est
630 766 802 802 accidens:

483 820 566 865 Ergo
584 815 627 850 est
645 827 714 851 ens.

351 865 416 901 Vel
433 878 554 915 negato
575 863 792 912 consequente
811 866 844 899 in
866 867 1005 912 minori,
1038 879 1074 901 ut
1093 867 1227 902 tollatur
1247 867 1442 902 antecedens
1464 868 1497 903 in
1526 865 1705 902 conclusio-

318 927 380 959 ne,
399 926 436 950 ut

474 964 510 997 Si
530 963 646 998 relatio
661 964 704 997 est
717 963 886 1007 accidens,
905 963 1021 998 eadem
1041 965 1083 999 est
1099 977 1173 1001 ens:

477 1012 543 1046 Sed
559 1025 626 1047 non
642 1012 685 1046 est
699 1024 754 1047 ens
768 1026 775 1047 :

482 1064 565 1109 litgo
583 1073 644 1096 nec
660 1062 820 1096 accidens.

353 1110 405 1145 Ut
419 1109 613 1158 propositio,
629 1108 668 1144 sic
683 1110 879 1160 syllogismus
892 1108 1140 1152 conditionalis,
1166 1108 1219 1144 vel
1248 1109 1480 1158 hypotheticus
1503 1111 1570 1147 falfi
1597 1114 1703 1161 argui-

321 1171 371 1195 tur
383 1189 393 1203 ,
406 1172 478 1193 curn
491 1172 530 1194 ex
541 1160 715 1209 negatione
727 1160 949 1196 antecedentis
965 1187 974 1201 ,
1003 1158 1055 1193 seu
1083 1160 1214 1192 termini
1241 1161 1344 1194 minus
1361 1161 1544 1196 universalis
1567 1161 1703 1197 infertur

321 1210 454 1257 negatio
465 1208 691 1257 consequentis
705 1224 713 1245 ε
728 1208 793 1244 utfi
804 1222 841 1245 ex
860 1222 899 1243 eo
915 1208 1004 1255 quod
1023 1208 1201 1256 triangulus
1213 1221 1280 1243 non
1297 1207 1332 1244 fit
1350 1209 1500 1253 circulus,
1534 1212 1605 1258 quis
1617 1211 1704 1245 colli-

319 1270 412 1306 geret
423 1270 497 1293 eum
510 1272 576 1294 non
591 1257 651 1294 else
666 1257 799 1307 figuram
817 1275 826 1303 3
840 1269 894 1293 aut
904 1256 923 1292 fi
935 1258 1129 1292 antecedens
1147 1269 1184 1292 ex
1196 1257 1412 1305 consequente
1430 1259 1594 1309 colligitur
1605 1289 1614 1304 ‚
1631 1272 1704 1295 cum

321 1319 358 1341 ex
368 1307 582 1343 antecedente
592 1307 790 1356 consequens
801 1337 811 1352 ,
833 1321 899 1343 non
913 1305 1046 1342 viciffim
1059 1307 1170 1342 inferri
1183 1306 1314 1344 debeat.
1328 1308 1379 1342 Ut
1393 1309 1524 1343 circulus
1543 1311 1603 1353 est,
1627 1321 1706 1358 ergo

322 1362 355 1393 δέ
367 1355 467 1405 figura
483 1375 492 1401 ;
509 1371 575 1393 non
588 1369 695 1392 autem
708 1387 717 1400 ,
733 1356 834 1407 figura
845 1358 889 1391 est
901 1385 910 1399 ,
929 1370 1007 1405 ergo
1018 1356 1151 1392 circulus
1165 1374 1174 1400 3
1196 1357 1239 1391 est
1253 1357 1373 1392 animal
1385 1386 1395 1401 ‚
1412 1371 1489 1406 ergo
1514 1358 1624 1393 homo.

353 1409 478 1442 Tantus
491 1419 589 1454 porro
601 1407 642 1441 est
651 1405 720 1441 usus
738 1406 915 1456 syllogismi
932 1405 1160 1441 conditionalis
1174 1435 1183 1450 ‚
1201 1418 1236 1440 ut
1250 1406 1312 1441 hoc
1330 1419 1475 1455 tempore
1486 1407 1542 1442 illa
1561 1410 1593 1442 in
1612 1407 1706 1442 scho-

320 1456 359 1491 lis
373 1456 587 1490 ratiocinandi
601 1457 704 1491 fornia
723 1457 897 1504 plurimum
907 1455 1084 1503 usurpetur.
1112 1455 1308 1490 Cavendum
1323 1468 1432 1491 tamen
1453 1469 1494 1491 ne
1516 1456 1589 1492 huic
1612 1469 1706 1504 argu-

318 1506 514 1540 mentationi
526 1504 594 1551 plus
611 1517 705 1551 aequo
713 1504 917 1540 assuescamus
931 1521 940 1546 ·‚
955 1516 1023 1538 tum
1033 1505 1110 1550 quia
1122 1503 1272 1539 varianda
1283 1506 1439 1552 imprimis
1452 1506 1495 1540 est
1510 1509 1625 1548 oratio,
1639 1517 1705 1541 tum

317 1556 419 1589 etiarn
436 1555 512 1600 quia
523 1552 784 1588 consuetudoista
798 1556 851 1589 vix
861 1551 1019 1601 probatur
1040 1553 1131 1600 hujus
1144 1555 1218 1587 artis
1234 1554 1406 1601 MagistriS.
1423 1554 1486 1589 Sed
1507 1557 1538 1590 in
1552 1566 1706 1603 promptu

317 1603 361 1638 est
378 1602 557 1637 remedium
572 1604 697 1637 :omnis
714 1604 801 1637 enim
810 1603 1052 1651 argumentatio
1064 1601 1208 1637 absoluta
1224 1600 1291 1635 fieri
1307 1603 1409 1649 potest
1419 1604 1658 1646 conditionalis,
1671 1608 1705 1640 &

316 1653 422 1686 omnis
437 1650 665 1686 conditionalis
679 1654 711 1687 in
723 1651 903 1688 absolutam
928 1652 1075 1686 converti
1087 1652 1199 1699 potest.
1216 1650 1250 1683 ld
1263 1662 1356 1698 patet
1374 1663 1416 1686 ex
1434 1651 1578 1698 sequenti
1589 1664 1702 1687 exem-

339 1700 380 1737 lo.

315 1713 335 1749 p
478 1751 511 1785 Si
528 1749 630 1784 homo
645 1750 690 1785 est
710 1750 877 1786 rationalis
891 1779 900 1794 ‚
916 1750 1004 1786 idem
1015 1750 1059 1787 est
1077 1748 1204 1785 rifivus:

479 1799 543 1833 Sed
554 1798 655 1834 homo
665 1801 707 1834 est
722 1799 891 1835 rationalis
905 1815 914 1836 ς

477 1851 560 1896 Ergo
573 1847 744 1886 estrifivus.

537 1899 649 1931 Omne
673 1900 832 1933 rationale
854 1899 896 1931 est
908 1897 1055 1932 rifivum:

536 1947 600 1980 Sed
618 1948 723 1981 omnis
742 1946 843 1981 homo
858 1946 901 1980 est
912 1944 1097 1981 rationalis:

541 1998 624 2044 Ergo
644 2001 677 2032 δε
691 1993 811 2032 rifivus.

356 2047 516 2082 Ceterum
527 2044 574 2081 his
585 2044 773 2093 syllogismis
785 2044 960 2094 complexis
979 2042 1054 2078 addi
1069 2041 1193 2090 possunt
1207 2042 1378 2080 exclufivus
1392 2073 1401 2087 ‚
1427 2049 1612 2092 exceptivus
1626 2078 1636 2094 ‚
1648 2061 1700 2084 re.

320 2095 532 2146 duplicativus
541 2123 552 2139 ,
574 2100 607 2133 ὅ(
617 2092 753 2131 alii.:sed
765 2095 847 2131 nihil
862 2095 1013 2130 videntur
1031 2090 1152 2126 habere
1170 2093 1338 2142 peculiaris
1350 2092 1562 2133 difficultatis.

856 2185 1086 2221 CAPUT
1147 2185 1191 2222 X.

673 2254 726 2287 De
742 2252 876 2300 reliquis
898 2255 1183 2303 argumentationis
1188 2251 1363 2302 speciebus.

318 2340 516 2425 REliane
529 2345 817 2392 argumentationis
829 2343 948 2392 species
962 2375 971 2389 ‚
988 2345 1028 2379 de
1042 2342 1159 2391 quibus
1180 2357 1246 2380 non
1259 2346 1381 2393 egimus
1391 2375 1400 2389 ,
1419 2345 1490 2381 sunt
1501 2346 1699 2397 syllogismus

343 2440 361 2475 d
389 2391 845 2476 {iipofitoriusffinthymema,
855 2393 1044 2441 Sotite5,vel
1056 2394 1214 2442 gradati0‚
1226 2395 1409 2441 Dilemnia,
1422 2396 1642 2445 Epicherema,
1662 2403 1697 2435 δε

319 2452 340 2476 n
365 2453 384 2475 u
425 2453 467 2477 10.
