1857 2745
395 163 449 196 194
925 144 952 179 L
976 145 1011 180 O
1041 145 1072 178 G
1101 145 1116 177 1
1146 143 1177 180 C
1201 146 1239 179 ΑΞ
1810 154 1820 171 ¹

396 212 440 233 η’
457 196 571 232 titulo:
591 206 749 243 «lusitanus
765 202 914 228 mentem
928 193 969 228 ad
983 190 1212 229 assentiendum
1235 195 1372 229 omnino
1391 192 1620 231 determinant.
1648 197 1713 233 Sed
1731 199 1798 248 ipsa
1830 207 1842 229 ι

394 246 643 288 demonstratio,
674 257 709 279 ut
735 244 944 277 ratiocinatio
967 241 1219 290 perfeetiffima‚
1253 255 1307 278 aut
1321 245 1417 279 tertia
1441 246 1558 279 mentis
1575 249 1797 294 operatio,est

391 295 524 331 scientia
537 293 720 328 formaliter
734 292 861 342 sumpta
874 321 884 336 ‚
909 303 945 327 ut
961 293 1069 342 postea
1084 293 1199 328 dicturi
1216 293 1320 329 sumus
1344 306 1352 329 ε
1367 293 1451 328 adeo
1461 292 1635 330 utscientia
1647 295 1710 332 hoc
1721 311 1798 334 rno-

395 345 439 379 do
453 342 577 392 sumpti
597 343 633 378 sit
651 342 795 378 formalis
815 341 949 377 effeetus
962 343 1258 380 demonstrationis·

425 393 537 429 Ait-ra
552 392 702 428 definitio
713 405 812 440 quam
823 391 919 426 affert
932 391 1121 427 Aristoteles
1139 405 1178 427 ex
1189 395 1282 428 variis
1297 393 1418 428 constat
1427 392 1672 429 conditionibus
1684 423 1695 439 ‚
1715 406 1796 442 quas

389 443 431 478 ad
446 441 637 490 exquisitam
657 441 968 476 demonstrationem
984 441 1481 491 exigit.Est,inquit,syllogifhms
1491 441 1632 487 constans
1646 457 1686 477 ex
1696 446 1796 483 veris,

391 495 506 541 primis
520 491 762 526 &immediatis
775 519 781 529 ‚
803 489 977 526 notioribus
990 491 1027 525 (ᾗ
1037 489 1196 540 prioribus
1207 519 1215 530 ‚
1242 492 1401 537 caufissque
1413 491 1623 537 conclusionis.
1638 494 1720 528 Non
1731 494 1796 527 mi..

390 554 449 577 nus
459 552 607 576 accurata
621 542 682 575 erit
699 539 860 583 definitio,
877 538 897 574 fi
914 540 1087 575 dixerimus
1102 539 1320 589 syllogismum
1334 539 1395 575 effe
1408 552 1449 576 ex
1460 540 1638 576 neceffariis
1649 541 1797 590 propost-
1833 555 1847 566 λ’

391 589 535 625 tionibus
551 588 776 639 compofitum.
795 588 883 624 Cum
894 601 1004 626 autem
1015 589 1166 625 hocloco
1180 588 1312 640 lingulas
1329 589 1535 624 conditiones
1552 588 1676 625 soleant
1687 593 1797 626 minu-
1837 590 1855 609 Ἰ·

389 641 452 674 tius
468 640 672 688 expendere,
699 640 730 673 id
743 638 848 688 ipsum
864 651 999 687 quoque
1009 638 1105 675 nobis
1123 638 1310 675 faciendum
1334 653 1342 675 ε
1361 637 1489 674 tametsi
1506 651 1546 674 ex
1562 641 1601 673 iis
1619 652 1692 687 quae
1708 640 1794 675 dixi-

391 701 463 725 rrius
475 719 485 733 ‚
503 701 619 738 magna
640 701 680 723 ex
707 701 798 737 parte
810 688 1006 724 elucescunt.

426 739 579 786 Qiatuor
600 750 643 773 eae
660 738 730 774 sunt
742 740 903 788 praecipuae
912 738 1117 774 conditiones
1130 766 1139 781 ‚
1157 749 1237 785 quas
1251 749 1334 771 verae
1353 738 1635 773 demonstrationis
1653 737 1796 787 praemis-

389 787 426 823 sae
444 790 585 838 exigunt.
609 790 741 832 Prima,
760 799 797 824 ut
810 786 869 824 fint
891 800 973 825 verae
989 793 1024 825 δι
1041 784 1232 822 neceffariae.
1255 786 1344 820 Cum
1363 788 1450 821 enim
1473 786 1635 822 conclufio
1656 787 1796 823 demon.-
1844 800 1848 810 ··

390 838 551 874 strationis
569 836 693 874 fitvera
706 843 740 875 &
751 836 922 874 neceffatia
933 866 943 881 ,
962 849 1002 872 ex
1017 838 1100 872 veris
1118 837 1234 884 utique
1249 834 1417 884 praemiffis
1435 835 1570 870 ducatur
1593 835 1717 872 necesse
1732 837 1791 875 est.

389 889 481 924 Nam
506 887 562 922 etsi
571 900 684 923 verum
698 887 863 923 interdum
880 899 918 921 ex
930 885 1011 921 falso
1027 887 1150 920 eruitur
1160 913 1171 929 ,
1189 885 1221 919 id
1239 896 1368 920 tanturn
1384 885 1432 918 est
1448 895 1506 932 per
1523 885 1682 921 accidens.
1696 887 1794 920 Veri-

389 947 438 971 tas
448 949 545 985 porro
557 949 627 985 quae
643 939 676 972 in
689 936 966 971 demonstratione
982 936 1154 981 requiritur
1166 962 1176 978 ,
1202 934 1343 968 omnino
1360 933 1403 967 est
1414 932 1625 969 immutabilis
1640 940 1675 971 &
1684 933 1794 970 neces-

390 985 480 1022 saria.
498 989 537 1022 In
552 986 616 1022 hoc
639 987 760 1033 quippe
781 984 803 1020 ὲ
823 982 1008 1033 syllogismo
1022 985 1170 1032 Topico,
1199 994 1236 1018 ut
1252 981 1383 1017 scientia
1398 980 1442 1016 ab
1455 985 1613 1030 opinione
1626 982 1794 1032 discrepat.

422 1034 605 1082 Triplicem
622 1033 701 1069 vero
721 1032 918 1068 necessitatis
936 1033 1073 1080 gradum
1097 1031 1288 1067 Aristoteles
1305 1033 1339 1065 in
1362 1030 1522 1078 praerniffis
1541 1032 1689 1080 postulat.
1721 1036 1792 1069 Pri-

392 1094 464 1117 mus
481 1084 570 1126 est‚ut
581 1081 757 1132 propositio
772 1081 807 1117 sit
823 1083 864 1116 de
884 1082 976 1116 omni
991 1096 1002 1124 3
1018 1079 1082 1115 hoc
1101 1081 1166 1125 est,
1191 1091 1230 1114 nt
1241 1079 1435 1114 attributum
1449 1082 1538 1115 omni
1553 1080 1699 1128 subjetsto
1713 1094 1793 1119 con·
1843 1118 1847 1123 ,

391 1143 515 1166 veniat.

430 1180 593 1215 Secundus
603 1179 794 1216 neceffitau's
803 1178 919 1229 gradus
938 1180 970 1213 in
983 1177 1047 1213 hoc
1062 1175 1201 1213 consistit
1214 1206 1224 1220 ,
1243 1188 1279 1212 ut
1297 1176 1490 1212 attributum
1511 1191 1568 1226 per
1582 1178 1612 1213 se
1631 1179 1672 1214 de
1684 1176 1791 1228 subje-

392 1231 446 1264 ἃο
461 1230 673 1277 praedicetur:
696 1229 784 1278 quod
797 1231 909 1276 utique
921 1238 1060 1276 quatuor
1069 1227 1176 1262 modis
1190 1226 1329 1276 intelligi
1341 1227 1453 1274 potest.
1477 1230 1586 1263 Primo
1597 1239 1633 1263 ut
1642 1227 1678 1263 fit
1692 1229 1733 1264 de
1744 1228 1794 1264 es-
1843 1258 1845 1264 ⁴

390 1277 491 1313 sentia
507 1277 650 1328 subjecti.
666 1280 765 1327 quue
785 1277 839 1321 fit,
853 1290 929 1312 cum
944 1275 1113 1319 definitio,
1138 1286 1194 1310 aut
1207 1287 1278 1324 pars
1293 1276 1492 1312 definitionis
1517 1278 1557 1312 de
1576 1290 1611 1312 re
1624 1276 1690 1326 ipsa
1707 1278 1792 1312 dici..

391 1338 441 1362 tur
458 1341 465 1362 :
487 1340 523 1363 ut
540 1328 641 1364 homo
658 1330 701 1363 est
711 1327 830 1363 animal
842 1326 1020 1362 rationale‚·
1041 1325 1176 1360 circulus
1195 1325 1238 1359 est
1249 1326 1416 1361 rotundus.
1440 1328 1534 1362 2⁰Ut
1552 1325 1732 1373 subjeetum
1749 1325 1789 1362 sit
1843 1324 1847 1327 ’

388 1377 429 1411 de
450 1376 582 1413 effentia
607 1378 800 1425 praedicati¹t
831 1388 866 1412 ut
883 1376 985 1412 homo
1008 1375 1051 1409 est
1071 1373 1190 1410 rifivus.
1203 1375 1278 1418 3⁴¹Id
1292 1375 1407 1409 dicitur
1429 1386 1487 1422 per
1507 1373 1560 1418 se,
1580 1377 1669 1422 quod
1683 1388 1741 1423 per
1755 1374 1790 1412 se
1840 1375 1842 1377 ’

388 1426 542 1473 existit.40
554 1425 690 1463 Effectus
701 1426 796 1461 causa:
805 1428 950 1475 proprius
963 1436 1021 1473 per
1034 1423 1064 1458 se
1073 1424 1113 1459 de
1123 1423 1214 1458 causa
1230 1423 1353 1459 dicitur:
1374 1422 1413 1458 fic
1423 1423 1572 1459 Medicus
1591 1436 1649 1472 per
1661 1423 1692 1458 se
1700 1435 1793 1461 curat

387 1487 542 1523 :egrotum
555 1493 563 1518 3
581 1488 638 1522 per
646 1477 792 1510 accidens
807 1474 886 1510 vero
899 1476 1013 1523 pingit.
1034 1471 1218 1508 Neceffitas
1232 1474 1344 1520 itaque
1355 1473 1396 1507 ad
1415 1473 1722 1508 demonstrationem
1736 1485 1788 1518 tt>-⁴

388 1522 500 1571 quifita
514 1524 561 1558 est
578 1526 672 1573 primi
692 1535 749 1559 aut
767 1524 896 1560 secundi
916 1524 1054 1571 generis.

422 1575 552 1611 Tertius
578 1572 771 1609 neceffitatis
801 1572 915 1621 gradus
934 1574 962 1606 is
982 1571 1026 1605 est
1043 1600 1052 1614 ‚
1081 1581 1118 1606 ut
1132 1569 1327 1606 attributum
1340 1570 1484 1619 subje&o
1493 1572 1686 1615 conveniat,
1701 1579 1788 1619 quas

388 1633 481 1657 tenus
497 1622 560 1657 tale
569 1624 612 1657 est
623 1652 632 1666 ,
653 1635 751 1670 atque
766 1652 775 1667 ,
787 1634 823 1657 ut
835 1621 979 1670 loquitur
991 1620 1202 1669 Philosophus
1218 1650 1228 1665 ‚
1245 1632 1405 1668 quatenus
1422 1620 1522 1670 ipsum
1539 1621 1602 1656 est:
1617 1633 1735 1669 nempe
1747 1632 1786 1656 ut

386 1671 466 1706 illud
482 1671 675 1707 attributum
690 1671 832 1722 subje&o
845 1673 985 1720 primurn
999 1672 1196 1713 conveniat,
1223 1682 1260 1704 ac
1277 1681 1411 1718 propter
1427 1669 1531 1718 ipsum
1547 1669 1672 1717 reliqua
1688 1671 1785 1704 attri-

387 1719 464 1755 buta
477 1722 582 1756 eidem
600 1720 742 1767 subJe&o
755 1718 858 1756 insint.
877 1722 929 1755 Sic
946 1719 1104 1755 rationale
1118 1719 1430 1763 hominiconvenst,
1447 1730 1606 1766 quatenus
1617 1718 1660 1752 est
1671 1718 1786 1763 horno,
1831 1725 1857 1751 J:

387 1776 421 1807 &
436 1782 473 1804 ex
490 1783 530 1805 eo
543 1771 645 1806 fluunt
659 1771 799 1806 hominis
812 1771 1038 1818 proprietates,
1052 1770 1107 1803 Sic
1120 1767 1283 1814 aequalitas
1298 1767 1459 1804 radiorum
1477 1767 1598 1802 circulo
1611 1770 1786 1811 convenit,
1843 1763 1849 1809 f

385 1831 545 1866 qnatenus
558 1821 600 1854 est
613 1820 750 1854 circulus
762 1847 772 1862 ,
791 1831 828 1853 ut
840 1821 979 1867 primum
995 1817 1078 1851 illius
1089 1816 1292 1852 attributum.
1318 1816 1402 1863 Qae
1419 1817 1553 1863 quidem
1567 1815 1732 1852 neceffitas
1743 1816 1786 1852 ad
1837 1813 1851 1867 ἱ·

385 1881 519 1904 ornnem
532 1870 840 1904 demonstrationem
853 1880 918 1903 uon
932 1868 1106 1915 requiritur
1121 1895 1132 1909 ‚
1153 1866 1206 1901 sed
1224 1866 1265 1899 ad
1281 1877 1354 1899 eam
1369 1878 1441 1912 quae
1460 1865 1503 1900 est
1521 1867 1668 1898 omniurn
1681 1866 1786 1899 maxi-
1855 1875 1857 1883 ¹

385 1930 438 1952 me
458 1917 622 1965 exquisita.

422 1967 571 2001 Secunda
588 1965 866 2000 demonstrationis
879 1964 1026 1997 conditio
1042 1965 1075 1996 in
1089 1973 1130 1995 eo
1147 1959 1200 1995 fita
1215 1962 1258 1996 est
1272 1990 1280 2003 ,
1298 1973 1333 1996 ut
1350 1973 1388 1996 ex
1408 1961 1520 2009 primis
1534 1966 1567 1998 &
1582 1960 1782 1997 immediatis
1832 1971 1838 1982 <

383 2014 542 2051 conclusio
553 2027 690 2050 eruatur.
713 2016 803 2051 Nam
822 2008 946 2048 neceffe
965 2012 1009 2045 est
1021 2022 1056 2045 ut
1065 2012 1221 2058 principia
1234 2010 1353 2058 quibus
1374 2012 1521 2045 innititur
1534 2011 1782 2057 demonstratio,
1832 2023 1834 2056 ᾗ
1856 2046 1857 2049 ,

383 2077 438 2100 aut
452 2063 511 2100 sint
523 2065 606 2099 clara
618 2077 675 2113 per
685 2062 714 2098 se
728 2068 762 2100 δε
771 2073 882 2111 aperta
891 2090 900 2104 ‚
923 2072 979 2095 aut
987 2072 1074 2095 certe
1085 2061 1118 2094 in
1131 2062 1286 2108 principia
1297 2072 1353 2108 per
1365 2058 1396 2094 se
1405 2059 1508 2094 lucida
1518 2088 1527 2100 ‚
1545 2062 1644 2095 autin
1661 2062 1783 2095 verita..

383 2125 430 2148 tes
445 2113 634 2161 primas‚seu
648 2110 948 2154 intellectuales,seu
961 2108 1121 2146 sensibiles
1137 2107 1400 2146 resolvantur.Sic
1418 2108 1645 2143 Mathematici
1659 2121 1697 2143 ex
1708 2113 1778 2156 jam

383 2162 528 2210 probatis
544 2161 816 2212 propositionibus
830 2160 906 2196 alias
925 2158 1168 2208 colligunt,quae
1183 2158 1290 2195 lucem
1305 2157 1535 2207 posterioribus
1552 2156 1780 2193 afferunt.Nec

384 2212 464 2248 vero
481 2214 521 2248 ad
541 2213 847 2248 demonstrationem
872 2212 1008 2245 omnino
1025 2210 1215 2256 requiritur,
1238 2221 1274 2244 ut
1291 2205 1463 2257 propositio
1480 2206 1516 2241 slt
1537 2204 1628 2241 causa
1647 2205 1779 2241 alterius

385 2266 531 2307 proxima
542 2292 551 2305 ,
568 2275 620 2297 aut
631 2266 673 2296 ita
687 2261 722 2296 fit
731 2261 833 2304 clara,
856 2271 890 2294 ut
902 2258 1096 2308 probatione
1108 2271 1175 2293 non
1188 2270 1301 2307 egeat,
1321 2255 1493 2304 cujusmodi
1509 2254 1578 2290 sunt
1598 2257 1759 2290 axiomata
1770 2269 1781 2291 ε

386 2309 437 2342 sed
451 2310 522 2345 sitis
536 2312 577 2345 est
588 2324 622 2346 ut
633 2311 667 2346 sit
683 2311 879 2353 virtualiter,
897 2321 934 2344 ut
946 2311 1034 2344 aiunt
1044 2338 1054 2353 ,
1072 2307 1156 2343 clara
1174 2312 1207 2345 &
1217 2308 1346 2343 evidens
1360 2321 1368 2342 :
1383 2307 1465 2341 adeo
1475 2316 1509 2339 ut
1526 2306 1557 2339 in
1573 2306 1676 2352 prima
1685 2306 1777 2353 prin-

386 2360 465 2403 (faia
485 2360 597 2394 resolvi
614 2360 719 2408 poffit-
1774 2403 1777 2406 Α

421 2409 645 2454 Qiamobrem
655 2409 831 2461 propofitio
843 2410 884 2446 est
894 2420 970 2446 nota
979 2420 1036 2459 per
1045 2406 1076 2443 se
1085 2436 1095 2453 ,
1109 2419 1182 2443 curn
1194 2407 1324 2441 termini
1334 2403 1448 2452 quibus
1459 2403 1595 2447 constat,
1610 2400 1694 2437 clare
1705 2411 1776 2450 pm*-v
