1857 2745
121 138 125 141 *
624 109 664 145 Μ
681 109 717 146 Ο
741 107 775 144 R
798 109 827 146 A
846 110 874 146 L
896 110 910 145 1
930 110 962 148 S.
1439 129 1454 152 2

89 165 137 212 git
150 169 323 210 perpaucos
337 156 514 194 admodum
527 156 629 203 inhac
647 157 778 195 mortali
794 160 863 195 vita
875 157 1069 196 felicitatem
1087 158 1275 209 degustare;
1291 161 1330 196 ad
1345 173 1419 199 eam
1434 130 1484 199 taff

89 222 165 248 men
178 220 344 257 utcunque
355 208 537 256 perveniri,
550 219 618 243 non
631 207 755 243 artibus
770 207 823 244 seu
834 207 1031 246 mechanicis
1053 215 1088 246 δε
1103 212 1178 246 vitae
1201 209 1378 248 necessariis
1391 241 1400 256 ‚
1429 212 1481 249 seu

59 295 64 301 ,
86 258 233 303 ludicris,
245 258 297 294 seu
306 258 445 304 denique
462 257 500 291 iis
511 285 522 300 ,
541 268 622 304 quas
638 257 850 294 auxiliatrices
860 269 958 294 vocat
970 274 980 302 ·,
993 263 1079 308 cujus
1097 261 1227 308 generis
1243 257 1314 296 sunt
1324 260 1484 307 militaris,

86 313 121 346 &
133 321 181 345 ars
195 307 369 344 medendi:
387 305 440 341 sed
452 308 489 340 iis
502 306 676 342 virtutibus
690 337 700 352 ‚
722 306 838 356 quibus
854 319 1008 357 purgatur
1021 310 1146 343 animus
1161 314 1195 346 δέ
1208 321 1358 354 ornatur,
1382 310 1484 358 fitque

88 361 162 395 Deo
184 360 304 393 amicus
325 372 334 392 ;
364 362 399 394 δε
418 356 570 392 ἀοᾶὶῑίῃίε
585 355 806 405 speculativis,
827 359 861 392 in
876 357 996 406 quibus
1016 357 1266 394 Arithmeticam
1283 359 1484 407 potiffimum

82 419 246 450 numerat,
258 405 345 454 quod
359 417 502 441 mentem
515 406 556 440 ad
566 407 882 457 contemplationem
895 418 1082 458 promptam
1092 406 1224 443 efficiat.
1242 408 1382 444 Caeteras
1392 411 1484 446 dein..

84 457 126 492 de
142 455 285 492 scientias
301 455 497 505 persequitur
510 484 520 500 ,
535 467 572 490 ac
583 457 715 492 tandem
728 457 912 500 concludit,
931 470 1006 493 eum
1027 460 1082 505 qui
1100 458 1215 493 cuneta
1236 457 1301 492 haec
1314 462 1461 508 percepit
1472 488 1482 504 ‚

83 503 345 555 sapientiffimum
360 517 420 541 nos
430 505 603 554 appellare.
621 506 722 554 Qem
734 536 743 547 ,
762 508 870 554 inquit
881 536 893 552 ,
913 505 1050 552 affirmo,
1072 518 1140 541 cum
1154 507 1238 540 diem
1241 507 1336 553 ficum
1347 507 1462 543 obierit
1472 538 1480 547 ,

84 568 145 592 non
170 556 311 604 amplius
331 555 505 590 multorum
517 557 665 603 sensuum
687 585 697 601 ‚
723 568 759 592 ut
769 568 851 591 nunc
864 583 875 595 ,
896 555 958 604 fid
986 557 1079 591 unius
1102 557 1220 604 optima
1229 558 1327 602 stertis
1346 559 1483 605 partici-

80 615 153 654 pem
165 605 255 649 fore.

122 669 144 691 ι
161 655 249 689 Rem
265 651 364 701 ipsam
377 652 563 703 diligentius
576 657 609 690 in
619 655 783 690 Phaedone
797 657 967 705 exequitur
976 683 986 698 ,
996 653 1051 690 ubi
1065 656 1214 691 Socrates
1225 656 1258 689 in
1267 667 1394 691 carcere
1406 669 1487 692 con⁴

85 703 211 738 stitutus
231 702 272 737 de
295 703 546 739 immortalitate
566 707 680 740 animae
707 704 870 753 disputans
886 735 897 750 ,
917 716 1016 752 negat
1033 706 1178 739 animum
1194 707 1336 752 corporis
1351 706 1487 741 vinculis

81 753 286 788 constrictum
296 780 306 795 ‚
319 763 374 786 aut
387 750 565 799 sapientem
578 782 587 797 ,
604 765 659 788 aut
676 753 809 789 felicem
821 753 883 789 effe
894 751 981 804 posse
998 768 1007 790 z
1023 752 1194 788 Arbitrari
1212 781 1220 792 ,
1246 755 1354 801 inquit
1367 785 1377 800 ,
1391 767 1483 805 opor.

83 811 130 836 tet
145 830 156 846 ‚
163 801 195 846 fi
206 803 279 848 quis
294 813 370 835 vere
386 801 659 851 Philosbphusstt,
682 814 719 837 ut
735 817 797 839 non
823 802 906 839 alibi
926 815 1041 853 puram
1049 804 1245 852 sapientiam
1263 805 1343 852 poffl
1365 807 1482 854 affequi

77 851 177 897 speret
190 877 198 889 ‚
217 848 316 897 quim
331 851 364 884 in
368 849 489 894 futura
503 851 566 898 post
587 863 719 886 mortem
729 854 816 889 vita.

121 899 230 936 Plures
248 900 282 933 in
295 898 379 933 hanc
387 910 456 933 rem
470 899 565 935 affert
575 903 717 935 rationes
730 915 738 936 ε
754 915 778 937 1.
789 900 892 948 Qod
904 914 977 936 cum
994 912 1145 949 optamus
1156 899 1277 948 aliquid
1290 902 1485 950 intelligere,

81 948 233 982 recedere
251 946 433 995 oporteata
452 959 607 997 corpore,
626 961 725 997 atque
736 952 847 985 animo
860 949 929 985 solo
954 961 1003 984 res
1024 948 1103 998 ipsas
1121 950 1347 999 contemplari.
1383 951 1484 1003 Qd

81 997 321 1045 impedimento
339 994 375 1031 fit
390 1008 505 1044 corpus
516 1026 526 1040 ,
542 996 563 1031 fi
578 1000 651 1044 quis
670 1010 711 1032 eo
721 1009 830 1034 utatur
844 1000 885 1033 ad
900 1000 1048 1033 veritatis
1057 999 1372 1047 contemplationem
1389 1001 1484 1044 3nos-

81 1057 146 1093 que
160 1073 170 1089 ,
184 1057 219 1080 ut
233 1047 341 1080 l‘oe'tae
353 1043 408 1092 ipsi
417 1057 556 1088 canunt,
579 1045 660 1080 nihil
671 1047 780 1081 audire
794 1075 804 1090 ‚
824 1047 907 1087 nihil
918 1047 1032 1080 videre
1043 1046 1207 1083 sincerum.
1232 1047 1334 1096 Qod
1351 1049 1484 1094 morbi,

80 1094 275 1143 cupiditates
286 1122 296 1137 ,
311 1092 463 1128 libidines
475 1122 484 1136 ‚
502 1105 609 1129 metus
621 1123 631 1137 ‚
644 1093 839 1144 multiplices
853 1107 960 1130 rerum
974 1096 1130 1142 imagines
1143 1107 1202 1129 nos
1214 1095 1235 1131 a
1248 1099 1394 1134 veritatis
1406 1111 1486 1133 con-

83 1143 298 1193 templatione
308 1153 438 1178 arceant
455 1171 465 1186 ‚
484 1148 517 1180 &
529 1144 675 1178 animum
694 1143 900 1180 conturbent.
918 1159 942 1181 2.
957 1145 1117 1179 Divinum
1128 1146 1274 1180 veritatis
1285 1145 1397 1182 lumen
1412 1147 1484 1183 lon-

80 1205 122 1243 ge
137 1192 199 1229 effe
214 1191 256 1228 ab
270 1194 361 1227 omni
373 1204 545 1241 corporum
562 1192 717 1228 societate
730 1193 897 1229 secretum.
916 1194 1018 1231 Unde
1029 1206 1096 1242 quo
1107 1192 1237 1243 longius
1247 1197 1371 1231 animus
1381 1196 1401 1233 Ξι
1414 1210 1486 1232 cor.

82 1255 163 1291 pore
176 1272 186 1287 ,
202 1254 272 1278 tum
285 1244 442 1277 virtutum
456 1241 545 1277 cultu
557 1271 566 1286 ,
586 1254 656 1278 tum
672 1243 961 1293 contemplationis
974 1244 1208 1279 exercitatione
1222 1246 1486 1290 removetur,hoc

79 1291 194 1329 clarius
207 1298 242 1331 &
254 1290 405 1340 seipsum,
434 1296 469 1328 ὃς
487 1303 536 1326 res
551 1294 758 1342 incorporeas
771 1305 954 1330 contuetur.
972 1308 994 1340 3.
1014 1293 1138 1327 Rerum
1152 1290 1346 1330 sensibilium
1363 1298 1482 1345 imagi-

74 1353 136 1377 vnes
152 1343 272 1378 mentis
290 1342 394 1377 aciem
412 1339 616 1385 obtundere,
639 1348 673 1380 ὅ(
693 1354 848 1391 tanquam
862 1341 964 1379 nubes
979 1342 1064 1378 illius
1078 1341 1281 1391 splendorem
1300 1343 1481 1383 obscurare.

80 1392 158 1426 Huc
173 1392 255 1427 adde
273 1388 361 1438 quod
377 1392 503 1426 animus
521 1392 553 1426 in
568 1392 710 1441 regendo
721 1404 858 1441 corpore
868 1391 906 1428 sit
923 1404 1098 1441 occupatus
1115 1420 1125 1434 ,
1148 1397 1182 1429 δε
1198 1394 1233 1427 in
1257 1395 1360 1431 varias
1379 1397 1482 1431 aelio-

80 1451 138 1475 nes
152 1441 315 1476 distractus
328 1453 335 1475 :
349 1439 401 1474 sed
413 1439 532 1474 solutus
544 1439 565 1474 ὲ.
575 1444 719 1489 corporis
730 1441 865 1476 vinculis
884 1442 924 1476 ad
937 1453 986 1476 res
1008 1444 1215 1488 incorporeas
1234 1452 1319 1476 totus
1343 1455 1481 1479 conver·
1515 1459 1519 1464 ¹

82 1490 172 1525 titur.
192 1483 308 1536 Qare
319 1487 454 1522 felicitas
468 1490 500 1522 in
516 1488 577 1523 hac
591 1492 660 1523 vita
674 1491 797 1524 nemini
816 1491 920 1537 potest
932 1490 1079 1537 perfecta
1095 1490 1299 1538 contingere.

135 1536 368 1587 Hincs'pulchre
387 1539 536 1572 Socrates
554 1538 639 1586 apud
662 1536 835 1574 Platonem
860 1555 870 1584 ·‚
894 1550 1000 1587 grave
1020 1565 1028 1577 ‚
1063 1537 1188 1584 inquit,
1213 1539 1393 1586 periculum
1409 1540 1484 1585 fore
1501 1560 1525 1584 ἡ,
1542 1561 1608 1586 μὴ,

77 1585 259 1636 putandum
278 1585 338 1631 est,
356 1585 466 1633 fiquis
485 1586 662 1634 neglexerit
680 1587 831 1624 animam.
850 1588 887 1620 Si
901 1589 984 1621 enim
1000 1600 1084 1621 mors
1103 1587 1197 1620 totius
1213 1588 1370 1634 diffilutio
1388 1592 1478 1638 effet,
1501 1594 1571 1618 done.

83 1638 217 1670 nimium
232 1633 370 1685 improbi
387 1636 609 1670 lucraremum
625 1648 693 1670 cum
713 1634 751 1670 ὅ]
765 1634 784 1670 ὰ
796 1647 920 1685 corpore
935 1664 945 1680 ‚
963 1633 1002 1670 (ῥ’
1016 1635 1104 1682 hfim
1116 1637 1287 1684 pravitate
1304 1635 1482 1674 liberaren-

82 1694 138 1718 tur
155 1698 163 1720 :
182 1698 266 1720 nunc
281 1693 388 1718 autem
401 1683 467 1718 citm
479 1687 588 1718 anima
603 1685 793 1718 immortalis
810 1695 988 1734 appareat,
1003 1683 1240 1732 nullafiaperest
1256 1686 1411 1720 malorum
1429 1689 1484 1723 de-

81 1734 214 1767 clinatio
228 1763 237 1777 ,
254 1734 447 1778 nullasalus
459 1761 469 1776 ,
485 1733 543 1778 nifi
553 1744 590 1767 ut
600 1736 720 1782 optima
733 1731 1025 1782 &prudentiffima
1034 1732 1105 1773 fiat,
1122 1735 1159 1767 In
1176 1732 1309 1782 dialogo
1326 1735 1407 1771 verb
1423 1741 1482 1785 qui

82 1784 219 1832 Gorgias
232 1781 434 1825 inscribitur,
457 1780 600 1831 pluribus
621 1781 730 1817 verbis
745 1795 855 1832 poenas
875 1781 1103 1830 improborum
1121 1781 1270 1816 describit
1286 1811 1295 1825 ,
1318 1788 1351 1820 &
1373 1783 1480 1821 bono..

79 1844 153 1868 rum
165 1832 371 1868 felicitatem.
393 1832 520 1865 Multis
535 1859 544 1870 ‚
571 1833 681 1880 inquit
692 1861 701 1874 ,
714 1835 852 1881 peccatis
863 1831 1013 1878 refertam
1022 1835 1163 1866 animam
1177 1829 1223 1864 ad
1230 1831 1343 1877 inferos
1358 1833 1480 1886 descen.

79 1882 155 1916 dere
167 1910 177 1925 ,
189 1894 365 1916 extremum
386 1883 523 1915 omnium
537 1881 694 1914 malorum
713 1881 766 1925 est.

78 1961 93 1975 ,
117 1933 163 1967 Ex
180 1930 229 1965 his
239 1932 349 1977 itaque
359 1929 529 1964 conficitur
542 1932 652 1965 Deum
667 1928 769 1965 solum
781 1927 844 1964 eise
857 1929 1015 1966 summum
1031 1930 1174 1965 hominis
1186 1927 1476 1974 bonum‚seu,utlo-

81 1991 238 2027 quuntur,
252 1979 494 2014 beatitudinem
516 1984 584 2028 ejus
599 1978 802 2028 objectivam
824 1993 833 2016 z
866 1992 940 2015 cum
957 1993 1025 2021 non
1038 1979 1124 2019 aliud
1140 1977 1178 2019 fit
1192 1981 1331 2018 maxime
1350 1984 1476 2030 expeti-

82 2026 169 2072 bile,
184 2029 240 2065 nisi
255 2030 288 2064 id
297 2028 385 2075 quod
397 2028 444 2063 est
454 2040 511 2077 per
520 2027 686 2064 effentiam
701 2035 734 2067 δέ
747 2028 1046 2066 universalissimum
1059 2028 1181 2066 bonum
1195 2057 1205 2072 ,
1229 2028 1387 2077 quodque
1406 2045 1475 2068 om-

80 2079 135 2113 nia
152 2077 243 2114 bona
251 2077 479 2126 compleffltur
490 2092 498 2113 ι
511 2078 574 2112 Sed
585 2078 617 2111 id
628 2081 720 2114 unius
730 2081 797 2114 Dei
806 2080 974 2128 proprium
985 2080 1032 2114 est
1047 2091 1081 2114 ut
1091 2076 1127 2113 sit
1137 2077 1294 2113 summum
1305 2084 1337 2115 ὅ(
1348 2082 1475 2116 univer-

79 2125 258 2163 salissimum
270 2157 280 2171 ,
301 2132 335 2164 δι
353 2126 481 2162 infinite
495 2126 622 2162 bonum
635 2156 645 2169 ‚
671 2133 705 2165 &
727 2140 784 2177 per
799 2128 965 2165 essentiam
981 2158 991 2172 ,
1012 2142 1079 2164 non
1091 2139 1149 2176 per
1165 2130 1467 2177 participationem:

82 2185 160 2224 ergo
173 2179 285 2214 nonin
297 2176 363 2212 alio
378 2175 514 2215 consistit
531 2176 699 2212 beatitudo
710 2206 720 2222 ,
742 2177 840 2226 quam
858 2181 892 2215 in
912 2181 988 2215 Deo
1002 2177 1080 2222 ipso.

560 2275 743 2311 Solvuntur
767 2276 959 2323 objeffiones.

128 2372 214 2423 Opp,
225 2386 246 2411 ι.
261 2372 494 2421 Aristoteleml.
507 2388 528 2421 ι.
544 2377 647 2416 Ethic.
667 2374 777 2423 multis
794 2377 1007 2428 argumentis*
1025 2374 1216 2415 sententiam
1230 2374 1373 2415 Platonis
1391 2390 1471 2415 exa-
