1857 2745
384 154 437 178 120
800 137 831 171 T
848 136 882 170 R
901 134 931 169 A
949 134 979 170 C
998 135 1029 170 T
1050 134 1078 170 A
1097 135 1128 170 T
1144 135 1179 172 U
1200 136 1222 169 S

411 189 498 234 Resp.
514 198 585 235 neg.
601 194 668 219 ant.
689 184 949 232 independentia
959 186 1049 219 enim
1061 184 1103 218 est
1116 183 1238 231 aliquid
1251 181 1435 219 formaliter
1456 182 1542 231 quod
1558 194 1613 218 ens
1626 182 1783 218 determi.

387 249 462 273 nat:
485 247 592 282 neque
603 234 649 268 est
661 233 794 281 aliquod
806 245 881 276 ens,
906 231 959 266 sed
976 231 1089 267 modus
1108 234 1202 269 entis.

422 286 509 330 Opp.
523 298 550 328 {a
563 281 766 318 Diffitentiae
785 285 868 318 entis
879 280 937 319 vel
951 280 1021 317 sunt
1035 283 1140 326 entia,
1162 281 1218 317 vel
1232 281 1335 318 nihil:
1354 281 1482 320 nullum
1505 281 1592 316 enim
1608 280 1781 317 interced-it

392 333 537 368 medium
553 334 636 367 inter
648 344 704 367 ens
720 337 753 368 ὃ(
763 330 862 368 nihil.

432 382 515 427 Resp.
530 380 598 426 dist.
610 386 724 420 major.
743 379 942 416 Differentiae
955 384 1036 417 entis
1057 380 1112 416 vel
1138 380 1209 417 sunt
1230 384 1315 417 entia
1339 379 1466 414 realiter
1482 409 1492 423 ‚
1526 378 1580 414 vel
1603 378 1703 422 nihil,
1743 379 1783 416 C.

392 430 447 465 vel
462 429 629 464 sumentia
641 429 844 473 formaliter,
863 431 915 464 vel
937 430 1039 473 nihil,
1064 432 1111 467 N.
1135 431 1273 468 Nullum
1297 429 1430 476 quidem
1457 429 1502 463 est
1525 429 1673 464 medium
1697 430 1783 463 inter

393 491 450 513 ens
461 479 548 513 reale
567 508 576 522 ‚
595 484 628 515 ὃ(
649 479 730 513 nihil
744 493 751 514 :
765 481 840 525 quia
862 491 915 513 ens
929 479 1058 514 realiter
1068 479 1299 529 complectitur
1319 490 1374 512 ens
1395 483 1427 514 &
1455 478 1587 512 modum
1600 479 1696 512 entis.
1718 475 1783 511 Sed

395 528 443 562 est
460 527 592 574 aliquod
605 528 749 562 medium
766 529 849 561 inter
867 541 921 562 ens
937 528 1129 572 formaliter,
1145 535 1177 566 &
1188 528 1278 564 nihil.
1290 530 1351 562 Ens
1365 529 1486 574 quippe
1506 525 1687 562 formaliter
1699 524 1783 560 sum-

395 588 490 625 ptum
506 576 642 611 includit
656 589 722 618 ens,
736 589 801 610 non
815 577 951 611 modum
968 578 1063 613 entis,
1086 580 1199 625 Qare
1216 577 1305 625 quod
1320 575 1401 609 nihil
1415 577 1542 611 dicitur,
1561 575 1593 608 id
1608 586 1716 621 neque
1725 585 1783 608 ens

396 623 458 661 else
472 624 573 659 deber
585 653 593 667 ,
610 637 715 672 neque
736 625 851 660 modus
868 629 949 660 entis
963 640 970 661 :
989 627 1206 674 dependentia
1216 636 1362 668 vero,aut
1378 623 1644 672 independentia,
1657 635 1723 657 non
1736 621 1784 656 est

399 685 456 711 ens
468 673 649 709 formaliter
661 703 671 717 ‚
689 672 743 708 sed
757 674 871 708 modus
887 677 982 711 emis.

431 723 557 758 Contra
570 751 579 766 ,
598 724 758 769 inquiunt,
774 722 1026 771 independenria
1038 727 1165 773 concipi
1175 737 1243 759 non
1254 724 1363 773 potest
1381 722 1444 757 sine
1464 722 1655 764 existentia,
1665 732 1738 754 curn
1749 717 1786 754 fit

397 772 430 807 id
441 785 508 820 quo
525 774 611 807 Deus
625 772 728 806 existi-t
746 771 1091 818 independenterxrgo
1109 786 1168 808 nec
1187 771 1249 807 sine
1259 784 1335 807 ente
1353 773 1546 820 concipitur.

430 822 520 867 Resp.
541 820 610 865 dist.
628 832 730 856 antec.
749 820 889 869 Concipi
903 834 968 856 non
986 813 1094 870 potc3st
1109 820 1171 856 fine
1189 821 1356 855 existentia
1367 833 1467 868 quarn
1478 828 1634 855 connotat
1646 847 1654 861 ‚
1668 817 1711 852 C.
1723 814 1787 851 fine

401 870 573 904 existentia
602 868 734 904 formali
759 881 857 915 quam
880 871 912 904 in
941 869 993 904 sua
1011 869 1202 905 definitione
1222 869 1382 912 includit,
1412 871 1460 906 N.
1485 871 1565 905 Non
1587 868 1675 902 enim
1693 865 1740 900 est
1753 864 1788 899 id

398 931 467 965 quo
489 921 579 952 Deus
608 919 682 952 aestu
701 917 809 951 existi:
833 946 843 960 ‚
864 916 917 952 sed
950 931 1016 965 quo
1048 920 1152 953 existit
1176 918 1441 965 independenter.
1492 920 1543 951 Sic·
1559 914 1787 963 independen-

401 969 447 1000 tia
481 965 616 1001 includit
644 968 860 1014 proprietates
895 969 979 1001 entis
993 996 1003 1010 ‚
1039 979 1076 1002 ut
1106 970 1266 1002 unitatem
1280 995 1290 1009 ‚
1320 968 1494 1001 veritatem
1516 971 1550 1002 &-
1579 963 1764 998 bonitatem
1776 990 1788 1006 ‚

400 1015 454 1049 sed
470 1027 506 1050 ur
519 1016 634 1049 modus
651 1017 732 1049 entis
744 1044 754 1058 ‚
771 1021 804 1051 &
819 1014 1009 1063 imperfeehz
1022 1044 1032 1058 ,
1048 1029 1114 1051 non
1131 1027 1284 1061 tanquam
1299 1027 1356 1050 ens
1371 1017 1501 1063 proprie
1514 1015 1635 1049 dietum
1648 1042 1656 1056 ‚
1670 1010 1736 1054 nifi,
1753 1022 1789 1046 ut

401 1066 510 1106 aiunt,
529 1063 669 1097 identice
683 1068 716 1098 &
734 1062 1316 1111 realiter,quatenusindependentia
1332 1065 1365 1098 in
1384 1066 1460 1098 Deo
1482 1063 1525 1097 est
1537 1066 1625 1098 Deus
1637 1059 1701 1109 ipse
1713 1074 1721 1096 t
1734 1059 1787 1094 sed

405 1113 585 1159 concipitur
597 1122 633 1145 ut
644 1110 759 1144 modus
774 1113 864 1145 entis.

446 1161 536 1207 Opp,.
549 1166 600 1204 40.
618 1157 755 1195 Effeems
774 1161 828 1205 qui
844 1172 910 1194 non
925 1160 1260 1208 adaequantvi'rtutem
1273 1158 1329 1194 suae
1346 1159 1462 1205 causae,
1479 1174 1547 1195 non
1564 1159 1632 1195 sunt
1644 1159 1789 1196 univoci,

403 1221 466 1244 nec
482 1207 721 1244 {imilitudinem
735 1206 791 1242 suae
802 1207 1080 1244 causaesecundum
1092 1210 1229 1244 eandem
1244 1211 1403 1244 rationein
1414 1211 1609 1258 participant
1622 1237 1630 1252 ‚
1645 1219 1683 1242 ut
1698 1217 1790 1256 patet

405 1260 484 1292 iniis
501 1258 599 1305 quaea
613 1256 677 1291 sole
690 1269 906 1304 procreantur.
933 1259 994 1292 Sed
1019 1270 1171 1293 creatura:
1186 1257 1256 1292 sunt
1271 1256 1403 1294 effictus
1424 1260 1479 1306 qui
1493 1272 1557 1294 non
1569 1267 1696 1304 :equant
1708 1285 1718 1299 ‚
1732 1254 1791 1291 vel

404 1307 594 1341 exhauriunt
610 1307 793 1355 potentiam
807 1309 890 1343 Dei:
900 1319 977 1357 ergo
987 1320 1053 1343 non
1063 1309 1222 1352 univoce,
1241 1307 1294 1341 sed
1309 1307 1476 1356 analogice
1488 1318 1613 1342 tantum
1624 1318 1697 1340 cum
1711 1308 1787 1341 Deo

407 1368 615 1392 convenlunt.

455 1405 542 1451 Rsp.
553 1404 623 1450 dist.
634 1408 708 1440 min.
724 1405 862 1442 Effeetus
876 1405 923 1440 illi
936 1419 1005 1441 non
1017 1403 1221 1454 affe-quuntur
1238 1404 1479 1441 similitudinem
1493 1403 1551 1440 suae
1567 1402 1663 1438 causae
1677 1402 1790 1437 secun·-

406 1453 483 1487 dum
495 1454 630 1488 eandem
650 1457 814 1489 rationem
823 1453 984 1504 physicam
999 1461 1033 1491 δε
1046 1455 1168 1490 realem
1181 1484 1190 1498 ,
1209 1456 1247 1490 C.
1272 1455 1442 1489 secundum
1465 1454 1604 1489 eandem
1629 1452 1791 1486 rationem

408 1501 559 1548 logicam,
573 1514 642 1548 quse
657 1502 677 1537 ὲ
694 1504 804 1537 nostro
817 1505 1024 1547 concipiendi
1042 1504 1141 1538 modo
1156 1504 1276 1551 pendet
1288 1532 1297 1546 ,
1311 1505 1356 1539 N.
1374 1506 1486 1550 Itaque
1495 1504 1579 1537 ratio
1589 1502 1672 1536 entis
1693 1499 1792 1546 longe

406 1549 583 1597 perfeetior
593 1551 637 1584 est
649 1552 684 1585 in
701 1553 798 1593 Deo,
814 1554 871 1598 qui
881 1549 1089 1587 essentialiter
1099 1553 1202 1588 existit
1214 1564 1331 1599 ,quam
1343 1554 1377 1586 in
1393 1553 1548 1586 creaturis
1568 1579 1577 1592 ,
1595 1548 1713 1597 quibus
1729 1547 1792 1584 effe

407 1602 563 1633 convenit
572 1610 698 1634 tantum
708 1601 938 1637 accidentario.
955 1600 1018 1635 Sed
1033 1605 1125 1649 Juxta
1143 1601 1283 1635 nostrum
1294 1600 1499 1648 concipiendi
1508 1599 1643 1634 modum
1652 1627 1662 1640 ‚
1677 1609 1734 1632 ens
1746 1596 1794 1632 se-

407 1646 548 1681 cundum
558 1647 588 1681 se
606 1651 680 1684 Deo
694 1651 888 1685 &creaturis
901 1661 1075 1684 commune
1098 1649 1144 1683 est
1157 1677 1168 1693 ,
1183 1660 1283 1696 atque
1300 1661 1399 1684 omne
1417 1647 1588 1683 discrimen
1603 1647 1624 1681 ἐι
1639 1645 1794 1682 diffiten-

411 1697 462 1730 tiis
481 1695 709 1744 proficiscitur:
721 1709 755 1732 ut
768 1697 812 1733 sol
827 1703 861 1735 δε
871 1697 1052 1733 sublunaria
1062 1697 1173 1732 saltem
1183 1699 1219 1732 in
1237 1699 1363 1731 ratione
1374 1699 1518 1744 corporis
1532 1697 1745 1731 conveniunt.

444 1747 542 1780 Nunc
557 1748 707 1792 quaeritur
721 1758 828 1781 utrum
842 1759 898 1783 ens
915 1745 950 1781 fit
971 1759 1071 1796 genus
1086 1745 1232 1794 respee‘tu
1258 1744 1459 1782 inferiorum.

444 1794 477 1827 Id
503 1806 580 1828 vero
593 1788 728 1842 spe'e‘tari
746 1797 850 1844 potest
869 1825 879 1839 ,
899 1795 1001 1830 velut
1017 1794 1172 1830 abstrahit
1188 1794 1207 1830 ὲι
1227 1794 1393 1842 completo
1405 1823 1414 1837 ‚
1441 1800 1475 1830 &
1492 1794 1720 1842 incompletoe·
1737 1793 1792 1829 vel

409 1853 443 1876 ut
459 1842 506 1876 est
517 1843 736 1891 completum,
753 1844 817 1879 five
833 1847 866 1879 in
879 1846 1004 1879 ratione
1015 1855 1134 1879 naturae
1152 1860 1161 1887 3
1178 1843 1276 1889 idque
1294 1854 1413 1878 vocant
1426 1842 1631 1878 essentialiter
1646 1841 1794 1889 comple-

411 1901 480 1925 tum
501 1908 509 1933 ·‚
533 1890 596 1925 sive
613 1891 650 1926 sit
666 1892 781 1927 ultimo
792 1893 993 1940 completum
1018 1895 1050 1926 in
1069 1904 1189 1940 genere
1207 1890 1385 1926 substantiae
1404 1904 1460 1938 per
1471 1889 1702 1925 subsistentiam
1725 1918 1735 1933 ,
1756 1901 1793 1925 ut

410 1941 556 1976 Socrates
569 1968 579 1983 ,
592 1951 647 1975 aut
655 1953 713 1989 per
722 1940 884 1975 a&ualem
895 1939 1118 1974 inhaerentiam
1129 1969 1139 1982 ‚
1157 1950 1191 1974 ut
1206 1939 1277 1974 haec
1290 1938 1423 1975 albedo.
1453 1941 1515 1974 His
1537 1938 1703 1987 explicatis
1719 1967 1731 1983 ‚
1755 1936 1799 1975 sit

911 2011 1058 2047 Secunda
1075 2014 1103 2045 C
1106 2014 1194 2048 onclu
1193 2013 1253 2059 fio.

480 2091 529 2125 Ns
545 2101 614 2124 turn
627 2090 807 2138 generatim
820 2086 1001 2135 sumptum,
1030 2097 1097 2120 turn
1116 2098 1151 2122 ut
1168 2085 1325 2122 abste-hit
1337 2086 1378 2121 ab
1395 2097 1470 2122 ente
1485 2087 1653 2135 completo
1667 2117 1676 2132 ‚
1698 2090 1794 2125 &int

481 2138 649 2187 completo
662 2167 671 2180 ,
691 2149 760 2172 turn
778 2148 814 2171 ut
835 2136 881 2170 est
897 2135 1117 2183 completum,
1135 2135 1213 2170 vere
1226 2149 1326 2179 genus
1341 2137 1383 2170 est
1404 2135 1546 2183 respectu
1563 2136 1767 2173 inferiorum.

451 2187 581 2223 Probat.
597 2190 657 2222 Ens
667 2185 766 2222 habet
775 2197 886 2221 ornnes
900 2185 1103 2219 conditiones
1121 2185 1159 2217 ad
1177 2181 1287 2219 verum
1296 2197 1392 2233 genus
1411 2184 1664 2231 requisitasmam
1677 2186 1794 2229 praedi..

412 2247 503 2269 catur
519 2236 559 2270 de
570 2236 678 2270 multis
690 2233 794 2281 specie
809 2232 1031 2270 differentibus
1045 2234 1172 2269 invuid.
1186 2234 1354 2279 Ogtrenti
1373 2235 1460 2268 enim
1480 2234 1555 2280 quid
1572 2231 1608 2267 fit
1619 2233 1792 2269 substantia

413 2295 468 2316 aur
478 2285 622 2319 accidens
633 2314 642 2327 ‚
657 2284 885 2334 respondemus
901 2280 960 2318 esse
973 2284 1228 2317 emuraedicatur
1247 2284 1346 2318 etiarn
1363 2284 1499 2316 univoce
1513 2311 1522 2325 ,
1537 2294 1572 2317 ut
1585 2283 1792 2326 ostendimus,

416 2343 523 2377 neque
541 2334 712 2368 inc‘uditur
727 2331 949 2384 formaliterfiin
965 2331 1023 2368 suis
1035 2330 1316 2368 differentiisznarn
1327 2343 1398 2380 quae
1412 2343 1467 2367 ens
1479 2331 1627 2369 dividunt
1636 2330 1792 2367 differen-

416 2382 486 2423 tiae‚
508 2393 573 2417 non
586 2382 655 2418 sunt
666 2384 763 2420 entia.
797 2392 808 2398 ‘

1606 2429 1794 2474 Solvuntmg
