1857 2745
313 136 358 160 «0
651 118 719 153 DE
765 114 1315 153 UNIVERSALIBUS

316 156 455 224 ὲῃοιτιιῐῃ
473 165 650 204 Moralium
675 165 760 201 libro
778 165 820 200 de
839 164 920 200 ideis
935 162 1099 214 disputans
1110 164 1258 201 dubitare
1272 164 1419 200 videatur
1434 165 1606 201 :Platonis
1625 197 1635 211 ‚
1668 169 1719 202 in..

322 225 400 272 quit
416 249 426 265 ‚
445 215 700 268 fintentiafhrte
716 226 800 249 vera
815 213 868 260 est.

363 267 561 315 Instant.'.SS.
577 267 685 301 Pihur
696 267 835 301 irenaeus
851 293 860 307 ‚
877 265 1066 311 MaximuS,
1079 270 1114 304 &
1127 265 1185 301 alii
1196 265 1317 302 docent
1337 267 1355 301 ὲ
1375 264 1553 301 Platonicis
1576 267 1655 302 ideis
1667 279 1721 302 or-

324 332 375 357 tas
390 315 451 353 effe
461 313 590 352 haereses
604 320 637 352 &
648 315 763 350 deliria
776 315 1005 350 Gnosticorum
1020 326 1029 349 ε
1049 316 1151 351 Doleo
1162 343 1170 355 ,
1197 318 1304 364 inquit
1315 315 1523 352 Tertulianus
1536 343 1546 359 ‚
1565 315 1644 352 bona
1651 318 1722 364 fide

324 369 494 402 Platonem
507 367 645 399 omnium
664 365 875 400 haereticorum
893 365 1178 401 condimentarium
1192 365 1327 411 fufium.

373 417 459 466 Resp.
471 418 515 451 Ex
526 413 669 450 Platonis
680 415 828 450 doetrina
841 413 926 449 male
943 413 1108 450 intelleCka
1119 415 1271 462 quasdam
1285 414 1346 451 else
1363 429 1449 452 ortas
1464 414 1614 452 haereses:
1630 414 1720 463 quod

323 468 443 501 mirum
454 461 515 500 effe
532 477 599 499 non
609 463 711 499 debet
722 494 731 508 ‚
751 477 825 499 cum
843 476 883 500 cx
897 465 1068 512 Scripturis
1080 464 1164 500 male
1177 464 1352 502 intellectis
1362 479 1475 502 omnes
1490 479 1574 515 pene
1592 464 1723 500 haereses

326 514 526 550 emerserint.
543 515 589 549 Ac
604 513 691 550 forte
707 514 897 549 Aristoteles
910 518 945 550 &
958 516 1014 550 55.
1029 515 1140 550 Patres
1153 527 1221 552 non
1242 516 1330 551 ideas
1350 515 1533 552 Platonicas
1546 514 1723 564 reprehen-

325 566 404 599 dere
423 563 620 607 voluerunt,
646 563 699 599 sed
708 564 862 600 Authoris
881 562 973 613 ipsius
988 562 1239 610 obscuritatem,
1258 565 1456 615 quaevmultis
1473 564 1614 614 praebuit
1633 576 1724 599 erro-

325 617 368 649 tis
392 612 604 650 occasionem.

357 666 449 714 Opp.
462 675 513 700 ν.»
526 662 641 700 Nullas
656 661 717 698 effe
738 673 867 698 naturas
884 662 1080 699 universales
1094 676 1185 700 extra
1199 677 1249 700 res
1267 663 1437 716 singulares
1462 661 1579 713 positas
1604 675 1614 698 :
1639 664 1725 711 Ergo

325 713 404 749 licet
426 713 639 750 admittendae
657 712 717 748 frnt
739 712 819 746 ideae
845 714 878 748 in
895 716 991 756 Deo,
1013 725 1170 761 tanquam
1191 714 1415 751 causaererum
1442 711 1644 761 exemplares
1658 738 1669 756 ,
1688 721 1727 746 ut

327 762 408 798 fides
428 769 463 800 δε
480 766 565 798 ratio
582 761 790 811 persuadent,
815 775 882 797 non
903 763 1023 797 idcirco
1037 762 1232 798 universales
1251 765 1316 799 dici
1329 763 1464 814 poffimt.

363 814 401 849 R.
421 812 513 858 Dist.
528 814 606 859 cons]
619 814 700 848 Non
712 811 781 847 sunt
793 810 990 846 universales
1009 814 1043 847 in
1060 811 1190 848 effundo
1201 841 1210 855 ,
1222 825 1258 848 ut
1273 813 1447 861 loquuntur
1459 841 1469 856 ,
1488 811 1530 847 C.
1557 811 1590 846 in
1601 807 1728 845 causan-

326 861 370 896 d'o
383 891 393 906 ‚
411 864 458 898 N.
468 864 549 897 Non
559 864 646 895 enim
657 860 729 896 sunt
744 861 824 895 ideae
838 860 1032 896 universales
1045 890 1054 904 ,
1071 873 1109 896 ut
1132 861 1245 910 seipsas
1268 862 1362 898 rebus
1395 861 1639 897 communicent
1656 888 1667 903 ‚
1691 869 1728 893 ut

325 923 437 946 natura
451 909 676 958 humanaiipsis
697 911 957 944 communicatur
975 910 1149 945 individuis
1173 925 1181 946 :
1207 910 1259 945 sed
1288 914 1334 946 ita
1358 911 1428 947 sunt
1446 907 1659 952 universales,
1690 919 1727 943 ut

327 958 387 994 sint
399 959 642 1009 participabiles
657 989 666 1003 ‚
686 958 967 1007 quemadmodum
980 957 1117 1007 sigillum
1134 959 1175 995 sui
1200 962 1451 1009 participatione
1474 958 1589 1008 figuras
1611 969 1726 992 omnes

328 1022 363 1043 m
375 1021 448 1043 cera
466 1008 566 1043 efficit
584 1024 592 1044 :
611 1008 697 1042 aliud
711 1010 800 1041 enim
822 1008 865 1040 est
882 1011 1115 1042 communicari
1136 1009 1246 1043 multis
1259 1038 1268 1052 ‚
1299 1011 1387 1044 aliud
1404 1009 1613 1057 participari,
1634 1006 1727 1054 quod

328 1057 411 1091 ideis
426 1057 546 1092 divinis
557 1059 671 1104 utique
683 1057 852 1091 convenit.
872 1058 987 1102 Itaque
1002 1056 1083 1090 ideae
1103 1057 1247 1092 Platonis
1269 1057 1341 1094 sunt
1366 1057 1454 1093 fimul
1479 1054 1672 1092 universales
1690 1060 1726 1092 &

329 1104 511 1154 singulares.
530 1108 612 1141 Sunt
622 1102 817 1140 universales
827 1132 838 1149 ,
855 1116 889 1138 ur
899 1105 1000 1139 multa
1010 1105 1258 1155 repraesentant‚
1276 1105 1489 1144 aurefficiunt
1505 1121 1513 1144 :
1536 1105 1609 1141 sunt
1626 1104 1726 1154 singu-

329 1155 408 1190 lares
423 1157 551 1192 ratione
569 1156 726 1192 entitatis.

798 1204 1155 1243 ARTICULUS
1207 1208 1264 1242 11.

650 1305 703 1338 De
723 1305 896 1352 universali
912 1304 1140 1340 Nominalinm
1160 1304 1199 1340 ά·
1216 1305 1404 1342 Stoicorum.

433 1407 487 1440 Oc
505 1403 628 1440 habent
638 1402 834 1441 Nominales
849 1416 923 1438 cum
935 1402 1109 1439 Platonicis
1133 1415 1325 1449 commune,
1350 1404 1438 1452 quod
1459 1402 1639 1439 universale
1659 1417 1726 1440 non

420 1454 467 1489 'in
479 1453 575 1489 rebus
588 1453 659 1502 ipfis
671 1482 682 1496 ,
704 1452 756 1488 sed
774 1465 863 1487 extra
882 1465 931 1486 res
947 1451 1082 1501 pofitum
1095 1452 1270 1502 agnoscant
1281 1483 1290 1497 ,
1317 1466 1414 1489 voces
1425 1455 1580 1489 nimirum
1599 1458 1632 1490 ὅ(
1648 1465 1729 1488 con-

332 1516 457 1553 ceptuS.
472 1502 558 1537 Illud
576 1513 697 1537 vocant
714 1501 945 1537 arbitrarium:
971 1515 1046 1536 nam
1065 1513 1104 1536 ex
1128 1502 1298 1536 hominum
1323 1502 1462 1537 arbitrio
1477 1503 1617 1550 pendet,
1637 1502 1726 1550 quod

332 1564 396 1589 vox
409 1552 462 1588 illa
475 1581 484 1595 ‚
502 1551 587 1585 homo
598 1578 607 1589 ‚
629 1550 737 1599 plures
753 1551 902 1586 homines
915 1549 1084 1599 significet.
1108 1551 1299 1599 Conceptus
1317 1564 1396 1587 vero
1420 1563 1477 1587 aut
1494 1552 1582 1586 ideas
1600 1563 1728 1595 rerum,

333 1615 414 1650 quas
433 1613 522 1636 mens
539 1597 675 1650 effingit,
689 1612 828 1648 quaeque
843 1599 946 1635 multa
966 1599 1056 1635 fimul
1075 1599 1360 1648 repraesentant‚ut
1374 1602 1482 1636 ideam
1502 1600 1726 1648 circuli,quam

344 1664 436 1686 mens
448 1651 600 1699 exprimit
614 1679 623 1694 ‚
641 1662 779 1698 quaeque
792 1662 905 1686 omnes
917 1649 1052 1684 circulos
1062 1648 1196 1684 exhibet
1210 1678 1220 1692 ,
1230 1649 1304 1692 hoc,
1323 1653 1458 1697 inquam
1476 1679 1486 1693 ,
1510 1661 1631 1684 vocant
1654 1652 1727 1683 uni-

332 1699 455 1735 versale
466 1699 622 1734 naturale.
643 1698 727 1734 Illud
739 1703 826 1734 enim
844 1699 865 1736 ἐι
882 1699 1053 1735 voluntate
1066 1697 1174 1734 nostra
1193 1711 1260 1733 non
1283 1697 1493 1746 proficiscitur
1505 1727 1514 1742 ‚
1541 1698 1630 1746 quod
1653 1698 1727 1733 idea

330 1750 441 1785 circuli
456 1749 562 1797 plures
579 1748 715 1783 circulos
729 1751 814 1784 inter
827 1750 858 1784 se
874 1747 991 1784 firniles
1005 1746 1220 1797 repraesentet.
1251 1750 1327 1784 Hoc
1342 1750 1455 1796 utique
1485 1748 1528 1782 est
1545 1746 1725 1782 universale

332 1802 521 1833 Stoicorum
533 1826 543 1840 ,
567 1801 624 1845 qui
639 1811 707 1834 non
720 1798 807 1833 aliud
826 1810 943 1847 praeter
957 1809 1132 1846 conceptus
1148 1797 1270 1832 nostros
1282 1826 1292 1840 ‚
1313 1797 1366 1832 vel
1385 1798 1471 1832 ideas
1493 1796 1514 1833 a
1531 1808 1643 1832 mente
1659 1795 1726 1832 effi-

330 1851 395 1885 &as
411 1848 542 1882 admitti
557 1859 710 1895 oportere
726 1847 925 1885 censuerunt.
938 1852 1049 1884 Voces
1067 1858 1241 1894 conceptus
1268 1845 1350 1894 ipsos
1379 1845 1586 1880 manifestant
1605 1860 1613 1880 ;
1637 1846 1723 1880 unde

331 1904 365 1935 &
382 1897 466 1943 sizna
475 1896 714 1932 manifestativa
729 1900 914 1932 vocitantur
930 1911 938 1931 :
964 1896 1042 1930 licet
1065 1906 1162 1929 voces
1181 1906 1237 1928 aut
1255 1906 1431 1944 conceptus
1445 1892 1503 1930 fint
1516 1896 1616 1929 etiam
1628 1893 1725 1943 signa,

330 1959 365 1982 ut
379 1938 553 1995 ldquuntut
566 1975 577 1990 ,
591 1943 804 1995 suppofitiva3
821 1947 897 1993 quia
913 1957 973 1993 pro
993 1943 1089 1978 rebus
1102 1941 1175 1992 ipsis
1189 1942 1375 1993 supponunt
1389 1974 1400 1989 ,
1429 1948 1463 1981 δε
1499 1956 1609 1979 earum
1633 1946 1723 1980 vices

333 2008 455 2032 tenent.

370 2047 558 2094 Conceptus
575 2057 656 2080 vero
664 2043 785 2093 duplex
802 2042 865 2085 est,
888 2040 1074 2089 objectivus
1091 2047 1124 2079 &
1141 2041 1299 2081 formalis.
1342 2043 1403 2078 llle
1428 2041 1512 2078 nihil
1540 2043 1584 2077 est
1600 2041 1656 2078 nifi
1673 2055 1723 2078 res

330 2095 396 2143 ipsa
411 2123 422 2138 ,
448 2107 484 2130 ut
501 2095 522 2131 ἐι
543 2093 639 2130 nobis
657 2094 834 2143 percipitur
853 2104 861 2126 τ
878 2091 1024 2126 formalis
1045 2091 1088 2126 est
1103 2093 1191 2127 acrio
1203 2092 1269 2140 ipsi
1284 2096 1402 2128 mentis
1416 2121 1426 2136 ,
1446 2105 1510 2140 qua
1529 2104 1598 2127 rem
1617 2096 1723 2141 perci-

331 2149 389 2191 pit.
401 2146 489 2180 Cum
502 2157 581 2193 ergo
589 2156 639 2179 res
652 2146 736 2179 inter
750 2141 780 2178 se
800 2140 914 2176 firniles
931 2170 940 2184 ‚
961 2152 999 2176 ut
1018 2140 1124 2189 plures
1149 2142 1286 2177 circulos
1305 2156 1369 2178 uno
1391 2153 1553 2190 conceptu
1574 2153 1630 2176 aut
1652 2142 1723 2177 idez'i

334 2205 425 2227 mens
446 2193 589 2229 involvit
601 2223 610 2238 ,
632 2206 687 2228 aut
703 2193 873 2241 exprimit,
901 2203 977 2226 tunc
989 2191 1095 2225 ideam
1117 2189 1216 2226 efficit
1226 2191 1450 2227 universalem.
1463 2193 1600 2240 Negant
1612 2192 1724 2238 itaque

335 2243 486 2278 Stoici&
498 2242 695 2278 Nominales
708 2254 824 2291 praeter
837 2252 1011 2289 conceptus
1036 2240 1191 2276 formales
1203 2270 1213 2285 ,
1231 2253 1288 2276 aut
1308 2254 1402 2277 voces
1425 2240 1524 2290 ipsa5‚
1545 2241 1721 2288 quicquam

334 2289 395 2325 effe
413 2292 600 2328 universale.
627 2294 679 2328 Sit
706 2304 821 2328 aurem
834 2302 946 2325 contra
960 2289 1113 2337 utrosque

887 2341 1001 2373 vnica
1021 2340 1182 2385 conclusio,

333 2437 344 2472 1
367 2391 489 2425 Praeter
506 2403 603 2426 voces
614 2396 834 2440 &conceptus
851 2387 920 2427 sunt
932 2389 1080 2437 quaedam
1092 2401 1215 2427 naturae
1235 2401 1419 2426 communes
1437 2419 1447 2435 ‚
1470 2402 1541 2438 quae
1564 2390 1598 2427 in
1619 2388 1721 2437 singu.

347 2438 453 2474 aribus
472 2441 617 2478 existunt.
