1857 2745
390 122 451 157 268
846 116 1312 156 PHILOSOPHIA

392 170 488 215 idque
502 167 686 215 proximum
701 167 873 215 concipere
888 194 900 210 ,
926 165 1026 214 quam
1050 167 1081 202 se
1102 179 1153 204 tot
1173 166 1420 206 difficultatibus
1443 171 1627 219 impedire?

425 214 526 263 Qod
538 215 558 249 si
571 218 615 249 ita
627 213 664 250 sit
674 244 684 259 ,
705 214 784 249 illud
802 227 935 263 quoque
945 214 1118 264 probabile
1129 219 1254 254 videtur
1265 248 1274 262 ,
1294 219 1499 255 voluntatem
1510 219 1634 270 semper
1646 220 1734 270 sequi
1745 222 1794 258 ul.

391 269 506 300 timum
521 263 708 300 intellectus
715 264 872 314 judicium
892 264 1034 313 :alioqui
1048 266 1197 303 voluntas
1217 280 1342 304 temere
1353 268 1579 306 &inconsulto
1589 283 1713 320 ageret,
1726 285 1796 310 non

391 327 427 350 ut
436 315 583 363 potentia
592 314 759 350 rationalis
770 343 779 358 ,
791 326 930 363 quaeque
944 317 1064 350 rationi
1083 317 1240 353 indivulse
1257 319 1408 354 cohaeret·
1434 321 1596 355 Ponamus
1615 322 1703 356 enim
1720 320 1809 357 ulti-¹

390 377 480 400 mum
488 364 622 399 rationis
632 364 787 412 judicium
797 365 978 413 prudentiae
988 364 1049 399 effe
1067 365 1318 403 consentaneum
1328 396 1338 412 ,
1351 373 1386 405 &
1405 368 1609 404 voluntatem
1622 381 1735 405 contra
1746 375 1796 418 jun
1807 365 1822 389 ³*

389 414 509 448 stiriam
518 425 614 463 agere
627 428 634 450 :
648 424 718 450 tum
730 413 802 450 sane
817 413 920 450 homo
936 415 997 449 erit
1009 414 1187 464 prudenter
1199 418 1331 466 injustus
1341 432 1353 455 .:
1370 418 1459 468 quod
1466 421 1607 456 omnino
1621 418 1796 457 absurdum
1822 454 1823 457 ,

391 464 530 501 videtur.
1803 468 1827 539 ξ

425 514 557 549 Deinde
572 527 646 552 cum
656 515 773 551 ultimo
783 514 903 563 J'udicio
913 544 922 559 ‚
938 514 990 551 seu
1004 515 1208 553 conclusione
1222 515 1410 552 intellefflis
1424 546 1434 561 ,
1457 518 1636 553 voluntatis
1650 520 1736 555 aelio
1747 520 1796 555 ita.
1814 512 1828 549 Γ(

389 565 595 612 conjungitur
606 594 616 610 ‚
636 564 701 600 utsx
718 567 842 601 animus
854 565 931 612 quid
944 564 979 601 fit
995 564 1122 602 bonum
1135 567 1257 615 judicet
1269 595 1278 609 ‚
1297 566 1402 602 statim
1425 566 1459 602 id
1479 567 1627 603 voluntas
1640 579 1795 617 expetat,

387 615 436 648 uti
445 618 517 661 jam
525 614 720 650 ostendimus
734 632 742 658 ς
757 613 778 649 si
791 624 885 650 'mens
902 626 997 651 nutet
1017 622 1051 653 ὅ(
1067 615 1227 660 fluctuet,
1250 614 1400 651 voluntas
1424 628 1556 664 quoque
1575 617 1708 652 nutabit
1721 647 1732 662 ,
1759 623 1796 655 &

389 663 506 698 eadem
519 661 926 701 laborabitinconstantia:
952 663 1043 713 quod
1065 665 1153 700 idem
1171 665 1327 714 judicium
1338 664 1380 700 ab
1395 665 1563 701 intellectu
1577 664 1664 702 fimul
1683 672 1718 704 δε
1737 679 1795 702 vo-
1815 663 1835 702 .·*³

388 711 515 747 luntare
528 712 746 761 proficiscatur
757 727 765 749 ε
777 726 854 763 ergo
863 714 1043 750 voluntatis
1054 714 1236 763 prosecutio
1251 725 1307 749 aut
1324 713 1401 764 fuga
1415 714 1534 751 ultimo
1552 716 1687 751 rationis
1708 715 1795 764 judi·
1810 709 1825 765 ²·¹

387 763 440 797 cio
451 791 460 805 ‚
476 763 567 809 quod
577 765 755 812 praoticum
773 775 895 799 vocant
906 793 915 808 ,
930 762 1086 799 indivulse
1097 763 1237 798 cohaeret
1251 791 1262 806 ,
1284 775 1392 810 neque
1407 763 1450 798 ab
1461 776 1501 799 eo
1511 764 1623 799 divelli
1631 765 1752 813 potest.
1813 761 1829 775 *‘

423 812 588 848 Postremo
602 825 700 848 nemo
717 814 759 848 est
769 815 824 861 qui
834 824 966 862 rogatus
979 825 1032 848 cur
1041 812 1167 861 aliquid
1178 823 1256 861 agat
1270 841 1280 856 ‚
1297 825 1364 847 non
1381 812 1490 849 statim
1498 811 1702 862 respondeat,
1716 814 1749 849 id
1762 812 1794 850 se
1812 811 1826 863 ’,ξ

387 873 484 908 agere
497 889 507 904 ‚
526 863 601 908 quia
613 861 736 910 Judicat
746 863 781 896 id
797 860 857 897 effe
875 862 1074 899 faciendum.
1820 876 1824 886 ··

418 909 507 945 Cum
517 912 626 958 itaque
637 909 832 960 propofitio,
845 910 1092 947 cuiassentimur
1102 940 1110 955 ‚
1123 911 1164 945 est
1179 909 1366 945 universalis
1383 938 1392 953 ‚
1413 911 1569 959 judicium
1588 911 1707 947 dicitur
1717 925 1794 961 pra-

388 959 527 999 &icunu
549 971 606 995 aut
616 959 813 1009 propositum
834 973 842 995 ε
861 960 937 995 hinc
956 959 1131 995 nonnullos
1154 957 1309 1008 propofiti
1330 971 1460 994 tenaces
1478 960 1625 998 dicimus,
1655 962 1743 998 Cum
1759 962 1793 997 id
1820 988 1823 1002 ,

386 1007 537 1043 omnibus
556 1011 788 1046 circunstantiis
809 1011 950 1045 munitur
959 1037 970 1052 ,
984 1021 1056 1045 tum
1066 1009 1182 1044 dicitur
1194 1010 1336 1058 practice
1346 1011 1534 1056 practicam.
1543 1010 1646 1057 quue
1655 1011 1700 1045 est
1713 1012 1792 1047 con·
1818 1006 1830 1039 ᾖ

386 1055 484 1090 clufio
500 1057 676 1106 syllogismi
689 1071 801 1106 ‚quem
822 1061 855 1093 in
871 1060 962 1093 omni
984 1061 1116 1093 afflone
1129 1057 1321 1093 formamus.
1349 1058 1513 1105 Qiamvis
1530 1071 1603 1094 cum
1621 1070 1662 1093 ex
1682 1057 1736 1094 usu
1755 1065 1792 1097 &
1817 1042 1831 1095 l?

387 1116 541 1153 prompte
551 1117 724 1153 operamur
736 1134 745 1148 ,
757 1106 845 1140 nulla
856 1105 927 1139 fieri
939 1108 1180 1154 argumentatio
1197 1106 1362 1150 videatur,
1380 1105 1543 1142 *fittamen
1555 1136 1566 1152 ‚
1582 1119 1621 1141 ac
1638 1119 1709 1143 turn
1723 1122 1792 1146 ma·
1818 1111 1819 1114 ’

386 1155 477 1188 xime
490 1167 565 1189 cum
577 1165 688 1202 parata
703 1155 789 1191 est&
800 1154 951 1202 expedita
967 1168 975 1189 :
999 1153 1101 1190 nullas
1124 1156 1212 1190 enim
1234 1157 1390 1202 temporis
1409 1168 1514 1190 moras
1530 1156 1676 1205 postulat
1698 1171 1707 1194 :
1728 1170 1791 1195 nec
1823 1186 1831 1191 ,,

386 1204 564 1251 quicquam
578 1202 650 1238 fere
664 1216 790 1239 moram
810 1202 903 1238 nobis
915 1205 1037 1250 injicit,
1052 1203 1106 1239 nifi
1123 1202 1265 1238 sensuum
1275 1202 1457 1241 infirmitas.

423 1253 589 1298 Quocirca
605 1264 640 1288 ut
655 1252 837 1288 intellectus
851 1253 883 1286 id
901 1253 991 1300 quod
1008 1251 1211 1289 verisimilius
1230 1282 1240 1296 ‚
1265 1255 1311 1287 ita
1325 1253 1415 1300 quod
1436 1253 1549 1288 melius
1566 1253 1625 1289 fibi
1638 1255 1790 1300 videtur,
1816 1255 1817 1259 ’

384 1303 526 1337 omnino
536 1301 699 1351 approbat
709 1332 718 1346 ‚
727 1302 826 1350 idque
836 1301 987 1338 voluntas
1001 1300 1155 1350 sequitur.
1172 1303 1264 1336 Nam
1279 1312 1316 1335 ut
1326 1303 1447 1336 lancem
1457 1330 1465 1341 ,
1482 1304 1586 1350 inquit
1599 1304 1718 1339 Cicero
1730 1333 1741 1348 ,
1753 1308 1790 1340 in
1811 1339 1814 1342 Α

386 1350 473 1384 libra
482 1349 675 1399 ponderibus
688 1351 844 1400 deprimi,
871 1351 918 1396 stc
930 1354 1072 1386 animum
1085 1352 1255 1400 petfiu‘cuis
1273 1351 1380 1385 cedere
1395 1352 1504 1398 necesse
1522 1351 1563 1396 est
1584 1369 1593 1395 3
1610 1366 1670 1387 nec
1684 1354 1789 1402 potest

386 1398 553 1447 objetstam
563 1412 632 1434 rem
646 1400 845 1448 perspicuam
856 1413 922 1435 non
931 1399 1123 1448 approbare.
1151 1400 1203 1435 Est
1216 1402 1335 1448 quippe
1351 1401 1476 1434 animus
1489 1399 1585 1434 instar
1596 1401 1732 1436 bilancis
1742 1405 1790 1437 in-

388 1448 538 1483 differens
553 1478 562 1490 ,
592 1460 626 1483 ut
647 1452 678 1483 in
696 1451 850 1483 utramvis
871 1460 998 1496 partem
1020 1449 1223 1496 propendeat
1246 1463 1253 1483 :
1279 1449 1361 1482 adeo
1376 1459 1410 1482 ut
1425 1450 1458 1482 in
1472 1460 1545 1483 eam
1559 1448 1685 1485 lancem
1700 1479 1711 1494 ,
1735 1453 1787 1486 cui
1836 1473 1837 1485 l

387 1502 488 1543 major
509 1497 625 1545 species
641 1499 729 1540 veri,
754 1509 909 1544 tanquam
926 1497 1053 1544 pondus
1072 1494 1232 1531 iuhaeserit
1248 1526 1257 1540 ‚
1293 1498 1428 1531 omnino
1445 1496 1608 1535 defleam.
1633 1500 1696 1534 Sed
1718 1512 1785 1536 non
1836 1497 1837 1523 3

386 1544 427 1580 eo
436 1545 535 1593 usque
550 1545 597 1580 est
607 1545 805 1589 indifferens,
821 1557 858 1580 ut
868 1544 990 1580 dimiffa
1004 1557 1039 1580 re
1051 1547 1155 1594 magis
1168 1545 1352 1594 perspicua,
1364 1545 1578 1594 amplectatur
1591 1550 1694 1583 minus
1709 1561 1786 1597 per-

386 1594 527 1643 spicuam
535 1606 591 1629 aut
601 1593 827 1638 verisimilem3
847 1597 894 1630 uti
907 1607 968 1630 nec
981 1593 1082 1629 levius
1097 1595 1221 1642 pondus
1234 1594 1367 1629 attollet
1385 1594 1512 1630 lancem
1532 1599 1682 1644 graviore
1699 1610 1786 1646 pon-

384 1644 461 1678 dere
489 1642 677 1692 depressam.
692 1645 782 1679 Hinc
793 1645 880 1678 enim
895 1645 999 1679 omnis
1016 1642 1181 1679 fluetuatio
1191 1673 1201 1687 ‚
1223 1654 1276 1679 aut
1290 1642 1450 1678 dubitatio
1466 1646 1576 1688 oritur,
1588 1646 1676 1694 quod
1693 1649 1783 1694 paria

385 1695 546 1741 utrimque
558 1693 726 1728 videantur
737 1696 901 1729 rationum
913 1704 1092 1729 momenta.
1123 1693 1236 1739 Atque
1253 1704 1288 1727 ut
1299 1692 1320 1726 fi
1334 1694 1467 1739 aequatis
1478 1692 1568 1728 librae
1581 1695 1782 1744 ponderibus

387 1754 591 1778 momentum
600 1743 764 1789 quoddam
774 1743 875 1777 modo
892 1743 968 1785 uni,
986 1742 1086 1776 modo
1099 1741 1194 1776 alteri
1208 1742 1291 1776 lanei
1309 1742 1426 1784 adda5‚
1448 1754 1503 1777 aut
1511 1743 1678 1781 detrahas,
1698 1744 1781 1780 hinc

383 1794 494 1838 utique
509 1791 663 1826 velillam
685 1791 811 1826 lancem
830 1791 1013 1839 deprimes:
1033 1788 1073 1825 fic
1089 1791 1212 1839 judicia
1229 1791 1333 1826 nostra
1357 1794 1552 1826 commutari
1572 1791 1695 1827 necesse
1715 1794 1779 1838 est,
1819 1832 1824 1838 .

382 1853 455 1875 cum
470 1841 588 1889 specics
601 1840 678 1875 boni
693 1851 943 1876 commutantur.
959 1839 1023 1874 Sed
1038 1840 1188 1875 voluntas
1196 1840 1352 1889 judicium
1367 1839 1555 1875 intellectus
1567 1840 1691 1888 semper
1703 1840 1781 1876 sub-

382 1889 542 1937 sequitur:
557 1902 633 1933 erqo
653 1890 684 1923 id
703 1889 828 1938 semper
843 1889 1053 1936 amplectitur
1066 1917 1076 1931 ‚
1096 1889 1184 1932 quod
1205 1888 1387 1922 intellectus
1417 1888 1530 1922 melius
1551 1889 1674 1936 judimt
1691 1903 1699 1924 ς
1725 1889 1778 1926 seu

382 1952 494 1973 revera
506 1942 550 1973 ita
565 1933 619 1980 fii,
635 1938 686 1972 seu
697 1938 836 1986 speciem
848 1938 976 1972 tantum
993 1936 1279 1973 &similitudinem
1292 1935 1372 1969 boni
1396 1948 1456 1983 prae
1468 1935 1498 1969 se
1515 1937 1600 1971 ferat
1616 1952 1623 1972 :
1644 1937 1705 1972 hoc
1719 1940 1778 1983 est,

383 1989 435 2023 seu
454 1990 484 2022 id
497 1988 609 2023 melius
625 1985 660 2021 iit
678 1988 787 2034 quoad
803 1999 869 2020 rem
884 1986 983 2034 ipsam
995 2014 1004 2028 ,
1021 1996 1118 2031 atque
1130 1996 1164 2019 ut
1176 1984 1347 2032 loquuntur
1358 2013 1367 2027 ,
1389 1985 1498 2031 quoad
1513 1985 1678 2034 objectum
1697 2003 1707 2030 3
1726 1986 1779 2024 seu

382 2040 426 2072 ita
445 2036 705 2073 n-obisvideatur.
727 2036 828 2082 idque
838 2037 996 2077 maxime3
1024 2032 1115 2080 quod
1136 2035 1241 2068 minus
1260 2031 1383 2068 bonum
1402 2044 1476 2067 cum
1495 2035 1622 2070 meliori
1638 2037 1778 2085 compa..
1817 2067 1819 2069 .

383 2099 487 2121 ratum
500 2088 661 2120 rationem
673 2083 794 2119 habeat
810 2082 889 2119 mali
906 2098 914 2120 :
932 2095 1009 2133 ergo
1022 2081 1100 2117 illud
1119 2094 1154 2118 ut
1173 2082 1311 2136 deterius
1323 2082 1502 2132 judicatur,
1513 2096 1572 2120 nec
1588 2084 1696 2134 potest
1707 2097 1777 2122 me-

383 2136 454 2171 liori
474 2136 641 2183 anteponi.

884 2183 1068 2217 Solvuntur
1089 2179 1283 2226 objeeliones.

420 2285 541 2330 Oppov.
555 2297 576 2318 1.
607 2280 799 2316 Sivoluntas
814 2279 952 2328 sequitur
966 2279 1137 2316 neceffario
1154 2279 1304 2314 ultimum
1326 2281 1458 2313 rationis
1476 2281 1627 2328 judicium
1658 2294 1666 2316 2
1692 2293 1770 2330 ergo

386 2345 421 2366 ca
434 2345 499 2366 non
517 2330 577 2365 sele
589 2332 783 2366 determinat
795 2359 803 2373 ‚
822 2329 873 2364 sed
889 2332 1024 2364 omnino
1040 2331 1271 2365 determinatur
1284 2327 1324 2361 ab
1342 2328 1518 2366 intellectu.

420 2381 506 2426 Resp.
530 2380 744 2416 Voluntatem
758 2392 825 2415 non
841 2379 902 2414 sese
917 2380 1132 2414 determinare
1149 2377 1211 2413 sme
1234 2378 1380 2422 ratione,
1398 2377 1439 2414 C.
1458 2391 1533 2414 cum
1554 2379 1681 2414 ratione
1694 2406 1705 2422 ‚
1723 2379 1768 2414 N.
