1857 2745
482 112 620 149 PARS
657 112 934 151 SECUNDA.
1385 123 1438 152 16·

60 162 147 204 sensu
154 160 268 199 caloris
280 191 291 208 ,
304 161 397 199 vocis·
412 161 624 211 ambiguitate
637 161 734 197 delusi
746 163 985 199 confundimus.
996 164 1035 199 Et
1049 162 1122 200 sane
1136 167 1168 201 in
1185 165 1247 200 hoc
1267 178 1333 200 non
1351 139 1438 200 fallis

61 226 130 252 mur
141 242 151 258 ‚
167 213 254 260 quod
269 212 388 259 aliquid
402 214 435 246 in
444 213 519 261 igne
530 214 749 259 concipiamus
762 241 771 256 ,
789 213 874 248 unde
894 212 1073 255 sensusilie,
1087 226 1188 262 quem
1203 214 1316 249 caloris
1331 218 1439 250 nomi-

58 276 102 302 ne
119 261 255 298 solemus
274 260 457 310 designare,
483 263 517 295 in
542 262 684 308 corporis
703 274 824 311 organa
850 261 1060 310 proficiscitur
1083 277 1090 298 :
1110 263 1163 298 sed
1181 262 1302 298 sensum
1321 263 1436 298 caloris

55 311 142 349 male
151 323 224 346 cum
234 323 272 346 ea
285 313 319 345 vi
331 323 400 357 quae
411 311 453 345 est
466 312 498 344 in
510 312 584 358 igne
595 339 604 353 ‚
622 310 858 348 confundimus,
875 311 951 355 illa,
966 324 1002 346 ut
1019 310 1107 360 supra
1122 313 1257 347 diximus
1268 342 1277 356 ,
1294 313 1336 347 est
1354 315 1439 361 pati-

55 359 135 396 bilis
151 389 161 404 ,
174 358 386 395 velsenfibilis
401 358 536 407 qualitas
551 375 560 402 3
573 359 640 394 haec
653 358 751 408 passio
767 374 775 395 :
795 360 849 395 illa
861 359 1024 410 objeffiva
1035 389 1046 405 ,
1057 361 1125 396 haec
1135 361 1280 396 formalis
1294 362 1356 396 dici
1375 375 1438 410 po„

58 410 133 446 test.
159 409 261 444 Simili
273 407 405 444 forsitan
422 421 528 443 errore
540 408 706 446 colores&
720 408 798 443 alias
814 409 987 458 qualitates
1017 412 1050 445 in
1076 409 1139 458 ipsa
1159 410 1287 459 objesta
1305 411 1438 446 transfe-

57 461 153 494 rimus
165 487 174 501 ,
188 469 226 492 ac
239 457 384 493 colorem
397 456 529 492 rubrum
541 457 601 493 effe
613 460 646 492 in
658 458 752 501 Iride,
765 462 820 506 qui
841 459 927 494 forte
940 457 1058 494 nullibi
1075 460 1118 494 est
1138 458 1194 494 nisi
1210 462 1242 495 in
1259 458 1355 495 nobis
1367 488 1377 502 ‚
1390 462 1438 495 in-

56 507 166 543 fantiae
176 507 366 556 praeJudiciis
387 505 482 541 delusi
500 509 710 555 concipimus.
736 509 825 543 Nam
851 508 932 544 ideis
949 536 960 552 ‚
977 519 1057 555 quas
1077 506 1097 542 ὲ
1121 519 1235 543 natura
1254 506 1410 542 hausimus
1426 538 1436 552 ‚

56 568 194 604 quaeque
205 555 276 591 sunt
286 555 375 590 clarae
389 561 423 593 δι
435 556 600 598 distinctae,
618 556 695 591 alias
714 556 797 591 male
809 554 933 592 effictas
949 568 1040 591 mens
1056 557 1167 604 adjicit
1177 586 1186 600 ‚
1200 570 1268 604 quae
1285 570 1437 605 magn-am

59 607 188 654 pariunt
200 603 441 641 obscuritatem.
459 605 522 639 Sed
537 606 605 640 haec
614 604 670 640 suo
684 617 823 653 quaeque
840 605 926 642 loco.
950 607 1032 642 Satis
1050 604 1104 640 hic
1121 605 1220 642 fuerit
1237 606 1327 642 velut
1352 606 1435 655 digi.

29 658 34 659 ⁷
55 664 127 689 tum
142 654 181 688 ad
191 653 296 689 fontes
310 666 421 689 eorum
433 652 609 691 intendisse.

78 705 193 749 Itaque
204 714 242 736 ex
253 714 358 737 rerum
374 703 579 738 diffindi-ione
589 715 660 750 quae
677 705 709 739 in
730 705 902 751 categoriis
928 703 988 740 fuit
1015 703 1174 754 explicata
1189 734 1198 748 ‚
1211 717 1290 752 quas
1312 706 1346 740 in
1364 707 1437 739 ani·

52 752 116 787 mis
131 750 240 786 nostris
254 749 415 799 impressas
430 750 604 787 habeamus
615 780 625 794 ‚
650 756 684 787 δι
695 752 857 787 distinCtas
874 755 1025 788 notiones
1038 782 1048 797 ‚
1088 754 1240 803 colligere
1271 765 1434 801 utcunque

54 798 221 849 poffiimus.
245 801 292 836 Ac
303 802 442 849 primurn
453 800 586 847 quidem
605 800 637 834 id
655 799 778 848 liquet,
796 813 854 835 nos
880 813 949 836 rem
967 802 1030 837 hoc
1056 802 1170 837 melius
1193 808 1227 840 δε
1251 803 1432 839 distinctius

52 851 313 898 percipere‚quo
325 848 417 897 plura
433 854 497 895 ejus
506 848 664 883 attributa
673 850 889 897 cognoscimus
904 867 913 893 3
931 850 1101 898 praesertim
1119 850 1139 886 fi
1164 864 1200 886 ea
1219 849 1278 887 sint
1296 855 1341 886 rei
1358 864 1435 900 pro-

53 900 124 946 pria
138 926 148 940 ,
162 911 229 933 non
248 900 434 932 communia
445 903 480 934 &
491 898 754 933 indeterminata.
773 900 825 932 Sic
842 902 960 933 mentis
975 899 1122 934 humanae
1140 911 1286 935 naturam
1306 900 1433 948 perspe-

53 948 143 982 &am
154 945 347 982 habebimus
359 974 368 988 ,
383 944 495 981 fiillius
506 944 660 980 attributa
671 975 681 989 ,
690 957 746 981 aut
760 948 904 995 proprias
919 946 1110 984 affectiones
1123 950 1308 984 noverimus
1322 966 1331 992 ς
1343 949 1434 996 quod

51 993 93 1031 fit
103 995 348 1037 intellectualis,
364 994 385 1030 a
401 1006 537 1042 corpore
555 995 723 1036 distinaa,
740 996 829 1041 quod
849 999 1007 1043 percipiat
1025 1025 1036 1039 ,
1053 997 1175 1042 judicet
1189 1025 1198 1038 ,
1215 999 1433 1032 ratiocinetur.

51 1045 144 1081 Nam
157 1043 301 1089 quandiu
318 1044 353 1078 in
366 1040 590 1077 communibus
605 1040 768 1076 attributis
784 1041 918 1077 sistimus
937 1071 946 1086 ‚
966 1045 1057 1090 quod
1079 1043 1115 1078 sit
1148 1046 1237 1079 aetus
1249 1073 1259 1087 ‚
1281 1057 1312 1080 v.
1326 1058 1358 1092 g.
1379 1057 1433 1080 aut

53 1091 213 1141 perse-&io
222 1093 384 1140 corpori53
397 1103 451 1126 aut
461 1090 548 1138 quod
569 1103 632 1125 una
642 1089 679 1124 sit
693 1118 703 1133 ,
722 1096 756 1127 &
772 1089 908 1125 indivisa
922 1103 1082 1140 3cumque
1091 1093 1131 1126 ad
1150 1105 1190 1127 ea
1207 1105 1277 1140 quae
1295 1093 1342 1127 illi
1356 1106 1431 1141 pro-

52 1143 122 1190 pria
132 1139 201 1176 sunt
214 1169 223 1184 ,
237 1153 304 1177 non
313 1138 532 1176 descendimus
546 1168 557 1185 ‚
579 1138 744 1175 confusam
762 1140 918 1175 duntaxat
932 1139 1015 1176 illius
1029 1146 1063 1179 &
1077 1139 1244 1178 obscuram
1270 1141 1431 1178 habemus

50 1192 284 1239 cognitionem.
956 1204 961 1208 ·

104 1242 148 1275 Ex
158 1239 318 1276 attributis
329 1253 462 1290 quoque
473 1239 623 1278 absolutis
633 1238 748 1278 melius
757 1240 857 1290 quam
868 1254 906 1278 ex
917 1240 1060 1278 relativis
1072 1259 1081 1286 3
1095 1254 1133 1277 ex
1148 1240 1287 1290 positivis
1298 1242 1430 1277 demum

52 1299 122 1325 rem
136 1292 311 1325 accuratius
325 1290 672 1339 cognoscimus,quam
685 1303 722 1326 ex
733 1294 906 1341 negativis.
921 1293 1006 1328 Cum
1020 1304 1069 1327 ex.
1085 1304 1131 1341 gr.
1145 1291 1285 1326 hominis
1303 1291 1431 1338 alicujus

53 1337 136 1373 mihi
150 1338 367 1374 familiaritate
381 1342 544 1388 conjunCti
558 1353 663 1375 mores
675 1369 684 1383 ‚
697 1352 992 1389 temperamentum
1003 1370 1013 1385 ,
1034 1341 1173 1376 formam
1194 1339 1353 1388 cognosco
1363 1370 1371 1384 ,
1382 1341 1432 1374 di-

51 1386 201 1422 stineram
215 1388 539 1437 magis&expressam
552 1389 638 1425 illius
659 1389 769 1424 formo
788 1392 981 1439 imaginem,
1003 1390 1102 1437 quam
1119 1388 1141 1424 fi
1155 1402 1191 1423 ea
1213 1401 1338 1424 tantum
1358 1402 1430 1436 qua:

53 1434 103 1468 illi
118 1434 185 1470 sunt
202 1448 275 1471 cum
287 1437 357 1471 aliis
367 1440 550 1472 communia
560 1466 569 1481 ‚
580 1450 615 1472 ut
636 1439 726 1484 quod
750 1437 878 1473 alterius
893 1437 928 1473 sit
944 1450 1045 1486 pater,
1059 1438 1112 1474 vel
1124 1437 1264 1473 subditus
1275 1467 1285 1481 ‚
1300 1449 1357 1472 aut
1370 1437 1431 1472 alia

53 1482 144 1531 hujus
161 1487 292 1531 generis
304 1485 473 1526 attributa,
492 1485 546 1519 vel
564 1485 698 1519 relativa
713 1513 722 1527 ‚
735 1485 789 1519 vel
799 1489 952 1533 negativa
963 1488 1122 1520 noverim·

93 1533 141 1566 Ac
158 1532 198 1565 de
211 1532 354 1566 idearum
367 1533 499 1579 quidem
519 1533 727 1567 distinffione
738 1545 806 1578 quae
817 1545 855 1567 ex
866 1532 1003 1581 objeffls
1013 1531 1084 1581 ipsis
1098 1534 1266 1580 repetitur,
1278 1531 1430 1568 diximus:

54 1591 140 1616 nunc
154 1580 194 1614 ad
210 1592 281 1615 earn
295 1592 366 1627 quae
383 1593 420 1616 ex
437 1579 564 1616 diversis
574 1580 773 1629 percipiendi
787 1581 893 1615 modis
910 1581 1046 1625 ducitur,
1059 1583 1237 1617 veniamus.

96 1630 176 1664 Non
194 1629 236 1662 est
255 1641 292 1663 ea
304 1632 352 1663 vis
373 1630 515 1664 humanae
532 1632 666 1673 mentis,
683 1640 717 1664 ut
728 1641 777 1663 res
793 1629 871 1677 ipsas
882 1628 970 1664 velut
986 1642 1051 1665 uno
1066 1629 1239 1678 conspectu
1257 1629 1432 1678 complesti

51 1675 160 1726 posfit.
183 1677 467 1725 Hincplerumque
481 1691 557 1714 cum
576 1678 646 1713 vult
669 1690 737 1713 rem
756 1676 900 1726 aliquam
916 1678 1101 1726 diligentius
1128 1681 1262 1722 intueri,
1282 1681 1315 1714 in
1327 1682 1430 1714 varias

54 1737 162 1774 partes
174 1738 245 1760 eam
255 1725 358 1768 secat,
373 1726 489 1772 easque
500 1725 635 1762 seorsum
651 1727 805 1775 expendit
826 1740 834 1762 ι
857 1727 942 1762 unde
966 1732 1001 1763 &
1023 1726 1186 1762 abstraCm
1203 1729 1300 1762 utitur
1326 1731 1430 1775 perci-

52 1775 165 1823 piendi
182 1775 292 1811 modo.
303 1774 488 1810 Abstrafflo
503 1788 582 1810 vero
595 1775 651 1811 illa
667 1775 785 1823 duplex
796 1775 843 1810 est
852 1805 862 1819 ,
885 1788 946 1810 una
958 1777 1141 1811 Geometn's
1154 1775 1321 1810 familiaris
1334 1804 1344 1818 ‚
1357 1788 1432 1811 cum

41 1835 153 1864 ‚unum
173 1823 363 1858 attributum
383 1823 444 1859 fine
458 1837 492 1858 re
512 1823 576 1872 ipsa
587 1852 597 1866 ,
614 1835 669 1858 aut
683 1823 746 1858 fine
756 1823 825 1858 aliis
839 1823 1001 1859 attributis
1015 1837 1088 1859 cum
1101 1823 1219 1871 quibus
1237 1825 1347 1859 natura
1360 1829 1432 1872 jun-

53 1873 144 1907 stum
158 1872 204 1906 est
215 1901 224 1916 ,
240 1884 330 1907 mens
352 1871 527 1907 considerat
539 1901 544 1908 ,
556 1884 592 1907 ut
602 1872 838 1920 longitudinem
852 1872 915 1907 sine
929 1872 1107 1908 latitudine.
1134 1872 1208 1908 Alia
1222 1884 1299 1908 vero
1309 1873 1356 1907 est
1370 1871 1432 1907 ab.

53 1921 182 1956 stractio
192 1923 227 1956 in
240 1919 364 1956 scholis
387 1923 490 1969 magis
501 1920 629 1963 usitata,
642 1933 714 1955 cum
732 1920 887 1955 attributa
911 1933 978 1969 quae
994 1923 1041 1955 rei
1060 1919 1223 1957 essentiam
1239 1921 1432 1957 constituunt

54 1974 91 2006 &
103 1969 143 2003 ad
154 1969 234 2004 ideae
246 1969 568 2017 comprehensionem
585 1971 748 2018 pertinent
760 1999 768 2012 ,
789 1971 823 2004 in
834 1971 939 2005 varios
953 1970 1067 2019 gradus
1091 1976 1125 2008 δε
1151 1969 1245 2007 velut
1271 1973 1303 2004 in
1325 1981 1431 2018 partes

55 2016 236 2053 tribuimus.
265 2019 375 2065 Atque
395 2018 446 2053 hic
463 2019 665 2067 percipiendi
689 2019 802 2054 modus
817 2022 918 2054 menti
939 2019 1053 2054 nostrae
1072 2019 1166 2053 valde
1182 2019 1228 2053 est
1248 2019 1432 2056 familiaris:

52 2065 108 2102 sed
120 2077 232 2102 tamen
243 2066 424 2102 cavendum
433 2068 480 2102 est
492 2069 632 2102 maxime
649 2080 690 2102 ne
712 2068 849 2102 eandem
875 2070 908 2103 in
922 2068 1017 2103 rebus
1032 2066 1102 2117 ipsis
1117 2069 1357 2103 distinetionem
1369 2066 1430 2103 esse

56 2113 248 2149 arbitremur
261 2144 270 2157 ‚
287 2127 383 2163 quam
403 2128 495 2152 mens
514 2115 727 2150 abstrahendo
749 2118 923 2165 excogitat.
953 2119 1041 2153 Nam
1062 2129 1097 2152 ut
1112 2116 1177 2165 ipsa
1199 2117 1241 2150 est
1258 2116 1277 2152 a
1299 2129 1433 2164 corpore

57 2161 204 2198 distin&a
215 2192 224 2206 ‚
237 2162 277 2197 sic
285 2176 333 2198 res
347 2163 471 2212 separat
492 2170 526 2202 δε
551 2164 706 2199 abstrahit
718 2193 728 2208 ‚
739 2176 835 2211 atque
850 2169 960 2201 omnia
969 2165 1021 2200 suo
1034 2166 1166 2200 modulo
1183 2168 1323 2200 metitur.
1345 2167 1431 2200 Hinc

58 2209 158 2245 multa
171 2212 333 2260 distinguit
344 2241 353 2255 ‚
365 2225 435 2259 quae
446 2212 515 2248 sunt
525 2215 660 2248 omnino
676 2213 822 2249 indivisa.
856 2216 903 2249 Ac
920 2213 1050 2252 viciffim
1066 2214 1141 2248 illud
1168 2214 1349 2249 cavendum
1361 2242 1370 2257 ,
1389 2226 1430 2249 ne

60 2256 188 2292 fallaces
203 2272 305 2294 retum
321 2259 539 2296 similitudines
559 2261 652 2296 nobis
670 2263 841 2306 imponant
859 2277 866 2298 ε
885 2276 999 2299 verum
1017 2263 1076 2297 ista
1097 2262 1136 2296 ad
1158 2262 1304 2298 defestus
1320 2275 1431 2311 perce„

59 2306 210 2354 prionum
220 2310 384 2353 pertinent
397 2338 404 2351 ‚
420 2310 460 2343 de
470 2310 586 2357 quibus
602 2323 677 2345 mox
695 2310 864 2357 agendum.

104 2355 201 2392 Nunc
219 2357 313 2403 igitur
328 2370 398 2404 quae
418 2360 449 2394 in
464 2360 542 2395 ideis
560 2360 668 2396 nostris
685 2387 694 2403 ,
719 2369 774 2393 aut
792 2358 1055 2408 perceptionibus
1070 2362 1147 2395 vitia
1168 2359 1367 2405 frequentius
1379 2372 1436 2394 ocn

1165 2410 1198 2443 X
1224 2410 1245 2441 ii
1249 2413 1257 2454 j
