1857 2745
390 124 461 164 406
865 111 1332 150 PHILOSOPHIA
1837 126 1843 136 ⁴

390 166 540 203 bationes
553 173 610 210 per
633 160 892 197 commotionem
906 161 1031 205 anitii,
1050 173 1116 197 non
1136 174 1193 210 per
1218 160 1316 197 solam
1341 163 1540 211 opinionem.
1566 163 1779 215 eAEgritudol
1826 192 1828 207 ζ
1854 167 1855 171 ’

386 216 495 260 inquit
509 240 518 254 ,
535 210 575 255 est
583 211 684 244 animi
692 208 883 250 adversitate
892 212 1013 243 ratione
1022 211 1432 247 comraffloelaetidammi
1444 212 1514 258 stne
1533 215 1654 249 ratione
1667 215 1774 253 elatio.

431 265 579 296 Fatemur
587 270 699 293 tamen
711 256 846 294 affectus
866 270 905 294 ex
917 261 1072 307 opinione
1087 257 1165 294 bom·
1178 288 1187 303 ‚
1205 270 1262 295 aut
1290 259 1368 295 mali
1380 289 1390 303 ‚
1412 273 1446 296 ut
1466 261 1486 298 ἐι
1511 260 1600 297 causa
1621 266 1751 299 excitari
1762 291 1776 309 ,

392 310 444 347 sed
465 320 617 357 negamus
643 319 755 342 eorum
764 318 911 342 naturam
925 310 958 342 in
973 309 1126 356 opinione
1139 307 1198 344 este
1220 308 1440 345 constitutam.

423 361 543 405 Neque
566 357 642 392 illud
653 355 775 392 necesse
787 356 830 390 est
842 386 851 400 ‚
865 368 901 392 ut
918 356 1015 405 longa
1024 359 1171 392 oratione
1188 358 1437 393 demonstremus
1449 361 1632 409 appetitum
1642 358 1778 396 sentien-

395 422 462 445 tem
479 406 539 443 effe
557 405 750 441 facultatem
775 418 841 440 non
853 418 888 440 re
901 435 911 449 ,
924 405 975 440 sed
993 409 1194 455 cogitatione
1213 418 1337 442 tantum
1352 406 1371 442 a
1388 406 1475 444 sensu
1493 414 1527 445 &
1548 409 1780 458 imaginatione

394 457 583 494 distinctam.
608 455 645 489 ld
665 458 752 491 enim
772 454 903 504 probari
928 456 1032 504 potest
1052 454 1166 492 iisdem
1184 456 1383 500 rationibus,
1402 470 1480 505 quas
1505 457 1688 501 attulimus,
1708 463 1780 496 cum

394 504 579 544 ostensuma
591 504 685 541 nobis
701 505 765 540 fuit
781 504 986 542 intellectum
1002 511 1036 542 &
1048 505 1251 540 voluntatem
1261 517 1366 553 neque
1389 505 1429 540 ab
1449 509 1557 542 anima
1575 535 1584 549 ,
1603 518 1711 553 neque
1727 509 1780 542 in..
1828 538 1830 540 ,

397 569 447 593 ter
470 555 502 590 se
518 554 682 604 plusquam
710 556 911 603 cogitatione
930 554 1108 604 distingui:
1129 555 1175 589 est
1196 557 1285 590 enim
1310 555 1424 590 eadem
1443 559 1525 592 tatio
1542 555 1726 591 intellectus
1741 554 1782 592 ad
1828 570 1831 594 3¹

394 605 599 642 voluntatem
610 616 701 651 ‚quae
718 603 821 638 sensus
836 603 890 639 vel
907 604 1151 652 imaginationis
1164 604 1203 637 ad
1215 606 1395 652 appetitum
1406 604 1610 640 sentientem.
1772 629 1779 633 -
1832 640 1833 643 ,

429 654 561 691 Deinde
576 655 684 688 omnis
694 652 811 696 sensus,
824 664 860 687 ut
874 651 1107 700 supradiximus
1117 682 1126 696 ,
1136 665 1208 687 cum
1221 655 1365 701 appetitu
1376 654 1519 700 quodam
1540 659 1574 691 δε
1592 655 1625 689 vi
1645 655 1783 692 motrice
1831 679 1833 684 ,

398 704 587 753 conjunctus
602 702 655 738 est.
674 701 773 739 Unde
794 713 830 736 ut
848 701 971 737 sensum
989 702 1152 750 duplicem
1179 704 1343 737 internum
1371 708 1405 739 &
1424 714 1611 747 externum,
1636 701 1657 737 fi
1676 705 1783 738 minus

398 765 433 788 re
445 781 455 796 ‚
474 750 588 787 saltem
602 752 728 786 ratione
742 755 777 787 &
792 748 900 786 officio
919 751 1140 800 distinguimus
1157 765 1164 785 :
1181 750 1220 785 fic
1233 751 1351 798 duplex
1361 753 1407 786 est
1425 754 1586 800 appetitus
1596 781 1604 795 ‚
1619 751 1784 795 naturalis,

402 804 461 850 qui
479 802 675 835 exteriorem
687 830 697 844 ,
712 799 900 837 &animalis
915 829 925 844 ,
940 802 996 848 qui
1014 802 1203 834 interiorem
1221 798 1341 834 sensum
1367 799 1579 848 consequitur.
1602 801 1666 836 Sed
1684 812 1787 849 appea

401 854 478 886 titus
492 849 641 884 naturalis
657 878 666 892 ,
683 862 750 896 quo
765 848 863 884 sensus
877 850 1017 884 exterior
1033 849 1170 898 jucunda
1180 860 1235 883 aut
1253 849 1384 883 molesta
1398 852 1618 885 commotione
1631 847 1788 892 afficitur,

400 900 421 936 a
434 896 600 946 sensuipso
623 911 691 934 non
702 898 908 945 distinguitur
923 912 930 933 :
943 911 1022 946 ergo
1036 910 1095 933 nec
1109 900 1269 946 appetitus
1288 897 1434 932 animalis
1447 899 1620 933 affectuum
1635 896 1723 933 sedes
1744 896 1788 932 ab
1834 905 1836 938 ζ

401 948 468 998 ipsa
482 949 713 996 imaginatione
729 946 898 995 plusquam
914 944 1026 980 officio
1046 951 1080 982 δε
1106 948 1306 994 cogitatione
1323 945 1507 983 secernitur.

436 997 604 1034 Postremo
621 996 731 1031 frustra
748 996 910 1031 videretur
925 993 1025 1030 sensus
1042 995 1062 1030 a
1080 1006 1191 1030 natura
1213 993 1306 1030 nobis
1324 991 1485 1030 concessus
1502 1025 1511 1038 ‚
1523 993 1578 1030 nisi
1597 996 1631 1030 vi
1651 992 1790 1030 metrice

404 1053 438 1085 ὃ(
451 1047 600 1095 appetitu
621 1046 793 1080 donaretur
808 1057 893 1092 ,quo
904 1042 1004 1092 poffer
1012 1056 1084 1090 quae
1095 1043 1154 1078 sibi
1169 1055 1244 1091 apta
1254 1042 1323 1078 sunt
1336 1042 1489 1091 consequi
1503 1074 1513 1087 ,
1542 1055 1594 1078 aut
1613 1046 1793 1092 incongrua

407 1096 567 1143 refugere.
582 1094 682 1129 Unde
696 1106 770 1128 cum
788 1096 819 1128 in
830 1106 897 1128 ovo
909 1091 1013 1140 pullus
1027 1092 1186 1126 formatur
1199 1121 1208 1135 ,
1227 1090 1247 1126 si
1266 1092 1368 1127 altero
1387 1104 1439 1128 aut
1460 1095 1556 1128 tertio
1576 1092 1792 1128 incubationis
1836 1085 1838 1095 ¹

407 1146 460 1179 die
488 1142 652 1177 corculum
661 1146 727 1190 ejus
740 1171 750 1185 ,
766 1141 856 1188 quod
867 1146 931 1190 jam
942 1142 1069 1175 moveri
1084 1143 1197 1188 incipit
1210 1170 1219 1185 ‚
1229 1153 1286 1175 acu
1306 1154 1348 1186 pu
1355 1144 1496 1189 pugeris,
1509 1142 1613 1177 statim
1624 1142 1656 1176 id
1670 1141 1700 1176 se
1715 1153 1794 1176 con·
1836 1137 1837 1143 ¹

409 1193 514 1228 trahet
528 1220 537 1234 ,
554 1191 642 1238 quod
655 1194 702 1225 vis
719 1192 839 1225 motrix
851 1202 922 1225 cum
932 1189 1020 1226 sensu
1038 1187 1172 1223 obscuro
1181 1191 1286 1237 juncta
1300 1189 1335 1226 fit
1352 1192 1454 1225 :adeo
1470 1203 1504 1226 ut
1522 1194 1574 1227 vix
1589 1193 1700 1239 negari
1722 1189 1794 1239 pos.

409 1242 445 1277 sit
459 1271 467 1286 ‚
480 1242 558 1289 quin
568 1240 682 1274 eadem
695 1238 731 1274 stt
745 1241 791 1274 vis
805 1238 943 1274 sentiens
958 1267 966 1281 ‚
985 1249 1141 1286 appetens
1151 1243 1184 1274 ὃ(
1205 1240 1338 1275 morrix,
1349 1241 1438 1275 Nam
1455 1239 1556 1276 sensus
1571 1240 1693 1275 inutilis
1709 1239 1796 1275 foret

409 1293 500 1326 omui
512 1290 660 1338 appetitu
669 1293 701 1326 &
714 1291 746 1323 vi
757 1290 892 1324 morrice
902 1288 1077 1322 destitutus.

461 1341 544 1387 Opp.
565 1337 726 1374 Nonnulli
734 1339 916 1386 appetitum
931 1336 972 1371 ab
989 1337 1221 1384 imaginatione
1234 1364 1244 1378 ,
1262 1349 1327 1370 non
1351 1337 1552 1384 cogitatione
1566 1336 1630 1372 sola
1642 1365 1652 1380 ,
1671 1335 1723 1370 sed
1746 1347 1798 1371 re·
1838 1370 1840 1374 ,

413 1387 479 1437 ipsa
495 1388 662 1435 distingui:
677 1387 765 1434 quod
782 1385 904 1420 diversa
920 1384 956 1419 sit
972 1383 1134 1430 utriusque
1149 1384 1236 1417 acho
1248 1412 1258 1427 ‚
1270 1384 1429 1418 diversum
1446 1384 1609 1433 objec‘tum
1621 1414 1631 1429 ‚
1642 1390 1675 1422 &
1688 1385 1798 1420 distin-
1835 1386 1838 1391 ’

415 1440 467 1474 &a
483 1434 645 1482 utriusque
664 1447 794 1484 organa.
810 1436 1004 1483 Imaginatio
1018 1435 1141 1481 quippe
1158 1431 1342 1480 cognoscit,
1357 1435 1521 1481 appetitus
1548 1446 1640 1469 motu
1653 1433 1800 1481 quodam
1834 1427 1840 1471 ,⁴

414 1486 506 1522 velut
525 1484 668 1532 pondere
691 1486 724 1519 in
738 1495 808 1518 rem
835 1481 1031 1531 propositam
1046 1484 1129 1525 ruit3
1150 1480 1233 1516 illius
1251 1480 1418 1528 objectum
1432 1483 1475 1517 est
1497 1495 1606 1518 verum
1635 1480 1800 1528 sensibile,

416 1537 508 1583 hujus
526 1533 647 1568 bonum
659 1532 700 1566 ab
719 1534 950 1582 imaginatione
971 1542 1170 1580 perceptum.
1192 1531 1325 1565 Accedit
1341 1530 1440 1566 etiam
1456 1560 1466 1574 ,
1484 1533 1571 1579 quod
1592 1531 1803 1580 imaginatio-
1836 1548 1839 1555 ·

417 1587 467 1620 nis
481 1582 569 1618 sedes
579 1584 611 1617 in
624 1594 661 1616 ea
671 1579 706 1616 fit
720 1593 812 1629 parce
826 1580 1037 1628 cerebri,quae
1053 1579 1097 1613 est
1111 1580 1211 1627 princi
1237 1580 1304 1615 ium
1319 1592 1509 1624 nervorum,
1524 1582 1559 1616 in
1569 1593 1665 1629 quarn
1683 1578 1813 1614 scilicet,

417 1635 580 1676 nti-vigam
592 1630 678 1666 fibrae
687 1643 756 1678 quae
769 1629 837 1666 sunt
854 1629 997 1665 sensuum
1016 1641 1147 1677 organa,
1161 1592 1304 1663 desinunt
1316 1647 1324 1673 3
1335 1631 1499 1677 appetitus
1511 1642 1592 1664 veto
1617 1627 1686 1664 insit
1698 1632 1730 1664 in
1744 1639 1804 1677 pe-

419 1683 560 1723 &oi¹e,ac
571 1679 771 1728 potissimum
782 1682 815 1715 in
827 1679 1025 1727 corde,quod
1038 1683 1128 1726 juxta
1139 1675 1355 1712 diversitatem
1367 1677 1540 1714 affectuum
1553 1681 1640 1712 varie
1653 1680 1802 1727 agitatur.

457 1732 546 1777 Κεφ,
563 1731 624 1764 His
638 1735 672 1766 ὃς
692 1729 760 1763 aliis
780 1728 958 1764 rationibus
970 1756 980 1771 ‚
997 1739 1070 1774 quae
1085 1728 1118 1761 in
1140 1739 1238 1760 unum
1259 1726 1453 1776 colliguntur
1470 1756 1479 1771 ‚
1496 1741 1561 1762 non
1588 1727 1673 1770 aliud
1695 1725 1821 1770 effici„

422 1792 519 1826 quam
531 1781 599 1814 vim
620 1779 876 1826 imaginatricem
892 1783 927 1814 &
945 1778 1123 1824 appetitum
1143 1772 1256 1809 officiis
1269 1787 1345 1817 ,aut
1358 1775 1579 1812 funetion-Abus
1593 1778 1675 1811 inter
1693 1774 1723 1810 se
1736 1774 1804 1810 dif-
1840 1815 1842 1817 ¹

423 1830 593 1871 fen-emon
609 1840 642 1862 re
655 1839 727 1871 ‚aut
740 1839 871 1862 natura:
890 1838 925 1860 ut
937 1826 977 1859 de
1000 1824 1210 1860 voluntate&
1224 1824 1392 1860 intellectu
1412 1826 1559 1860 diximus.
1579 1827 1698 1870 Neque
1717 1826 1816 1858 εηὶηιι

423 1891 467 1913 eae
487 1877 654 1912 facultates
667 1875 927 1912 suntaccidentia
946 1875 1094 1922 quaedam
1108 1872 1237 1921 Physica
1257 1872 1298 1906 ab
1314 1876 1422 1907 animi
1452 1873 1601 1914 discreta,
1624 1871 1674 1906 sed
1698 1867 1825 1907 anima?

423 1927 487 1976 ipsa
502 1956 510 1969 ‚
522 1938 591 1973 quae
602 1937 637 1959 ut
654 1938 695 1960 ex
716 1924 880 1960 occasione
894 1936 1067 1971 corporum
1077 1925 1210 1970 percipit
1224 1950 1233 1962 ‚
1258 1923 1445 1968 imaginatio
1460 1922 1593 1963 dicitur-3
1612 1932 1648 1954 ut
1671 1922 1706 1955 in
1735 1912 1815 1955 rem¹

425 1976 466 2011 ab
477 1976 709 2024 imaginatione
728 1985 914 2022 perceptam
930 1975 1043 2009 nititur
1058 2000 1068 2014 ‚
1081 1972 1446 2018 appetitusnominatur.
1465 1971 1550 2005 Cum
1561 1981 1670 2004 autem
1679 1971 1724 2003 rei
1735 1980 1808 2016 gra*

427 2038 466 2060 tae
480 2054 490 2068 ,
506 2015 559 2059 aut
578 2023 715 2058 molestae
729 2023 845 2072 species
863 2019 1030 2071 phantasiae
1045 2020 1245 2066 imprimatur
1258 2046 1265 2055 ,
1280 2031 1377 2066 quam
1393 2019 1497 2053 statim
1522 2018 1661 2065 sequitur
1678 2018 1807 2066 appeti-

428 2086 475 2108 tus
494 2103 503 2117 ‚
528 2073 560 2107 id
577 2071 844 2107 verisimillimum
862 2070 988 2106 videtur
1008 2097 1018 2112 ‚
1034 2078 1140 2115 neque
1151 2069 1330 2114 appetitum
1347 2096 1356 2110 ‚
1374 2079 1480 2114 neque
1500 2069 1567 2102 vim
1585 2068 1754 2102 motricem
1764 2065 1806 2100 ab
1842 2090 1846 2098 ,

427 2122 660 2167 imaginatione
678 2118 738 2156 effe
763 2132 819 2155 aut
831 2132 865 2154 re
882 2117 948 2166 ipsa
960 2147 968 2161 ‚
990 2129 1045 2152 aut
1060 2117 1187 2163 organis
1207 2116 1410 2165 disjunctam.
1434 2119 1521 2151 Nam
1548 2118 1710 2165 appetitus
1723 2143 1733 2158 ‚
1751 2124 1807 2149 aut

427 2173 476 2205 vis
494 2162 613 2205 inotrix
625 2169 671 2204 ibi
693 2169 808 2204 residet
822 2169 928 2212 ,unde
944 2169 1083 2215 primurn
1103 2166 1216 2213 incipit
1231 2178 1356 2201 motus:
1377 2166 1465 2213 quod
1481 2168 1593 2213 utique
1615 2168 1648 2200 in
1671 2161 1806 2198 cerebro

432 2220 631 2255 statuendum
652 2218 695 2253 est
708 2248 718 2262 ‚
728 2232 792 2254 non
803 2221 836 2253 in
847 2220 990 2266 pectore.

470 2269 600 2311 Instant.
617 2271 673 2302 Vis
698 2271 814 2302 motrix
831 2273 864 2304 δε
883 2268 1041 2315 appetitus
1066 2275 1138 2298 toto
1152 2275 1285 2310 corpore
1303 2261 1524 2297 diffiinduntur
1536 2274 1622 2305 ,non
1635 2263 1713 2297 item
1731 2263 1810 2296 ima-¹
1844 2279 1855 2309 j

433 2318 576 2364 guirio:
594 2330 670 2364 ergo
689 2317 734 2351 lite
752 2316 921 2352 facultates
936 2321 969 2352 &
988 2325 1097 2349 natura
1109 2318 1142 2350 δε
1159 2314 1285 2358 orginis
1299 2312 1532 2360 disjunguntur.
1808 2314 1824 2318 ”

461 2365 485 2395 R
491 2368 543 2415 sp
558 2368 748 2415 Appetitum
762 2372 796 2403 δε
809 2368 876 2403 vim
894 2367 1065 2410 motricem
1079 2374 1135 2410 per
1147 2361 1268 2410 spiritus
1287 2360 1440 2396 animales
1457 2360 1519 2395 sese
1539 2359 1632 2395 latius
1653 2356 1810 2394 diffunde·
1850 2350 1857 2391 ².
