1857 2745
292 144 330 190 ῃ
691 129 1262 170 ῘΝΞΤῙἸἼΓΓΥΟΝΕΞ

293 198 383 226 retur
393 196 503 223 aurum
516 184 551 220 in
565 191 680 218 verum
690 186 724 220 δε
737 180 852 219 falsum
864 199 874 227 ·,
893 181 995 219 homo
1005 183 1040 218 in
1054 193 1168 218 verum
1185 186 1220 219 &
1233 181 1358 231 piCtum‘
1373 196 1384 226 ;
1403 180 1459 217 ens
1471 179 1505 218 in
1521 181 1607 219 reale
1626 213 1635 228 ‚
1654 184 1692 221 &i

377 250 420 272 m

297 238 375 322 fietsu
391 280 552 332 llogismus
562 280 832 319 demonstrativus
841 311 852 327 ‚
865 282 925 330 qui
938 291 1004 316 uno
1019 283 1154 319 nomine
1163 280 1280 316 dicitur
1297 279 1553 326 demonstratio,
1564 281 1609 317 est
1628 281 1692 333 syl.⁴

295 300 451 384 logismus
463 334 522 380 qui
534 335 620 379 parit
645 331 822 368 scientiam.

326 384 393 419 Sed
411 381 645 417 demonstratio
654 380 773 431 duplex
790 381 884 416 statui
896 377 979 414 solet
989 407 999 425 ,
1010 392 1076 415 una
1089 391 1221 429 propter
1235 379 1335 426 quid-,1
1342 378 1444 414 altera
1457 381 1592 424 dicitur,
1606 383 1696 429 quia.

291 430 541 472 Demonstratio
551 440 685 480 propter
692 430 774 478 quid
787 443 825 465 ea
839 430 884 464 est
899 457 908 468 ‚
934 431 969 464 in
985 429 1292 477 quademonstratur
1309 427 1446 465 effectus
1459 443 1518 480 per
1531 432 1695 480 propriam

293 482 443 524 causam3
460 484 494 517 &
504 482 664 527 quoniam
678 479 767 514 causa
777 478 919 529 prior-est
931 476 1051 515 effectu
1061 508 1072 523 ‚
1086 480 1207 514 idcirco
1221 488 1358 514 vocatur
1377 479 1443 515 haec
1462 480 1696 517 demonstratio

293 532 317 568 ὲ
329 532 432 579 priori
447 543 455 566 ε
469 540 504 564 ut
517 528 539 564 si
554 528 753 564 demonstres
763 528 892 565 rifivum
907 540 964 578 per
978 527 1155 573 rationale,
1168 528 1232 564 hoc
1243 526 1344 563 modo
1357 540 1366 563 t

451 580 565 615 Omne
577 578 738 614 rationale
754 578 801 613 est
823 576 951 614 risivum
968 593 978 621 3

441 630 564 664 Omnis
583 627 686 663 homo
707 627 754 662 est
771 626 959 663 rationalis;

438 680 480 713 Er
541 679 649 712 omnis
665 677 768 712 homo
783 677 829 711 est
852 675 973 712 rifivus.

340 731 476 765 Demon
507 729 592 761 ratio
602 729 680 773 quia
691 754 701 766 ,
719 738 758 761 ea
767 726 812 761 est
835 728 868 762 in
886 736 949 774 qua
970 724 1207 762 demonstratur
1224 722 1313 760 causa
1331 736 1389 773 per
1400 723 1555 761 effectum
1569 751 1580 768 ,
1603 734 1699 762 cumi

297 790 364 824 que
373 776 507 813 effeetus
518 777 623 811 omnis
635 775 794 824 posterior
802 774 840 812 sit
853 774 907 810 sua
919 772 1009 809 causa
1022 805 1032 819 ‚
1044 776 1165 810 idcirco
1177 773 1412 809 demonstratio
1436 784 1571 811 vocatur
1593 772 1613 811 ὲ
1635 787 1698 825 po-

298 826 432 862 steriore
447 836 500 863 :ut
515 824 536 860 si
554 824 754 861 demonstres
764 823 924 860 rationale
964 836 998 858 er
1013 823 1143 860 rifivurn
1153 823 1216 859 hoc
1230 823 1346 860 modo.

466 876 580 910 Omne
605 872 735 909 rismum
752 874 796 909 est
815 876 942 908 rationa
956 884 995 908 e:

465 925 586 958 Omnis
607 922 709 959 homo
737 923 783 956 est
799 921 938 958 rifivus:·

470 975 554 1020 Ergo
568 974 676 1007 omnis
691 971 794 1007 homo
810 971 854 1006 est
874 969 1055 1007 rationalis.

339 1019 551 1070 Syllogismus
562 1022 720 1066 Topicu5‚
733 1021 791 1066 qui
801 1031 936 1054 vocatur
944 1018 1123 1065 aliquando
1133 1018 1334 1068 syllogismus
1347 1020 1546 1057 Dialefflcus
1561 1047 1571 1063 ‚
1583 1025 1618 1057 &⁶
1630 1032 1698 1054 uno

300 1070 406 1107 verbo
420 1069 582 1118 opiniatio
595 1096 605 1111 ‚
619 1068 663 1103 est
677 1066 876 1116 syllogismus
903 1067 1047 1102 constans
1065 1066 1311 1114 probabilibus,
1331 1069 1386 1105 vel
1408 1066 1610 1118 syllogismus
1638 1072 1697 1116 qui

305 1122 501 1167 opinionem
515 1128 644 1153 tantum
658 1114 768 1152 efficit.
791 1118 858 1152 Hic
877 1127 987 1151 autern
1012 1115 1132 1163 duplex
1148 1116 1298 1166 distingui
1317 1119 1440 1168 potest,
1464 1130 1546 1153 unus
1573 1120 1606 1153 in
1628 1129 1698 1164 quo

302 1167 408 1203 ambae
421 1165 585 1217 praemiffae.
595 1166 666 1202 sunt
681 1164 871 1215 probabiles
883 1194 892 1209 ‚
906 1164 986 1200 alter
1001 1167 1034 1201 in
1050 1177 1118 1213 quo
1130 1167 1356 1213 praemiffarum
1367 1180 1432 1204 una
1446 1169 1491 1204 est
1499 1164 1700 1216 probabilis⁵

304 1217 409 1252 altera
425 1214 616 1259 neceffaria,
636 1227 673 1250 ut
690 1227 783 1264 patet
798 1228 836 1250 ex
855 1213 1065 1262 sequentibus
1077 1215 1243 1263 exemplis.

475 1266 579 1311 Qod
597 1264 802 1314 voluptatem
813 1263 908 1300 affert
918 1294 929 1309 ,
942 1277 1010 1300 non
1025 1265 1067 1299 est
1077 1266 1355 1302 contemnendum
1374 1279 1382 1301 :

472 1317 605 1352 Divitiae
631 1315 841 1364 voluptatem
866 1312 1034 1350 afferunt:

473 1367 557 1414 E1go
578 1378 646 1400 non
662 1363 732 1400 sunt
753 1364 1009 1400 contemnendae.

526 1416 648 1449 Omnis
669 1414 771 1449 homo
789 1414 833 1449 est
848 1412 1045 1449 rationalis:;

524 1464 657 1510 Satyrus
675 1464 718 1498 est
740 1463 841 1498 homo
859 1477 868 1498 :

522 1514 607 1560 Ergo
628 1510 750 1560 satyrus
771 1514 816 1547 est
837 1511 1016 1548 rationalis.

339 1559 551 1610 Syllogismus
574 1560 770 1609 Sophisticus
784 1590 794 1605 ‚
807 1563 933 1608 quique
946 1573 1014 1595 uno
1028 1562 1163 1595 nomine
1175 1558 1333 1608 sopliifina
1346 1560 1464 1595 dicitur
1473 1589 1483 1604 ‚
1499 1561 1544 1597 est
1556 1559 1701 1610 syllogis-

304 1622 375 1645 mus
385 1613 440 1658 qui
457 1623 495 1644 ex
515 1609 612 1650 falfis,
630 1609 734 1658 specie
742 1611 876 1658 quidem
889 1612 973 1645 veris
984 1612 1211 1658 componitur,
1236 1609 1290 1643 vel
1308 1608 1504 1658 syllogismus
1520 1614 1577 1657 qui
1592 1613 1699 1659 gignit

305 1672 449 1694 errorem
461 1673 472 1694 t
489 1658 542 1694 secl
552 1660 605 1694 hic
618 1671 752 1707 quoque
765 1659 884 1708 duplex
895 1671 998 1703 ‚unus
1016 1661 1075 1705 qui
1094 1659 1212 1691 dicitur
1232 1656 1494 1705 pseudographus
1504 1686 1514 1701 ‚
1535 1657 1588 1693 seu
1604 1650 1699 1706 para-

304 1708 456 1756 logismus
468 1725 477 1751 3
488 1707 572 1743 alter
584 1710 641 1755 qui
660 1707 787 1744 servato
797 1711 928 1759 generis
939 1709 1075 1743 nomine
1088 1707 1205 1740 dicitur
1223 1705 1418 1753 sophisticus.
1609 1733 1614 1738 .

338 1757 605 1806 pseudographus
617 1785 627 1799 ‚
640 1755 693 1792 seu
706 1757 935 1806 paralogismus
948 1759 975 1791 is
988 1756 1049 1800 est,
1059 1758 1116 1803 qui
1129 1756 1286 1789 mentitur
1300 1754 1623 1799 demonstrationem,
1633 1754 1698 1790 five

302 1812 387 1854 cujiis
397 1805 636 1855 propositiones
649 1809 754 1854 prima
767 1807 879 1843 fronte
891 1818 959 1843 non
973 1804 1075 1841 solum
1088 1805 1247 1840 videntur.
1258 1815 1340 1840 vetae
1351 1803 1429 1849 ²secl
1440 1806 1540 1840 etiam
1557 1803 1697 1841 neceffii-

303 1857 357 1890 εἰει
370 1884 381 1901 ‚
398 1868 471 1891 cum
492 1867 603 1891 tamen
613 1853 673 1891 fint
689 1855 772 1891 falsae
786 1886 795 1900 ‚
807 1869 850 1891 ut*

469 1905 573 1952 Qod
590 1905 751 1952 estvmagis
764 1905 930 1946 naturale,
946 1904 984 1937 id
994 1902 1111 1938 melius
1124 1916 1258 1952 quoque
1269 1903 1394 1939 existit:

471 1954 538 1990 Sed
552 1955 797 1989 matrimonium
806 1951 968 1987 coelibatu
982 1953 1026 1987 est
1043 1955 1143 2002 magis
1163 1953 1309 1989 naturale
1324 1967 1332 1989 ε

469 2006 554 2053 Ergo
572 2008 608 2040 δε
628 2002 757 2039 melius.

334 2052 531 2102 Sophisticus
551 2050 718 2101 speciatim
738 2054 763 2086 is
785 2051 828 2086 est
841 2053 897 2099 qui
915 2054 1072 2087 mentitur
1089 2053 1336 2101 opinationem3
1362 2052 1426 2089 sive
1443 2058 1528 2103 cujus
1554 2052 1701 2103 proposi.

307 2104 415 2138 tiones
437 2112 596 2152 apparent
611 2100 824 2150 probabiles,
838 2113 912 2136 cum
935 2113 1044 2136 tamen
1064 2100 1122 2136 fint
1141 2106 1277 2140 omnino
1291 2102 1392 2143 falfie,
1414 2114 1453 2138 ut

475 2151 579 2199 Q0d
597 2149 754 2197 probatur
778 2149 926 2199 pluribus
940 2180 951 2194 ,
963 2152 1049 2185 idem
1070 2151 1112 2185 est
1127 2150 1262 2197 melius;

469 2200 535 2235 Sed
554 2199 668 2235 fallere
693 2202 727 2235 in
752 2211 931 2235 mercatura
946 2199 1102 2248 probatur
1117 2199 1262 2248 pluribus
1282 2221 1293 2248 3

472 2252 557 2298 Ergo
579 2250 613 2285 id
631 2249 748 2289 melius
770 2261 904 2299 quoque
918 2249 963 2284 est
973 2250 1192 2299 judicandum.

1509 2452 1699 2492 CAPUT
