1857 2745
394 131 456 166 266
829 119 1317 158 1>H1LOSOPH1A

395 174 552 217 occisum,
583 173 608 209 is
627 184 696 209 non
710 169 851 206 multum
864 181 906 204 eo
933 172 1047 206 nuntio
1061 166 1224 207 afficietur
1244 185 1252 207 :
1279 183 1313 208 at
1326 167 1347 205 fi
1362 168 1443 206 alius
1458 168 1605 219 subjiciat
1616 200 1629 216 ‚
1657 171 1793 210 domum

396 222 557 260 incensam
569 245 580 264 ,
596 232 653 256 aut
664 220 836 257 hominem
858 221 1096 269 interemptum
1110 220 1151 255 ad
1164 233 1240 257 eum
1255 222 1423 270 pertinere
1432 249 1444 265 ,
1468 232 1537 257 tum
1546 220 1620 259 sane
1631 224 1657 260 is
1667 224 1795 274 (μί-αα.

394 274 446 308 dit
455 300 465 318 ‚
479 283 548 307 rem
564 270 653 307 suam
662 273 717 321 agi
734 269 909 320 intelligit,
933 274 969 307 &
985 281 1106 320 magna.
1118 267 1254 308 afficitur
1274 270 1414 307 tristitia.
1788 266 1796 270 “

870 352 966 402 QU
983 356 1021 389 AE
1043 356 1065 389 s
1086 354 1117 389 T
1143 355 1159 388 1
1184 355 1220 390 0
1266 356 1322 390 11.

499 437 661 488 Qomodo
672 434 723 474 M
724 447 777 473 ens
788 435 828 473 ἀ
839 435 1003 473 Voluntas
1009 437 1075 485 fist
1097 445 1205 472 mutuo
1221 433 1269 471 ad
1281 435 1443 487 agendum
1459 435 1681 474 determinent.

393 519 552 608 CUm
565 532 693 571 magnae
708 519 914 558 &involutae
928 518 1107 555 admodum
1120 519 1312 567 quaestiones
1333 520 1418 554 circa
1436 517 1622 555 libertatem
1638 524 1674 557 δε
1693 518 1798 556 aetio:
1835 557 1837 559 ,

482 582 537 606 nes
552 570 710 607 humanas
721 583 761 606 ex
772 581 885 605 mutua
893 568 1080 605 intellectfis
1092 574 1127 606 δε
1137 568 1312 604 voluntatis
1320 570 1526 604 connexione
1535 568 1798 618 pendeant,ope-

395 631 438 655 rae
446 622 588 669 pretium
601 620 717 657 facturi
736 619 859 664 sumus,
882 617 904 655 fi
920 632 993 654 rem
1007 631 1140 655 omnem
1153 617 1250 667 paulo
1267 615 1456 668 diligentius
1469 618 1714 667 pertractemus.
1727 622 1798 656 An.
1840 619 1857 649 s

394 680 429 704 te
436 671 548 706 omnia
557 681 631 718 quae
641 667 742 720 vulgo
757 679 891 720 recepta
901 669 1018 706 suntin
1031 666 1159 704 Scholis
1171 697 1182 714 ,
1207 678 1278 705 tum
1298 680 1368 717 quae
1387 668 1569 717 adjicienda
1587 666 1684 703 nobis
1702 669 1797 706 vide.

396 717 520 755 buntur
535 747 546 763 ,
572 731 802 780 proponemus

431 769 480 804 Ac
490 771 633 817 primurn
642 768 719 805 illud
729 769 825 805 fateri
838 766 962 805 necesse
977 767 1021 804 est
1033 796 1044 812 ‚
1064 766 1153 816 quod
1163 766 1186 803 fi
1206 767 1337 816 proprie
1348 770 1382 802 ὃς
1393 767 1434 803 ad
1447 767 1557 815 legem
1577 767 1725 804 veritatis
1749 766 1799 803 lo·

394 819 454 866 qui
473 817 645 863 volumus,
662 831 723 855 nec
737 819 921 855 intellectus
932 817 1161 860 voluntatem,
1180 829 1241 853 nec
1262 814 1399 851 viciffim
1422 817 1572 852 voluntas
1592 815 1797 852 intelleehxm

394 879 539 903 moveat.
552 870 635 905 Non
644 869 733 904 enim
747 867 818 904 sunt
836 869 909 903 duae
920 880 971 902 res
984 896 995 912 ‚
1022 879 1095 914 quae
1118 877 1274 913 tanquam
1290 864 1353 899 duo
1366 865 1460 914 globi
1481 868 1643 912 impetum
1664 865 1798 901 aliunde

393 927 567 965 acceptum
576 916 635 952 fibi
650 920 794 954 invicem
805 919 1065 952 communicent.
1077 915 1241 950 sedidem
1254 913 1298 947 est
1310 915 1437 949 animus
1450 943 1461 958 ,
1489 916 1546 962 qui
1565 925 1601 949 ut
1623 925 1695 949 tem
1710 915 1798 951 nude

394 963 623 1015 &simpliciter
636 968 775 1015 percipit
784 995 794 1011 ,
811 965 1014 1009 intelle6ms3
1029 966 1111 1000 utin
1122 975 1205 1007 eam,
1219 974 1377 1009 tanquam
1395 965 1428 998 in
1444 962 1568 999 bonam
1586 967 1622 1000 &
1631 961 1691 999 fibi
1704 975 1799 999 com-

396 1015 531 1049 modam
550 1015 651 1051 fertur
663 1044 674 1059 ‚
690 1015 843 1051 voluntas
865 1025 920 1050 aut
937 1014 1102 1063 appetitus
1118 1015 1315 1048 nominatur.
1345 1013 1434 1047 Cum
1451 1024 1562 1048 autem
1583 1012 1668 1048 nihil
1683 1014 1798 1062 appeti
1847 1036 1855 1049 -.

396 1062 511 1110 poffit,
527 1075 582 1099 aut
598 1067 698 1099 amari
709 1093 720 1107 ,
735 1064 792 1099 nisi
805 1065 892 1098 idem
909 1061 945 1098 fit
961 1063 1129 1110 cognitum
1143 1074 1153 1096 ε
1177 1062 1254 1096 hinc
1275 1060 1313 1094 fit
1334 1072 1370 1095 ut
1383 1061 1589 1097 voluntatem
1603 1060 1645 1096 ab
1661 1062 1799 1098 intelle-

396 1112 454 1147 stu
467 1115 611 1155 moveri,
623 1123 680 1147 aut
688 1114 793 1160 potius
804 1113 1013 1146 determinari
1026 1122 1141 1146 omnes
1156 1108 1345 1157 Philosophi
1358 1108 1522 1145 fateantur
1544 1124 1553 1146 ε
1578 1110 1664 1145 adeo
1681 1122 1720 1146 ut
1732 1124 1796 1147 vo..

398 1160 502 1195 luntas
514 1160 598 1195 nihil
610 1172 706 1209 agere
719 1189 729 1205 ,
747 1160 829 1196 nihil
846 1159 955 1196 moliri
973 1158 1088 1207 poffit‚
1104 1157 1159 1194 nifi
1178 1158 1285 1194 facem
1298 1158 1452 1207 ptaeferat
1463 1159 1661 1196 intelle&us.
1694 1160 1798 1197 Unde

397 1221 546 1244 amentes
559 1215 593 1246 &
605 1210 746 1246 infantes
757 1208 872 1258 sponte
883 1208 1018 1256 quidem
1026 1219 1128 1257 agunt
1140 1236 1150 1251 ‚
1161 1220 1228 1243 non
1238 1220 1279 1243 ex
1291 1207 1459 1243 voluntate
1471 1223 1479 1244 :
1496 1207 1585 1256 quod
1602 1211 1642 1246 iis
1652 1209 1731 1246 defit
1742 1222 1800 1246 co-

397 1260 503 1307 gnitio
517 1270 593 1302 ,aut
603 1261 736 1294 rationis
750 1259 831 1295 usus.
849 1261 962 1306 Itaque
974 1270 1041 1294 non
1051 1256 1153 1293 modo
1163 1257 1204 1291 ad
1223 1258 1413 1293 exercitium
1429 1257 1524 1293 ael-sis
1536 1287 1546 1301 ‚
1571 1258 1635 1294 hoc
1659 1259 1726 1303 est,
1753 1259 1798 1295 ad

397 1307 563 1357 agendum
573 1308 629 1344 vel
639 1321 708 1344 non
721 1308 883 1359 agendum
893 1335 903 1351 ,
926 1305 980 1342 sed
997 1308 1100 1342 etiam
1115 1307 1155 1341 ad
1166 1305 1187 1341 s
1203 1308 1308 1342 eciem
1320 1306 1411 1342 aetas
1429 1319 1520 1343 mens
1534 1307 1742 1344 voluntatem
1750 1310 1798 1345 ita

396 1357 595 1393 determinat
606 1385 615 1401 ,
631 1357 698 1392 utfi
708 1369 777 1395 rem
787 1357 952 1392 voluntati
965 1367 1129 1405 proponat
1139 1367 1173 1391 ut
1208 1368 1322 1398 onam,
1339 1361 1373 1393 &
1385 1358 1465 1390 citra
1478 1356 1574 1392 ullius
1592 1357 1672 1393 mali
1692 1359 1799 1394 admi,-

398 1406 556 1451 stionem,
570 1406 719 1443 voluntas
730 1420 802 1442 eam
815 1420 883 1443 non
898 1418 1007 1441 amare
1024 1419 1092 1441 non
1107 1404 1203 1454 poffit
1222 1422 1232 1450 ς
1252 1403 1274 1439 fi
1289 1416 1324 1439 ut
1340 1405 1461 1441 malam
1480 1417 1609 1441 tanturn
1620 1435 1630 1450 ‚
1651 1411 1686 1443 δε
1707 1407 1798 1442 nulla

396 1467 438 1490 ex
448 1467 538 1502 parte
548 1455 671 1490 bonam
682 1484 692 1498 ‚
710 1456 792 1491 hanc
804 1456 956 1492 voluntas
965 1482 976 1497 ,
994 1466 1029 1489 ut
1038 1454 1119 1489 alibi
1130 1455 1268 1489 diximus
1279 1481 1289 1496 ‚
1299 1456 1434 1489 omnino
1445 1453 1581 1503 respuat.
1600 1455 1688 1491 Cum
1704 1458 1797 1492 enim

395 1515 477 1587 paeca
491 1503 547 1547 fit,
563 1503 696 1552 seipsam
716 1516 830 1553 regere
845 1516 912 1541 non
932 1502 1040 1552 potest
1055 1531 1067 1548 ,
1099 1502 1153 1539 sed
1165 1501 1356 1538 intellectus
1376 1501 1485 1539 lucem
1508 1502 1658 1552 sequatur
1685 1503 1799 1542 neces-

411 1564 429 1587 e
454 1552 515 1588 est.

426 1601 489 1636 Ista
498 1601 632 1650 quidem
641 1614 759 1652 magna
769 1615 806 1638 ex
817 1612 910 1651 parte
917 1614 996 1638 vera
1004 1599 1066 1637 effe
1075 1600 1216 1638 arbitror
1231 1613 1240 1638 ε
1256 1602 1309 1638 sed
1318 1615 1437 1639 vereor
1451 1614 1495 1639 ne
1508 1604 1594 1639 ratio
1608 1615 1681 1652 quae
1699 1602 1800 1639 affer.-

397 1660 449 1686 tur
459 1680 469 1694 ,
486 1663 557 1687 tem
579 1651 652 1686 satis
664 1664 811 1700 apertam
819 1652 970 1688 involvat
978 1654 1082 1701 magis
1092 1680 1103 1696 ,
1115 1650 1216 1700 quam
1227 1653 1377 1701 explicet.
1393 1655 1482 1690 Nam
1493 1651 1514 1688 fi
1525 1652 1677 1689 voluntas
1690 1655 1741 1688 vis
1751 1652 1797 1688 est

396 1701 541 1748 quaedam
562 1699 604 1736 ab
622 1700 793 1737 mtelleetu
808 1702 956 1739 distincta
970 1730 980 1745 ‚
996 1701 1106 1737 frustra
1127 1700 1184 1736 ille
1201 1713 1316 1736 caecam
1335 1702 1465 1737 irradiat
1478 1730 1488 1746 ‚
1504 1715 1556 1737 aui
1582 1702 1706 1738 surdam
1720 1716 1797 1738 mo-

395 1760 463 1785 net.
480 1751 640 1786 Praeterea
651 1752 840 1798 ‚quomodo
854 1752 1004 1788 voluntas
1015 1749 1218 1786 intellectum
1233 1749 1291 1786 fibi
1301 1750 1524 1787 consulentem
1533 1752 1635 1794 audit,
1646 1763 1702 1787 aut
1711 1763 1798 1799 quo-

398 1799 500 1834 modo
511 1812 549 1834 ea
558 1799 738 1845 consentit,
759 1801 813 1836 vel
830 1801 861 1836 se
869 1802 909 1836 ad
923 1801 1084 1850 agendum
1100 1800 1261 1849 applicat,
1281 1805 1316 1838 &
1333 1799 1484 1849 subjeffis
1501 1800 1625 1835 viribus
1642 1802 1796 1849 imperat?

395 1850 477 1884 Non
496 1850 600 1897 potest
612 1851 700 1884 enim
719 1850 867 1886 voluntas
883 1849 925 1885 ab
944 1849 1078 1898 objecto
1099 1851 1227 1885 moveri
1243 1878 1252 1893 ‚
1274 1861 1331 1884 aut
1346 1849 1458 1890 allici,
1480 1849 1538 1885 nifi
1559 1849 1641 1883 illud
1662 1848 1797 1897 praesens

396 1897 452 1946 ipsa
461 1897 652 1933 exhibeatur
668 1916 677 1942 3
692 1898 755 1934 hoc
764 1911 872 1935 autem
884 1899 952 1935 fieri
965 1898 1142 1946 nequitnifi
1155 1910 1213 1946 per
1223 1900 1399 1945 imaginem
1410 1897 1503 1945 ipfius
1513 1897 1636 1944 objecti
1648 1913 1655 1933 :
1670 1897 1722 1933 sed
1733 1911 1797 1932 vo-
1815 1912 1823 1920 ·

396 1946 500 1982 luntas
517 1948 560 1982 est
575 1947 707 1982 facultas
726 1951 832 1984 omnis
848 1962 962 1997 expers
975 1949 1173 1995 cognitionis
1187 1961 1196 1982 ε
1213 1945 1270 1992 qu'i
1284 1948 1382 1994 igitur
1399 1946 1467 1981 fieri
1484 1948 1606 1995 poterit
1617 1959 1653 1982 ut
1669 1947 1794 1997 objeffl

397 1995 441 2031 sui
453 1999 627 2046 imaginem
637 2000 813 2047 percipiat,
833 2009 888 2033 aut
899 2010 998 2033 unum
1009 2008 1073 2044 prae
1089 1995 1155 2031 alio
1174 1993 1296 2044 eligat?
1321 2008 1397 2031 nam
1412 1995 1465 2031 lux
1486 2008 1573 2032 caeco
1587 1995 1702 2032 frustra
1718 2009 1796 2047 por.

394 2048 519 2094 rigitur.
708 2064 712 2067 ·

431 2093 622 2142 Responderi
632 2093 732 2143 vulgo
742 2093 834 2139 solet,
853 2096 909 2132 has
922 2098 1008 2131 vires
1026 2097 1059 2131 in
1070 2095 1189 2130 eodem
1201 2094 1313 2129 animo
1327 2093 1431 2130 infitas
1450 2092 1523 2137 effe,
1532 2104 1631 2142 atque
1638 2105 1675 2130 ut
1689 2096 1794 2139 aiunt,

395 2144 552 2187 radicari,
570 2148 604 2180 δε
616 2155 741 2178 tantam
754 2142 815 2178 effe
829 2148 912 2180 inter
925 2158 977 2179 eas
992 2143 1233 2181 consensionem
1246 2172 1256 2187 ,
1279 2155 1334 2179 aut
1355 2143 1590 2193 sympathiam,
1620 2155 1656 2179 ut
1673 2157 1734 2179 una
1747 2144 1791 2179 ab

395 2193 498 2228 altera
510 2196 641 2228 excitari
651 2205 706 2228 aut
720 2193 931 2230 determinari
943 2194 1038 2244 poffit
1050 2225 1058 2239 ‚
1070 2195 1218 2243 quamvis
1235 2192 1316 2228 nihil
1333 2205 1371 2228 ea
1388 2195 1547 2242 percipiat
1562 2207 1570 2229 ε
1591 2193 1660 2229 fere
1669 2204 1793 2228 utocu-

398 2241 421 2276 li
437 2243 556 2290 pedum
566 2240 716 2277 incessum
726 2255 860 2293 regunt,
873 2242 998 2280 tametfi
1010 2245 1108 2294 pedes
1123 2242 1207 2280 nihil
1218 2244 1350 2280 vident:
1369 2242 1466 2283 solus,
1482 2245 1654 2291 inquiunt,
1672 2243 1791 2278 modus

399 2290 554 2336 loquendi
570 2295 737 2341 negotium
754 2292 850 2328 nobis
865 2292 1004 2331 faceffit.

435 2340 561 2376 Vexfun
578 2353 684 2388 neque
695 2342 763 2377 haec
777 2343 940 2379 consensio
950 2348 1036 2380 inter
1049 2341 1221 2379 facultates
1233 2373 1242 2386 ‚
1257 2341 1311 2376 vel
1323 2353 1359 2376 ut
1371 2341 1548 2389 loquuntur
1559 2371 1568 2385 ‚
1590 2340 1784 2390 sympathia,

398 2400 503 2436 neque
518 2391 551 2425 id
571 2392 662 2439 quod
683 2390 817 2428 affertur
836 2393 1040 2443 exemplum,
1065 2391 1288 2429 difficultatem
1312 2393 1452 2437 minuit,
1475 2390 1529 2426 sed
1553 2402 1650 2440 auget
1672 2391 1788 2439 magis.

1855 1494 1857 1504 t
