1857 2745
328 154 380 195 15⁷-
752 131 1220 174 TRACTATUS

366 192 479 229 Tertia
489 188 688 223 relationum
696 187 876 235 proprietas
892 184 959 220 haec
972 185 1020 220 est
1031 213 1041 229 ,
1066 187 1157 235 quod
1181 186 1253 222 sunt
1267 186 1455 236 reciprocae‚
1472 198 1539 222 non
1554 187 1589 224 in
1611 189 1725 235 reato,

327 242 381 280 sed
400 243 431 275 in
445 238 583 285 obliquo
599 234 688 272 casm
711 246 747 271 ut
764 247 854 285 pater
872 234 920 270 est
938 233 996 270 filii
1015 247 1126 285 pater,
1146 248 1183 271 ac
1199 235 1346 273 viciffim.
1359 238 1442 286 Qo
1451 247 1562 274 autern
1571 237 1625 273 illa
1635 241 1724 276 redte

329 291 385 327 fiat
400 289 613 337 reciprocatio
623 316 633 331 ,
650 286 908 334 unumquodque
921 285 962 319 ad
978 287 1144 335 proprium
1154 286 1350 322 correlatum
1360 287 1408 321 est
1429 285 1636 324 referendum
1657 307 1667 334 3
1687 301 1726 324 ae

330 339 351 376 sl
366 336 467 373 desint
486 339 620 373 nomina
635 366 645 381 ,
671 349 709 372 ex
727 335 897 371 Aristotele
912 333 989 383 fingi
1003 335 1138 372 debent.
1173 337 1227 371 Sic
1241 336 1291 371 ala
1306 350 1371 372 non
1398 336 1445 370 est
1472 339 1637 386 reciproca
1650 351 1733 374 cum

329 401 390 424 ave
403 417 412 432 ,
437 385 489 422 sed
502 400 574 422 curn
594 385 693 423 alato,
715 389 753 422 Et
774 386 909 435 quidem
922 396 1016 435 pater
1027 385 1115 422 male
1136 387 1350 435 reciprocatur
1373 397 1446 421 cum
1465 385 1532 422 filio
1548 405 1558 431 3
1584 386 1636 423 sed
1651 400 1734 424 cum-

331 438 443 488 prole,
461 434 676 486 cujuscunque
703 434 739 471 sit
763 435 863 471 sexus.

368 488 496 536 inrta
515 485 681 521 relationis
694 488 884 536 categoricae
895 487 1074 536 proprietas
1089 488 1124 523 in
1140 497 1181 522 eo
1195 487 1296 537 polita
1312 487 1357 522 est
1367 515 1378 532 ‚
1397 496 1435 520 ut
1443 483 1546 521 relata
1559 486 1619 523 {int
1638 484 1735 522 simul

331 548 455 574 natura.

374 586 548 636 Qnta‚ut
562 583 651 622 simul
662 586 721 621 sint
733 588 922 635 cognitione
937 590 972 622 &
991 584 1297 624 definitione.Unde
1314 598 1381 621 uno
1398 583 1502 635 pofito
1518 595 1576 618 aut
1583 583 1710 620 sublato
1720 614 1740 631 ,,

334 634 473 671 alterum
487 648 621 683 quoque
636 639 789 685 ponitur,
805 648 860 672 aut
885 635 1009 671 tollitur
1025 653 1035 680 3
1054 649 1156 672 unum
1173 639 1274 671 etiarn
1295 647 1352 685 per
1371 635 1509 671 alterum
1527 633 1732 683 cognoscitur

334 684 548 726 &definitur-3
567 697 602 720 ut
619 684 796 735 geniisepcr
810 686 970 735 speciem,
991 691 1026 723 &
1042 686 1162 735 species
1177 698 1235 737 pet
1260 697 1384 736 genus,
1404 687 1452 723 uti
1475 682 1566 733 supra
1582 684 1733 735 diximus:

336 736 384 775 Ac
400 734 440 770 de
463 734 625 772 relatione
642 735 715 772 satis
737 735 853 772 multa,

785 819 1154 867 QUAEsrio
1194 821 1238 855 v.

731 902 789 935 De
797 901 860 947 sex
883 900 1009 937 ultimis
1033 901 1304 952 pradicamentis..

395 986 438 1021 Ex
453 983 568 1020 ultima
583 982 830 1031 praedicamenta
841 981 1026 1018 summatim
1041 983 1261 1028 decurremus,
1282 981 1377 1030 quod
1384 994 1450 1019 non
1464 993 1589 1031 magnae
1603 979 1663 1017 sint
1672 981 1742 1016 ntia

399 1034 494 1068 litatis
505 1061 515 1076 ‚
539 1038 572 1069 &
590 1031 612 1066 si
626 1032 706 1078 quid
719 1031 843 1066 habent
855 1031 1042 1078 quaestionis
1052 1060 1062 1075 ,
1078 1033 1119 1067 ad
1133 1031 1302 1081 Physicarn
1313 1036 1346 1067 ὃς
1361 1030 1619 1080 Metaphyficam
1632 1032 1736 1078 perti·-

341 1095 415 1119 net:
433 1095 499 1117 non
514 1082 601 1115 enim
619 1078 769 1114 hocloco
781 1078 941 1127 poffumus
952 1091 1099 1115 accurate
1117 1081 1299 1129 expendere
1317 1092 1391 1127 quae
1411 1082 1493 1115 circa
1513 1081 1679 1116 actionem
1701 1084 1742 1116 δε

340 1129 534 1180 passionem,
545 1140 670 1176 tempus
684 1128 839 1164 &locum
855 1130 983 1163 moveri
1000 1127 1104 1164 solent
1121 1130 1325 1177 quaestiones.
1339 1130 1372 1164 Id
1389 1142 1489 1165 unum
1502 1130 1535 1165 in
1551 1128 1745 1165 universum

343 1177 502 1216 monuisse
518 1178 591 1213 satis
603 1177 704 1212 fuerit
718 1206 727 1221 ‚
746 1176 814 1212 haec
833 1178 1082 1225 praedicamenta
1096 1192 1164 1215 non
1175 1178 1237 1214 else
1249 1179 1431 1214 accidentia
1444 1177 1574 1228 physica
1588 1207 1598 1222 ‚
1611 1189 1667 1214 aut
1677 1191 1740 1214 no.

343 1242 398 1266 vas
409 1230 562 1264 entitates
584 1227 603 1263 a
616 1225 713 1261 rebus
728 1226 797 1275 ipsis
809 1227 972 1262 distinctas
982 1256 991 1270 ,
1005 1239 1082 1275 quas
1102 1229 1218 1263 modos
1234 1227 1400 1276 appellant
1414 1244 1423 1273 ;
1445 1241 1519 1263 cum
1534 1227 1597 1263 illae
1618 1230 1739 1263 entita-

346 1292 392 1314 tes
413 1278 583 1313 videantur
601 1275 725 1325 prorsus
743 1275 872 1311 inutiles
885 1305 894 1319 ,
916 1287 1034 1322 atque,
1047 1288 1083 1312 ut
1099 1277 1237 1313 diximus
1257 1277 1297 1312 de
1311 1277 1470 1312 relatione
1481 1307 1491 1321 ,
1508 1277 1597 1313 nulla
1617 1280 1740 1313 mentis

343 1330 523 1376 agitatione
537 1323 906 1374 comprehendipoffint.
928 1328 1042 1373 Itaque
1056 1326 1153 1361 facile
1169 1325 1373 1362 affentiemur
1395 1329 1485 1362 Divo
1507 1327 1665 1372 Thomae,
1682 1328 1746 1375 qui⁴

345 1377 453 1425 opusc.
471 1380 523 1421 48.
547 1388 616 1423 cap.
628 1389 653 1420 ς.
667 1375 766 1409 docet
777 1373 967 1410 divisionem
985 1377 1066 1411 entis
1084 1377 1116 1410 in
1133 1376 1248 1411 decem
1266 1376 1514 1424 praedicamenta
1526 1373 1589 1410 esse
1609 1377 1662 1412 vel
1687 1378 1740 1412 di.-

345 1426 502 1462 visionem
514 1428 547 1460 in
560 1437 609 1458 res
620 1422 758 1459 diversas
771 1423 941 1459 intrinsece
953 1429 987 1460 δέ
996 1424 1125 1459 realiter
1137 1440 1146 1460 τ
1160 1424 1334 1474 cujusmodi
1349 1422 1422 1459 sunt
1433 1423 1602 1459 substantia
1613 1453 1623 1468 ‚
1633 1437 1740 1472 quan..

346 1478 423 1510 titas
441 1481 474 1511 ὃ(
493 1474 632 1521 qualitas
653 1490 662 1515 3
680 1472 733 1507 vel
750 1474 783 1508 in
791 1472 929 1507 diversas
942 1485 990 1506 res
1002 1472 1178 1508 extrinsece
1190 1503 1200 1517 ,
1213 1486 1370 1521 quatenus
1389 1486 1488 1510 unum
1499 1485 1658 1510 connotat
1668 1486 1741 1510 rem

345 1523 503 1559 diversam
518 1522 559 1556 ab
575 1533 614 1555 ea
629 1550 640 1564 ‚
664 1520 765 1568 quarn
784 1521 868 1555 aliud
888 1521 1175 1569 praedicamentum
1198 1533 1367 1559 connotat.
1678 1562 1690 1570 ⁴

380 1575 432 1608 Sic
453 1573 540 1607 actio
555 1571 598 1605 est
611 1582 710 1620 agens
723 1599 732 1614 ,
751 1581 910 1617 quatenus
931 1582 1090 1606 connotat
1110 1569 1273 1608 effe-&um
1312 1571 1347 1603 V
1347 1570 1378 1606 bi
1400 1571 1444 1606 est
1474 1583 1523 1606 res
1542 1584 1614 1619 quae
1631 1571 1746 1608 locum

346 1632 502 1658 connotat
513 1650 522 1663 ,
541 1625 574 1657 &
593 1622 637 1654 ita
657 1620 697 1654 de
712 1619 861 1667 reliquis:
877 1619 960 1653 adeo
975 1632 1013 1655 ut
1029 1620 1108 1656 nihil
1121 1634 1200 1670 opus
1214 1619 1250 1655 sit
1262 1620 1322 1656 hac
1337 1621 1377 1655 de
1391 1633 1426 1655 re
1444 1623 1527 1655 circa
1536 1620 1656 1670 singula
1667 1634 1743 1670 prae-

347 1672 528 1707 dic-amenta
538 1681 672 1703 movere
683 1667 957 1704 controvetfiam:
973 1682 1046 1704 curn
1057 1682 1095 1704 ea
1105 1683 1174 1717 quae
1190 1670 1231 1703 de
1254 1668 1412 1704 relatione
1425 1671 1510 1705 dieta
1525 1670 1595 1705 sunt
1606 1699 1615 1713 ‚
1634 1670 1742 1706 multo

348 1722 476 1769 potiore
491 1723 561 1767 jure
577 1718 624 1753 his
639 1719 898 1766 praedicamentis
912 1718 1065 1766 applicari
1083 1718 1204 1765 poffint
1229 1731 1237 1753 ε
1264 1717 1345 1753 nihil
1368 1720 1458 1753 enim
1482 1718 1569 1753 aliud
1588 1719 1741 1754 videntiu-

347 1767 407 1804 effe
419 1768 515 1815 qnam
531 1767 632 1803 relata
642 1767 813 1803 secundum
825 1768 897 1804 dici.
912 1769 1002 1802 Hinc
1017 1771 1048 1804 S.
1073 1768 1219 1803 Thomas
1232 1766 1341 1815 quaest.
1359 1767 1399 1801 de
1416 1769 1567 1803 Potentia
1582 1797 1591 1811 ‚
1623 1766 1742 1804 diserte

347 1819 443 1852 tradit
455 1818 623 1852 hominem
633 1817 838 1854 denominari
847 1816 889 1851 ab
900 1818 1030 1853 afflone
1040 1819 1280 1855 &indumento
1289 1845 1301 1860 ,
1323 1821 1359 1853 δι
1368 1816 1437 1852 aliis
1450 1815 1654 1865 hujusmodi,
1666 1829 1741 1865 quae

346 1880 459 1902 revera
475 1880 541 1901 non
566 1866 637 1902 sunt
656 1867 782 1905 formae.

390 1916 492 1965 Qod
513 1927 624 1950 autem
635 1928 806 1962 opponunt
817 1917 886 1950 haec
902 1915 1154 1961 praedicamenta
1168 1911 1228 1947 esse
1238 1915 1329 1948 entia
1342 1912 1442 1947 rea¹ia
1455 1942 1465 1956 ‚
1481 1915 1565 1950 inter
1584 1912 1614 1948 se
1627 1913 1740 1950 distin.·

349 1967 398 2000 ch
420 1971 452 2002 δε
468 1977 522 2014 per
538 1963 567 1998 se
586 1975 704 2011 :atque
715 1964 798 2007 adeo
811 1976 877 1998 non
896 1962 956 1996 effe
975 1963 1258 1997 denominationes
1280 1974 1407 1998 tantum
1423 1990 1432 2005 ,
1449 1975 1505 1998 aut
1525 1963 1565 1997 ad
1579 1961 1739 2000 summum

348 2015 522 2049 relationes
544 2013 718 2058 fece-indum
737 2012 822 2055 dici,
846 2011 898 2046 sed
914 2011 1034 2046 formas
1055 2011 1155 2046 reales
1171 2010 1315 2060 snbjcc‘to
1329 2011 1526 2047 inhaerentes.

385 2066 446 2098 His
462 2068 496 2099 &
507 2061 575 2096 aliis
586 2067 653 2111 jam
669 2059 850 2110 responsum
864 2062 907 2096 est
918 2090 927 2104 ‚
945 2074 1020 2095 cum
1038 2062 1078 2096 de
1097 2060 1254 2096 relatione
1268 2073 1449 2111 ageremus.
1471 2063 1561 2097 Nam
1576 2073 1612 2096 ut
1627 2073 1744 2111 patet...

347 2116 429 2148 nitas
448 2126 514 2147 non
526 2111 613 2146 aliud
627 2112 669 2146 est
687 2109 855 2145 intrinsece
868 2110 970 2158 quam
991 2111 1091 2145 homo
1114 2123 1269 2160 generans
1288 2140 1298 2154 ‚
1319 2121 1476 2158 quatenus
1494 2123 1651 2147 connotat
1668 2123 1739 2148 rem

347 2164 492 2210 genitam
507 2190 515 2204 ,
534 2175 601 2196 non
622 2161 729 2195 forma
746 2160 895 2208 quiedam
906 2160 957 2195 vel
980 2163 1098 2195 entitas
1110 2160 1151 2195 ab
1173 2172 1213 2194 eo
1231 2160 1401 2202 distin&a3
1420 2157 1460 2193 fic
1477 2159 1530 2194 ubi
1548 2174 1578 2196 v.
1600 2174 1631 2209 g.
1655 2159 1738 2195 nihil

350 2211 396 2244 est
415 2210 467 2245 nisi
480 2223 595 2259 corpus
619 2213 652 2245 in
672 2210 745 2244 loco
759 2209 895 2259 positum
907 2239 917 2254 ,
937 2221 1095 2257 quatenus
1116 2222 1191 2244 eum
1211 2209 1317 2244 locum
1335 2220 1492 2243 connotat
1509 2225 1518 2251 3
1534 2221 1594 2244 nec
1611 2207 1738 2252 necesse¹

351 2259 392 2292 est
414 2260 554 2295 formam
572 2259 716 2308 aliquam
730 2257 892 2308 physicam
906 2290 915 2304 ‚
928 2272 998 2307 quae
1018 2259 1156 2294 nbiccttio
1170 2259 1286 2294 dicitur
1296 2287 1307 2302 ,
1319 2256 1533 2293 comminisci.

874 2342 928 2375 De
940 2342 1060 2376 ali-‘one
1076 2341 1113 2377 ὠ
1124 2339 1270 2390 paffione.

379 2405 475 2440 Aelio
495 2408 674 2455 concipitur
685 2417 722 2442 ut
732 2405 837 2444 forma
852 2435 862 2453 ,
890 2419 962 2455 quae
980 2419 1078 2458 agens
1096 2406 1287 2442 denominat
1301 2421 1311 2451 5
1332 2418 1367 2443 ut
1384 2406 1569 2444 illuminans
1586 2405 1736 2441 denomi-

1643 2464 1733 2489 natur

1842 0 1857 64 ..2⁸¹⁴
