1857 2745
392 185 485 217 recta·
507 181 620 215 rationi
635 184 669 216 ἃς
688 184 813 213 aetern'ae
825 175 889 227 legi
902 179 1069 214 concinit:
1089 177 1123 211 id
1136 176 1216 213 vero
1234 189 1303 212 turn
1319 179 1450 220 evenit,
1466 187 1541 212 cum
1553 176 1639 214 bene
1661 177 1699 215 fit
1711 178 1794 219 bozJ
1838 177 1840 218 ἶ,

392 244 468 266 num
479 244 486 265 :
499 241 570 263 cum
584 228 700 263 scilicet
714 238 827 275 corpus
842 238 896 269 ,ut
909 228 953 261 ita
961 226 1068 261 dicam
1080 254 1090 270 ,
1103 227 1238 262 aetionis
1258 239 1295 261 ex
1308 225 1399 261 bono
1416 226 1536 264 affeetu
1557 226 1698 264 dimanat
1710 258 1721 272 ,
1735 241 1772 267 ut
1791 220 1802 230 ’

392 291 430 313 ex
442 279 561 325 justitia:
572 306 581 320 ‚
595 288 650 312 aut
664 278 885 323 temperantia:
903 275 1021 311 affeetu
1033 305 1043 320 ‚
1059 277 1116 322 qui
1133 272 1276 324 est‘quasr
1294 275 1399 310 forma
1407 277 1546 312 actionis
1563 292 1572 319 3
1591 287 1626 310 ut
1639 277 1772 315 affectus

392 326 456 374 ipse
471 339 513 362 ex
523 338 633 361 amore
654 325 757 361 ultimi
773 323 843 360 finis
857 353 867 368 ,
896 325 948 360 seu
968 336 1007 359 ex
1031 326 1119 360 recta
1140 326 1324 360 intentione
1338 354 1348 368 ,
1381 338 1451 372 quae
1471 323 1582 360 oculus
1600 323 1728 374 simplex
1745 328 1772 365 4ὲ.

389 376 522 411 Christo
541 377 686 411 Domino
701 373 882 423 appellatur
895 403 905 417 ,
927 373 1111 409 bonitatem
1126 372 1211 410 suam
1229 379 1262 411 &
1276 375 1516 422 perfectionem
1531 376 1662 422 repetit.
1786 410 1789 414 ,

434 427 522 460 Hinc
540 424 618 460 illud
629 425 789 473 Sapientis
801 451 810 466 ‚
832 424 930 458 Oculi
948 426 996 457 tm'
1017 424 1100 458 reela
1122 424 1275 462 videant,
1297 422 1334 458 ὠ·
1349 423 1505 474 palpebrae
1523 433 1578 456 tuae
1594 423 1792 470 precedant⁴

388 475 505 523 grcffns
519 486 598 508 tuos.
612 485 657 523 pr.
671 488 704 521 4.
720 476 759 509 Et
772 471 853 509 ibid.
865 473 987 522 Dirige
990 472 1138 519 semitam
1156 471 1289 522 pedibus
1305 476 1369 508 tuis
1381 501 1390 512 ,
1408 484 1506 521 atque
1523 484 1627 506 omnes
1646 475 1704 507 via
1718 483 1777 508 tua

388 523 600 570 stabilientur.

412 573 590 607 Actionem
605 584 738 620 quoque
751 570 927 608 humanam
940 573 973 607 in
987 570 1109 618 duplici
1122 568 1181 606 effe
1195 569 1381 605 differentia
1393 567 1780 620 superiusdiximus.Q-‘

392 621 468 657 dam
484 623 645 669 imperata
659 649 670 666 ,
681 627 715 658 &
729 620 919 669 plerumque
938 623 1089 663 exterior,
1104 631 1140 654 ut
1152 622 1300 667 erogatio
1317 618 1528 668 eleemosynae
1542 636 1552 662 ;
1566 619 1626 655 alia
1642 621 1779 666 interiorv
1807 657 1810 660 ,
1832 627 1833 631 ’

391 682 460 717 quae
470 670 491 706 ἐι
502 670 670 705 voluntate
679 670 746 718 ‚ipsa
757 670 884 706 elicitur
892 700 902 714 ,
930 682 1066 717 quaeque
1084 669 1221 717 speciem
1230 667 1315 703 suam
1324 667 1344 703 a
1354 665 1420 702 fine
1431 666 1559 704 sortitur
1570 682 1580 704 :
1598 681 1672 703 cum
1682 667 1779 718 obje-
1808 681 1810 683 ’

392 722 479 755 &um
490 718 667 755 voluntatis
682 718 718 754 fit
730 717 813 758 finis.
825 722 915 757 Nam
926 721 1032 754 omnis
1044 720 1130 754 affio
1140 717 1282 766 speciem
1295 716 1382 752 suam
1392 716 1494 753 habet
1507 718 1528 753 a
1546 719 1706 766 principio
1716 731 1778 754 un.

391 768 431 803 de
444 766 654 817 proficiscitur
666 798 675 812 ‚
693 781 727 804 ut
744 768 822 804 visio
833 767 927 804 avisu
941 779 1086 804 naturam
1097 768 1180 802 suam
1198 768 1329 814 repetit.
1344 767 1433 800 Finis
1445 766 1528 803 vero
1539 795 1548 810 ‚
1570 779 1604 802 ut
1617 767 1787 812 diximus„-

392 818 434 853 est
447 819 640 866 principium
658 820 822 853 actionum
844 831 922 866 quas
955 817 1103 852 voluntas
1123 817 1236 851 exerit.

434 869 531 902 Aetio
544 878 651 903 autem
664 869 803 902 exterior
822 867 1005 903 bonitatem
1019 866 1105 901 suam
1125 874 1290 900 mutuatur
1307 861 1326 897 a
1338 861 1404 898 fine
1426 869 1459 900 ὃ(
1473 863 1626 914 o'bjee‘to,
1644 864 1699 900 vel
1718 878 1779 914 po.-

392 917 454 951 tius
465 916 484 952 a
494 915 558 951 fine
573 943 582 957 ,
597 928 755 964 quatenus
769 918 804 951 in
813 929 886 952 eum
897 928 956 964 per
973 915 1039 950 tale
1052 914 1222 961 objectum
1241 914 1382 947 nitimur.
1404 914 1535 947 Bonitas
1561 925 1632 961 quae
1657 913 1699 948 ab
1715 914 1779 949 ob-

390 967 480 1014 3e<st0
494 964 624 1013 profluit
636 994 645 1009 ‚
663 965 706 1000 est
715 963 803 1012 quasi
817 964 965 1000 naturalis
983 977 991 998 ι
1015 962 1054 996 fic
1071 963 1175 997 honor
1187 971 1358 1011 parentum
1368 989 1378 1003 ,
1395 966 1429 997 &
1439 965 1587 1010 erogatio
1598 960 1780 1012 eleemosy-

393 1027 440 1049 nae
454 1014 523 1049 sunt
537 1016 626 1049 ειόὶιις
646 1027 684 1049 ex
700 1014 803 1062 specie
820 1013 915 1051 sua&
925 1023 1038 1049 natura
1056 1011 1145 1048 boni.
1161 1008 1355 1047 ambulatio
1370 1010 1416 1044 est
1430 1012 1520 1047 actus
1537 1024 1576 1047 ex
1587 1009 1780 1057 natutasua,

392 1075 447 1098 aut
465 1062 568 1110 specie
585 1063 780 1098 indiffsrens.

429 1114 479 1146 Sic
496 1123 586 1146 amor
602 1123 722 1146 naturae
739 1113 831 1146 omni
845 1109 1014 1146 essentialis
1027 1138 1036 1151 ‚
1061 1120 1096 1143 ut
1110 1121 1201 1144 amor
1222 1108 1406 1154 felicitatis,
1422 1110 1502 1144 ‘vitae
1515 1137 1524 1151 ,
1537 1110 1780 1158 tranquillitatis

393 1159 498 1195 bonus
514 1160 558 1194 est
577 1173 584 1194 :
608 1159 659 1194 sed
680 1173 741 1194 nec
753 1159 860 1194 bonos
874 1189 884 1203 ,
907 1159 1075 1207 necjustos
1089 1171 1147 1193 nos
1169 1157 1280 1195 efficit.
1312 1159 1385 1211 Q
1407 1158 1541 1205 quidem
1559 1161 1685 1194 ratione
1697 1160 1780 1197 nulli

393 1209 531 1244 dubium
544 1209 590 1243 est
604 1211 684 1256 quin
694 1210 809 1243 dentur
822 1210 909 1243 aetus
926 1220 965 1242 ex
978 1206 1080 1256 specie
1095 1206 1144 1241 sua
1161 1206 1392 1244 indifferentes.
1407 1208 1470 1242 Sed
1483 1220 1553 1254 quae
1566 1207 1586 1242 ὲ
1604 1206 1667 1243 fine
1676 1213 1780 1245 oritur

394 1257 522 1293 bonitas
536 1287 545 1300 ‚
572 1270 610 1292 ca
627 1258 757 1294 moralis
776 1258 906 1292 dicitur.
921 1257 1007 1291 Cum
1017 1258 1113 1304 igitur
1125 1254 1292 1303 objectum
1301 1257 1436 1291 refertur
1450 1257 1489 1291 ad
1507 1255 1616 1301 finem,
1628 1269 1698 1294 turn
1715 1258 1779 1294 ob-

391 1309 469 1355 jeffi
487 1306 578 1355 ipsius
596 1305 724 1342 bonitas
735 1308 918 1342 continetur
930 1304 983 1341 sub
1000 1304 1150 1340 bonitate
1169 1305 1266 1349 finis,
1294 1317 1366 1353 quae
1380 1306 1427 1340 est
1441 1308 1526 1340 ratio
1546 1308 1652 1341 omnis
1664 1307 1778 1355 perfe-

395 1358 510 1392 &ionis
526 1355 667 1392 moralis,

434 1405 514 1440 Illud
531 1417 661 1452 qnoque
687 1407 721 1438 in
747 1404 941 1438 memoriam
966 1404 1179 1451 redigendum
1195 1430 1205 1444 ,
1227 1401 1325 1437 alium
1343 1401 1403 1437 effe
1428 1401 1526 1437 finem
1546 1402 1779 1450 intrinsecum,-

392 1457 514 1500 quique
531 1454 601 1488 finis
616 1454 720 1500 operis
732 1452 794 1485 dici
806 1451 886 1486 solet
899 1466 906 1486 :
920 1463 956 1486 ut
966 1450 1146 1486 sublevatio
1158 1452 1304 1498 pauperis
1320 1451 1362 1485 est
1379 1449 1450 1486 finis
1465 1450 1649 1486 intrinsecus
1662 1464 1778 1502 eroga-

386 1505 489 1537 -tiom's
509 1500 722 1549 eleemosyna:
735 1529 744 1542 ,
762 1499 847 1547 isque
867 1513 939 1535 cum
953 1499 1087 1549 objeelm
1101 1499 1258 1535 confundi
1277 1498 1378 1542 solet·,
1393 1502 1513 1535 namin
1529 1502 1677 1548 praeticis
1688 1502 1779 1540 idem
1828 1536 1829 1543 ,

391 1552 438 1586 est
457 1550 622 1599 objestum
642 1556 673 1587 ὃς
690 1548 762 1584 finis
775 1549 978 1585 intrinsecus:
995 1562 1030 1585 ut
1047 1549 1161 1584 [initas
1173 1549 1215 1583 est
1226 1547 1394 1596 objectum
1408 1554 1441 1585 δε
1458 1547 1527 1583 finis
1543 1549 1718 1584 medicinae.

430 1600 517 1635 Alius
540 1601 582 1634 est
599 1598 670 1634 finis
686 1597 876 1634 extrinsecus
889 1628 899 1642 ,
930 1604 964 1634 δι
982 1601 1145 1648 operantis
1158 1627 1168 1642 ‚
1192 1597 1255 1633 sive
1279 1600 1306 1632 is
1329 1596 1366 1633 fit
1386 1598 1594 1634 intermedius
1609 1625 1621 1643 ,
1650 1596 1713 1635 five
1729 1598 1779 1640 uls
1828 1611 1829 1617 ¹

392 1652 497 1685 timus.
509 1651 570 1685 His
583 1651 696 1696 itaque
708 1647 874 1696 explicatis
895 1677 906 1692 ‚
932 1647 968 1683 fit

930 1747 1034 1781 Vnica
1052 1746 1224 1789 Conclufio.

438 1845 538 1881 Nulla
552 1845 594 1880 est
611 1847 699 1881 aetio
716 1845 854 1880 humana
862 1847 993 1893 proprie
1004 1844 1087 1878 dista
1100 1873 1108 1886 ,
1131 1857 1198 1891 qua:
1209 1858 1274 1881 non
1290 1845 1324 1881 sit
1338 1845 1425 1880 bona
1436 1855 1491 1878 aut
1503 1842 1599 1878 mala.
1610 1847 1686 1880 Haec
1698 1852 1778 1883 con⁴

392 1893 486 1929 clulio
506 1895 549 1928 est
571 1895 637 1929 divi
653 1895 802 1937 Thomae‚
813 1900 847 1930 &
865 1895 885 1929 a
899 1894 1011 1942 majori
1026 1905 1115 1941 parte
1126 1893 1395 1942 Philosophorum
1413 1892 1608 1928 defenditur,

425 1942 518 1978 Proh.
536 1945 659 1979 Contra
674 1947 809 1978 Scotum
827 1958 846 1979 1.
858 1945 964 1978 omnis
974 1945 1061 1978 achi,
1074 1945 1128 1988 qui
1141 1942 1176 1977 fit
1185 1954 1257 1977 cum
1270 1941 1507 1977 deliberatione
1521 1967 1531 1981 ,
1545 1940 1598 1974 vel
1616 1941 1660 1975 est
1677 1942 1776 1976 1ectae

390 1995 506 2027 rationi
525 1992 756 2028 consentaneus
767 2021 776 2035 ,
801 1992 854 2027 vel
866 2006 952 2028 nom
969 1990 989 2026 fi
1002 1993 1122 2025 rationi
1133 1993 1290 2026 convenit
1303 2020 1312 2034 ,
1333 1989 1436 2025 bonus
1455 1988 1500 2022 est
1517 2004 1525 2030 ;
1539 1987 1623 2024 secus
1640 2018 1649 2032 ,
1669 1990 1775 2025 malus

392 2044 465 2077 erit.
484 2044 573 2076 Nam
585 2053 620 2076 ut
633 2043 665 2076 in
679 2041 844 2076 artefaetis
855 2070 864 2083 ,
884 2040 963 2074 ficin
974 2038 1118 2074 moribus
1133 2068 1142 2082 ,
1160 2040 1248 2086 quod
1264 2040 1320 2074 suae
1337 2038 1449 2088 regulae
1461 2049 1526 2072 uon
1540 2038 1687 2084 quadrat,
1702 2050 1774 2074 ma-

385 2089 457 2125 lum
474 2092 520 2126 est
540 2104 548 2125 :
563 2089 671 2135 regula
685 2101 792 2124 autem
810 2091 976 2124 affionum
993 2089 1201 2123 humanarum
1214 2089 1259 2123 est
1273 2090 1360 2124 recta
1372 2089 1466 2123 ratio.

430 2139 524 2176 Proh.
546 2155 572 2175 2.
591 2140 711 2174 Omnis
722 2139 807 2173 affio
820 2138 961 2172 humana
973 2140 1004 2172 in
1024 2136 1120 2171 finem
1139 2137 1280 2184 aliquem
1293 2137 1415 2178 tendit,
1440 2138 1493 2182 qui
1508 2135 1528 2169 fi
1546 2134 1581 2170 fit
1596 2135 1772 2184 legitimus,

390 2190 476 2223 aestio
489 2201 560 2223 cnm
571 2201 610 2222 eo
624 2187 688 2223 fine
705 2198 891 2235 comparata
905 2215 914 2229 ,
936 2185 1023 2222 bona
1035 2186 1140 2220 futura
1155 2187 1201 2220 est
1213 2203 1221 2227 ·,
1235 2186 1317 2221 mala
1336 2215 1346 2230 ,
1370 2184 1390 2219 si
1405 2185 1490 2219 secus
1504 2199 1511 2219 :
1535 2197 1601 2219 turn
1617 2187 1703 2220 enim
1715 2185 1772 2219 de-

392 2236 478 2271 ficiet
488 2237 529 2271 ab
541 2238 654 2272 ordine
667 2238 809 2272 rationis.
828 2238 916 2272 Nam
934 2238 1039 2270 omnis
1052 2237 1138 2269 aetio
1149 2235 1327 2270 deliberata
1350 2234 1393 2268 est
1409 2235 1495 2268 aetio
1513 2233 1701 2278 rationalis,
1720 2234 1772 2269 cui

391 2285 526 2321 debetur
538 2289 670 2321 rationis
682 2285 782 2321 ordo:
798 2297 836 2319 ac
850 2283 872 2319 si
883 2287 906 2320 is
916 2284 994 2319 desit
1004 2314 1013 2326 ‚
1035 2286 1121 2320 affio
1139 2287 1199 2318 erit
1211 2284 1297 2319 mala
1314 2289 1346 2320 &
1359 2282 1559 2330 imperfecta.

423 2336 564 2376 Refpoml
575 2347 617 2368 ·nt
634 2337 803 2370 Afflouem
828 2333 939 2368 referri
955 2332 1038 2381 posse
1057 2333 1096 2367 ad
1114 2332 1211 2367 finem
1226 2332 1475 2368 i11diffirentem.

423 2383 553 2419 Come-n.
569 2386 651 2420 Finis
667 2385 771 2420 omnis
782 2382 881 2419 habet
894 2385 1052 2420 rationem
1066 2381 1160 2426 boni,
1172 2382 1263 2430 quod
1282 2393 1337 2417 aut
1356 2394 1469 2418 verum
1483 2381 1523 2416 cst
1539 2384 1571 2418 &
1585 2378 1769 2423 honestum,
