1857 2745
678 151 976 188 LocrcAE
1509 166 1542 197 w

558 241 767 279 CAPUT
803 240 1123 279 ULTrMUM.

493 332 550 365 De
572 333 726 367 commum*
739 332 852 382 regula
873 334 954 366 artis
966 329 1182 381 syllogisticae.

219 423 381 459 Nimvero
394 419 452 456 ubi
463 419 661 470 syllogismus
673 422 718 456 est
728 421 893 458 involutus
914 427 948 459 &
961 418 1093 456 obsmta
1107 418 1266 456 conclusio
1275 449 1285 464 ,
1300 421 1380 457 nihil
1401 432 1479 471 opus
1492 424 1534 459 est

149 424 285 509 Eram
299 469 434 520 operosa
445 471 655 507 reductione:
670 471 722 506 sed
736 471 814 506 illud
829 470 1020 506 intuendum
1039 498 1050 513 ,
1065 482 1106 505 an
1117 467 1354 505 conclusionem
1373 484 1435 506 una
1453 484 1534 520 prae-

149 520 310 557 missarum
327 519 603 569 comprehendat,
626 521 726 568 idque
743 520 947 556 manifestum
965 519 1065 554 faciat
1094 518 1195 553 altera
1209 530 1248 552 ex
1267 519 1436 566 praemiffis.
1450 522 1534 556 Cum

148 574 238 606 enim
251 569 408 605 conclusio
429 568 465 604 sit
480 569 655 617 judicium,
670 571 759 618 quod
777 572 810 604 vi
827 572 919 604 unius
933 579 990 604 aut
1007 567 1139 603 alterius
1148 568 1258 616 judicii
1264 572 1331 616 jam
1348 580 1423 604 ante
1443 568 1463 604 ἐι
1474 582 1533 605 no..

148 618 198 654 bis
215 619 293 654 fasti
314 618 501 667 perficitur,
524 632 563 654 ea
578 619 622 654 est
640 620 730 655 velut
747 618 880 655 effeetus
902 619 1036 667 quidam
1062 616 1105 652 ab
1132 629 1268 664 utraque
1290 618 1441 664 praerniffa
1461 630 1532 654 tan-

147 680 247 716 quam
264 667 305 703 ab
317 671 442 716 integra
461 667 549 704 causa
564 669 741 717 pmfectuS.
754 671 830 718 Jam
839 679 874 703 ut
886 666 975 702 causa
990 666 1081 702 suum
1094 678 1246 715 procreet
1262 666 1532 716 effeetun]‚appli-

146 719 211 753 cari
225 729 263 751 ea
285 716 388 751 debet
406 731 414 752 :
434 729 542 764 neque
567 720 656 753 enim
676 721 758 767 ignis
775 716 959 760 comburit,
979 715 1036 751 nisi
1052 718 1184 764 propius
1207 715 1431 754 admoveatur.
1452 720 1532 753 Non

145 764 285 801 dissimili
300 766 432 813 quidem
452 768 579 800 ratione
597 765 756 802 conclusio
775 778 814 801 ex
831 770 953 813 majore
970 764 1159 813 plerumque
1188 764 1409 812 propositione
1432 778 1466 801 ut
1493 779 1532 803 ex

145 813 233 849 causa
253 813 423 850 universali
442 814 585 863 pendet:
601 812 654 849 sed
671 817 854 850 communis
878 814 932 849 illa
950 819 986 852 &
1002 813 1187 849 universalis
1209 812 1298 848 causti
1327 815 1410 850 nihil
1429 814 1533 851 efficit

144 861 201 898 nisi
223 863 384 912 applicata
394 863 658 910 quodammodo:
680 866 768 913 quod
783 867 895 912 utique
911 875 968 912 per
986 864 1148 898 minorem
1191 862 1424 910 ropofitionem
1432 864 1531 914 perfi-

144 913 237 947 citur:
252 924 286 947 ut
301 912 355 947 Sol
370 912 491 946 fruetus
506 925 572 947 non
583 925 750 960 procreat,
765 913 820 949 nisi
830 924 919 948 certa
935 912 1054 963 plantae
1065 912 1155 961 dispo
1167 914 1226 948 itio
1245 912 1407 961 conspiret
1421 943 1432 958 ,
1459 927 1529 962 quae

144 973 351 996 communem
362 959 487 995 causam
503 961 708 997 determinat.

187 1011 295 1056 Atque
305 1011 339 1044 in
353 1009 414 1043 hoc
433 1011 560 1057 penitus
575 1022 622 1043 ars
645 1008 833 1059 syllogistica
856 1008 1017 1053 versatur,
1030 1021 1066 1044 ut
1084 1009 1321 1057 propositiones
1347 1012 1415 1047 duae
1434 1013 1527 1048 inve-

142 1059 362 1092 nianturtuna
385 1069 454 1103 qua:
470 1056 664 1104 propositam
673 1059 880 1105 quaestionem
892 1085 902 1100 ,
921 1057 973 1092 seu
985 1056 1222 1092 conclusionem
1240 1062 1408 1094 contineat
1424 1060 1528 1101 ;alte-

142 1117 177 1140 ra
195 1118 267 1153 quse
283 1105 488 1141 manifestum
511 1104 611 1140 faciat
625 1104 860 1141 conclusionem
876 1107 912 1141 in
929 1108 1033 1154 prima
1047 1104 1266 1153 propositione
1287 1110 1456 1144 contineri.
1476 1110 1528 1145 Ut

143 1156 175 1188 in
196 1153 354 1203 proposita
367 1153 420 1189 illa
439 1153 630 1203 quaestione,
648 1157 698 1191 An
721 1167 805 1190 terra
829 1153 865 1190 fit
883 1154 1022 1191 rotunda
1038 1183 1050 1199 ‚
1071 1156 1270 1191 invenienda
1288 1158 1333 1192 est
1347 1155 1526 1206 propositio

143 1216 212 1251 quae
225 1204 313 1239 illam
324 1205 507 1241 contineat:
523 1204 626 1252 qualis
641 1204 706 1240 haec
715 1204 778 1243 est,
796 1206 910 1240 Omne
931 1216 1047 1253 corpus
1061 1203 1151 1251 quod
1168 1205 1327 1253 paulatim
1343 1211 1377 1243 δε
1398 1219 1464 1241 non
1487 1205 1526 1241 fi-

143 1253 210 1288 mul
224 1253 333 1288 lumen
346 1252 366 1288 ὲ
383 1252 459 1288 Sole
480 1255 596 1302 recipit
613 1283 623 1298 ,
641 1255 727 1289 idern
746 1253 791 1288 est
815 1253 991 1290 rotundum
1010 1268 1018 1290 :
1039 1263 1109 1287 turn
1133 1252 1235 1289 altera
1259 1253 1435 1304 propositio
1451 1267 1524 1303 quae

143 1301 285 1337 declaret
308 1301 543 1338 conclusionem
568 1306 601 1338 in
613 1303 756 1352 generali
771 1302 826 1338 illa
846 1300 1067 1352 propositione
1081 1304 1301 1347 contineri,est
1315 1305 1524 1349 invenienda,

141 1362 211 1397 quae
224 1351 288 1386 haec
302 1354 364 1386 erit
379 1380 384 1388 ,
399 1354 503 1387 Terra
520 1352 676 1401 paulatsm
697 1359 730 1390 δε
745 1352 834 1387 velut
876 1364 909 1386 er
929 1352 1062 1401 gradus,
1078 1363 1146 1387 non
1161 1350 1252 1388 fimul
1275 1353 1296 1389 ὲ
1319 1352 1396 1389 Sole
1413 1353 1523 1389 lumen

142 1399 231 1435 suum
243 1403 372 1450 excipit.
386 1404 476 1437 Hinc
493 1400 650 1438 conclusio
664 1401 750 1449 quasi
767 1401 819 1437 sua
840 1365 953 1451 (ξοπιες
965 1400 1104 1436 nascitur
1118 1415 1127 1437 ε
1141 1402 1225 1451 Ergo
1248 1414 1333 1438 terra
1353 1403 1397 1438 est
1410 1413 1523 1437 rotun-

141 1449 182 1482 da
195 1477 205 1492 ,
219 1463 286 1485 non
304 1450 407 1499 plana.
423 1453 500 1486 Huc
514 1451 653 1486 tendunt
672 1463 786 1487 omnes
801 1450 916 1500 regulae
931 1462 1009 1498 quas
1022 1448 1189 1485 attulimus
1200 1480 1210 1495 ,
1235 1452 1379 1487 medium
1402 1451 1522 1486 vide‘li·

142 1508 195 1532 cet
205 1500 238 1533 in
255 1498 357 1533 altera
369 1511 428 1547 pro
454 1498 590 1534 ositione
611 1499 756 1534 distribui
771 1511 997 1547 oportere,nec
1008 1501 1182 1534 terminum
1197 1502 1232 1534 in
1247 1498 1451 1536 conclusione
1460 1500 1519 1534 do·

141 1547 282 1581 nandum
299 1547 407 1581 latiori
427 1512 602 1596 §gnificatu
614 1547 712 1594 quam
726 1549 784 1595 qui
802 1550 832 1582 in
846 1546 1006 1596 praemiffis
1016 1547 1096 1582 fuit:
1112 1559 1153 1582 ne
1167 1545 1288 1583 scilicet
1301 1547 1423 1596 aliquid
1439 1547 1475 1583 fit
1486 1551 1520 1584 ‘m

141 1592 278 1638 erstem,
291 1595 381 1643 quod
402 1597 436 1631 in
451 1595 540 1630 causa
560 1598 644 1642 prius
660 1609 726 1631 non
742 1595 848 1632 fuerit.

171 1643 258 1678 Cum
274 1656 384 1679 autem
403 1644 471 1679 haec
481 1656 556 1678 vera
577 1650 610 1681 δε
622 1646 761 1693 genuina
783 1642 819 1678 fit
840 1645 915 1679 artis
941 1642 1139 1694 syllogisticae
1158 1643 1267 1694 regula
1288 1673 1297 1686 ,
1315 1657 1414 1692 quam
1443 1658 1518 1682 cum

141 1693 230 1727 τεᾶς
241 1695 469 1727 ratiocinamur
478 1721 487 1734 ,
498 1703 554 1726 aut
564 1704 638 1727 cum
658 1693 698 1727 de
708 1695 987 1741 argumentatione
993 1695 1171 1741 judicamus
1183 1723 1191 1736 ‚
1203 1691 1290 1741 quasi
1304 1705 1417 1728 natura
1434 1695 1517 1730 duce

141 1740 332 1775 consulimus
342 1770 351 1784 ,
368 1754 434 1776 non
445 1743 507 1775 erit
515 1740 655 1776 alienum
666 1771 675 1786 ‚
687 1754 730 1777 ex
743 1744 780 1775 iis
791 1754 860 1789 quae
874 1754 974 1791 nuper
989 1746 1055 1777 acri
1066 1745 1114 1778 vir
1126 1745 1259 1793 ingenio
1272 1747 1304 1779 &
1318 1741 1437 1778 summa
1447 1757 1519 1779 eru-

141 1789 268 1824 ditione
279 1789 445 1825 nobiscum
461 1793 715 1826 communicavit
726 1820 735 1834 ,
757 1788 914 1840 perpauca
932 1791 1097 1840 subjicere.

177 1840 223 1874 Ac
243 1840 383 1886 primum
407 1840 542 1886 quidem
564 1852 615 1874 eas
628 1868 635 1878 ,
656 1853 724 1887 quae
745 1839 844 1889 vulgo
862 1841 1045 1885 traduntur,
1061 1840 1204 1889 quasque
1224 1839 1292 1874 fuse
1316 1839 1517 1886 exposuimus

140 1885 395 1936 sylbgismorum
407 1888 541 1936 regul-ase,
558 1902 624 1923 non
637 1892 801 1938 permagni
812 1889 881 1923 usus
897 1887 956 1924 esse
998 1902 1088 1932 utar,
1112 1890 1200 1937 quod
1227 1900 1325 1923 nemo
1349 1888 1418 1922 fere
1441 1889 1517 1924 dum

141 1938 349 1971 ratiocinatur
360 1948 416 1971 aut
428 1936 624 1986 syllogismos
640 1940 802 1972 examinat
816 1966 826 1981 ,
852 1938 891 1971 ad
909 1949 962 1971 eas
973 1904 1066 1986 leges
1089 1938 1234 1973 intendat
1256 1939 1418 1980 animum,
1446 1951 1516 1986 quae

142 1997 215 2019 cum
226 1983 284 2021 sint
299 1991 334 2022 &
347 1998 482 2021 numero
500 1986 605 2034 plures
626 1991 661 2023 ὃ(
677 1986 847 2022 intellectu
866 1984 1028 2030 difficiles,
1044 1989 1060 2023 ὲ
1077 1987 1233 2022 memoria
1260 1984 1356 2019 facile
1378 1985 1514 2023 elabun-

144 2044 207 2069 tur.
223 2034 356 2068 Accedit
367 2036 466 2069 etiam
484 2035 608 2070 nullum
629 2038 667 2069 iis
681 2036 799 2084 regulis
821 2035 926 2070 locum
941 2034 1002 2071 effe
1015 2065 1024 2079 ,
1043 2048 1117 2071 cum
1132 2045 1354 2084 argumentum
1379 2037 1422 2068 est
1444 2047 1515 2071 tan-

141 2083 312 2117 tummodo
325 2081 518 2128 probabile,
534 2090 568 2121 &
584 2084 773 2120 attributum
795 2098 861 2120 non
889 2084 1060 2120 necessario
1080 2084 1221 2133 subjeeto
1238 2085 1391 2117 convenit
1406 2098 1413 2119 :
1431 2091 1515 2134 cujus

140 2134 266 2180 generis
276 2132 318 2165 est
327 2131 379 2166 hic
388 2131 592 2182 syllogifinns.

308 2179 396 2215 Galli
413 2193 448 2216 ut
468 2181 640 2229 plurimum
659 2181 729 2216 sunt
746 2182 872 2216 candidi
888 2197 895 2218 :

306 2231 373 2264 Hic
393 2229 493 2265 horno
511 2232 553 2266 est
575 2234 685 2279 niger:

303 2280 385 2326 Ergo
398 2277 567 2314 verisimile
578 2281 620 2314 est
630 2293 704 2314 cnm
717 2281 849 2314 natione
863 2290 929 2313 non
944 2277 1004 2314 esse
1021 2279 1160 2314 Gallum·

184 2323 252 2370 Qi
264 2326 396 2371 quidem
406 2326 601 2376 syllogifinns
616 2329 662 2363 his
674 2357 683 2371 ,
707 2341 775 2375 quae
784 2327 887 2362 allatae
905 2325 976 2362 sunt
987 2328 1103 2376 regulis
1127 2330 1229 2376 aptari
1245 2331 1298 2363 vix
1315 2326 1515 2377 potest3tam-

144 2370 200 2406 etsi
213 2374 237 2407 is
250 2373 291 2407 est
306 2378 456 2421 optimus.
484 2379 568 2412 Cum
590 2381 700 2424 itaque
719 2377 751 2410 id
767 2378 892 2425 Logicae
903 2389 1011 2411 munus
1027 2376 1062 2411 fit
1076 2388 1110 2411 ut
1123 2381 1212 2411 omni
1226 2380 1338 2425 generi
1355 2376 1449 2412 bonae
1465 2389 1515 2410 ar-

143 2426 393 2469 gumentationis
409 2427 531 2474 regulas
553 2425 748 2476 praescribat,
764 2438 800 2461 ac
813 2424 936 2461 necesse
954 2423 990 2461 sit
1004 2437 1040 2462 ut
1057 2437 1148 2462 meus
1172 2425 1278 2475 legem
1299 2426 1442 2474 aliquam
1462 2437 1525 2461 aut
