1857 2745
594 126 649 160 M.
668 127 703 162 O
721 124 753 160 R
784 125 813 160 A
839 127 865 162 L
888 129 903 161 1
928 127 961 164 S.
1436 145 1451 165 2

75 185 120 220 J&
134 177 277 214 actiones
289 206 300 222 ‚
312 174 475 225 inquibus
488 173 622 210 excelsus
635 179 669 211 &
685 174 832 210 defectus
844 205 853 219 ,
869 178 972 225 magis
987 180 1021 213 &
1039 178 1143 212 minus
1163 177 1265 226 qulam
1274 190 1330 227 pat
1341 177 1377 213 fit
1389 206 1399 220 ,
1418 143 1471 213 iti-Z

79 229 258 266 veniuntur
277 244 287 271 ·‚
308 238 345 261 ac
362 226 527 274 proprium
542 225 585 259 est
605 226 747 268 virtutis,
762 226 906 262 medium
921 228 960 260 iis
981 224 1136 261 adhibere
1156 242 1163 264 :
1182 240 1260 277 ergo
1279 230 1384 263 omnis
1403 230 1471 263 vir-

75 289 135 314 rtus
150 276 195 311 est
210 279 244 311 in
255 276 365 311 medio
373 274 547 310 constituta
563 275 689 309 tatione
707 273 749 308 sui
764 273 868 311 acuis.

110 329 186 362 Pars
198 324 332 361 secunda
346 322 553 359 conclusionis
570 323 760 359 inductione
774 323 928 373 probatur
940 323 983 360 ab
996 324 1171 359 Aristotele
1191 339 1198 358 t
1217 325 1379 360 fortitudo
1396 338 1467 361 me-

69 374 134 410 sdia
145 375 187 409 est
202 377 284 410 inter
297 375 460 423 ignaviam
475 378 509 410 &
522 373 688 408 audaciam
698 391 706 418 3
718 376 936 422 temperantia
959 377 1043 409 inter
1053 373 1334 409 insensibilitatem
1347 403 1354 417 ‚
1368 387 1404 409 ut
1418 376 1467 409 lo-

77 434 222 470 quuntur
234 452 242 462 ‚
260 423 312 458 seu
324 425 408 458 inter
420 422 536 458 nullius
554 422 730 471 voluptatis
745 422 865 459 sensum
876 428 908 460 ὃς
919 424 1405 472 intemperantiam3prudentia‚
1416 426 1468 457 in-

69 483 128 506 *ter
136 472 302 507 stultitiam
318 478 351 510 &
362 470 533 508 versutiam
554 472 608 507 seu
623 471 834 509 calliditatem
850 487 859 508 ε
885 472 925 507 de
943 471 1009 507 sola
1032 473 1148 520 justitia
1165 471 1307 507 dubitari
1334 473 1442 520 potest
1456 500 1466 515 ‚

71 531 188 556 utrum
207 524 290 557 inter
311 533 459 557 extrema
483 524 562 557 vitia
580 521 615 556 fit
630 520 741 570 posita.

108 571 197 606 Cum
213 582 324 606 autem
334 570 453 620 duplex
470 571 504 606 sit
516 571 633 620 justitia
645 600 656 614 ,
679 584 743 606 una
765 584 838 619 quae
867 571 990 607 vindex
1008 575 1042 607 &
1059 570 1233 604 coercitiva
1255 571 1445 605 nominatur
1459 588 1469 613 3

75 618 176 655 altera
188 624 317 669 proprie
327 620 472 669 sumpta:
487 619 632 657 adversus
645 623 784 669 primam
794 619 916 656 excessu
930 626 962 656 &
977 619 1110 654 defectu
1131 621 1256 667 peccati
1271 619 1351 654 solet
1370 632 1376 653 :
1394 631 1468 655 cum

67 671 230 705 nimirum
243 681 297 705 aut
331 669 378 705 lus
395 682 563 718 poenarum
576 699 585 713 ‚
599 681 656 705 aut
668 671 773 705 minus
786 683 880 718 aequo
894 671 1031 718 exigitur
1043 682 1050 703 :
1067 668 1151 702 adeo
1169 679 1204 702 ut
1216 668 1395 711 crudelitas,
1411 680 1467 702 aut

76 717 196 754 saevitia
205 683 328 754 excellii
338 748 347 762 ‚
365 720 462 754 nimia
481 720 680 767 indulgentia
691 719 823 754 defectu
833 730 950 768 peccet
964 731 1062 768 :ergo
1073 717 1172 765 judex
1189 729 1243 752 aut
1257 719 1394 753 nimium
1418 715 1467 751 se-

79 779 174 804 verus
186 795 196 810 ,
211 779 267 802 aut
281 767 504 816 indulgentior
522 766 583 802 effe
593 768 712 815 potest.

113 816 350 867 QJ'ustitiam
361 817 528 852 vindicem
540 828 662 865 negant
684 828 818 866 peccare
837 829 895 865 per
909 815 1066 853 excessum
1084 846 1094 860 ‚
1121 820 1145 852 ii
1167 816 1299 865 quidem
1327 816 1467 851 statuunt

70 876 246 900 :materiam
256 866 382 913 justitiae
396 868 561 914 propriam
571 865 632 902 effe
642 866 904 902 emolumentum
920 895 929 908 ‚
951 878 1007 901 aut
1020 866 1143 902 lucrum
1159 867 1286 916 justitiae
1306 864 1466 902 debitum.

72 917 117 949 :ln
128 914 247 962 justitia
260 925 369 949 autem
385 916 513 949 vindice
529 919 579 962 jus
592 915 710 963 duplex
728 913 800 957 effe,
818 926 876 949 aut
890 914 1146 950 emolumentum
1158 945 1167 960 ‚
1192 915 1330 949 alterum
1338 916 1441 948 actori
1455 943 1467 957 ‚

77 962 216 997 alterum
227 974 284 997 reo
298 962 459 999 debitum.
468 965 581 1005 Poena,
591 966 743 1010 inquiunt
757 990 764 999 ,
781 962 827 996 est
839 963 1096 999 emolumentum
1104 966 1209 999 actori
1224 962 1384 998 debitum:
1398 975 1468 1010 quae

77 1009 145 1045 sifit
158 1012 310 1059 gravior,
333 1014 358 1045 is
374 1014 530 1059 conqueri
542 1024 608 1046 non
621 1010 742 1054 debet,
769 1009 858 1057 quod
884 1016 931 1059 jus
955 1010 1042 1047 suum
1069 1013 1222 1047 vio'etur.
1251 1010 1314 1045 Sed
1333 1023 1403 1046 reus
1425 1012 1467 1046 de

77 1071 248 1108 poenarum
277 1059 399 1094 excelsu
429 1062 521 1106 queri
555 1060 659 1107 potest
675 1087 685 1102 ‚
720 1057 808 1105 quod
831 1063 881 1106 jus
911 1058 997 1093 suum
1022 1089 1033 1103 ‚
1073 1060 1125 1095 seu
1158 1058 1359 1094 conservatio
1394 1071 1467 1093 cor-

68 1110 163 1157 poris
199 1120 267 1143 non
309 1106 466 1143 servetur.
495 1108 532 1141 Id
547 1110 636 1143 enim
651 1107 696 1141 est
713 1113 778 1153 ejus
797 1106 1077 1152 emolumentum3
1110 1121 1148 1142 ea
1161 1109 1204 1142 est
1215 1110 1351 1143 materia
1375 1108 1466 1155 justi-

69 1159 129 1192 ⁴tiae
142 1157 278 1192 vindicis
288 1155 432 1206 respectu
448 1159 494 1191 rei
509 1161 562 1200 5&
576 1158 607 1191 in
621 1169 659 1191 ea
673 1167 821 1204 peccatur
840 1155 983 1198 defectu,
994 1169 1067 1192 cum
1083 1162 1130 1202 jus
1146 1157 1224 1192 illud
1234 1156 1386 1194 violatur.
1401 1157 1466 1192 Sed

67 1217 113 1241 :ut
132 1206 270 1241 diximus
285 1235 295 1249 ,
329 1208 430 1254 magis
454 1206 495 1240 de
513 1207 647 1242 nornine
658 1204 759 1252 quam
771 1204 813 1239 de
825 1217 858 1239 re
868 1203 935 1253 ipsa
947 1208 1218 1241 controvertitur.

108 1256 178 1304 Qi
190 1248 278 1290 enini
290 1254 423 1290 censent
435 1255 587 1300 justitiam
601 1255 764 1290 vindicem
779 1265 988 1303 peccarels-er
1000 1254 1178 1299 circellum,
1206 1257 1229 1289 ii
1253 1266 1466 1290 communem

77 1303 445 1352 loquendi&sentiendi
456 1304 592 1339 modum
601 1303 774 1351 sequuntur
793 1320 803 1348 ·‚
829 1308 920 1352 &jus
932 1314 986 1337 aut
997 1305 1215 1351 aequalitatem
1238 1305 1404 1338 actionum
1430 1309 1466 1340 δε

70 1355 199 1401 praemii
208 1354 241 1388 in
254 1354 370 1401 justitia
384 1352 772 1400 distributiva‚poenarum
783 1357 817 1389 &
830 1353 928 1400 culpae
945 1353 978 1387 in
988 1354 1117 1388 vindice
1125 1355 1289 1403 justitia‚ut
1301 1355 1464 1401 propriam

35 1400 43 1424 ἕ
70 1404 246 1438 materiam
255 1401 439 1449 agnoscunt.
447 1404 567 1448 Neque
576 1402 608 1436 id
625 1403 712 1438 lucro
724 1403 787 1435 erit
797 1400 935 1444 actori,fi
949 1414 1053 1448 poenae
1069 1404 1237 1445 excedant,
1246 1401 1467 1449 aequalitatem

74 1453 168 1486 enim
179 1463 246 1485 non
262 1448 423 1498 physicam
435 1479 443 1491 ,
458 1462 493 1484 ut
512 1450 591 1484 talio
601 1478 610 1493 ‚
630 1448 682 1484 sed
695 1449 853 1484 moralem
870 1450 1014 1496 postulat.
1033 1451 1068 1484 Id
1080 1450 1160 1486 veri>
1166 1453 1244 1498 juris
1256 1451 1376 1484 merito
1395 1461 1465 1486 tum

71 1512 152 1535 reus
164 1528 174 1542 ‚
191 1510 262 1533 tum
278 1497 474 1546 Respublica
487 1500 587 1547 exigit
598 1528 608 1542 ‚
631 1509 667 1532 ut
684 1510 788 1546 poenae
799 1510 866 1532 non
876 1496 934 1531 sint
951 1501 1131 1544 graviores,
1155 1499 1255 1545 quam
1272 1509 1419 1546 peccata.

113 1551 148 1583 In
158 1548 276 1597 justitia
292 1545 397 1582 stricte
417 1548 539 1596 sumpta
553 1548 680 1582 videtur
690 1548 789 1581 etiam
805 1546 998 1581 Aristoteles
1010 1548 1152 1582 medium
1164 1547 1331 1594 quoddam
1339 1548 1466 1581 ratione

67 1597 197 1646 *objecti
205 1597 376 1644 agnoscere
388 1626 398 1640 ‚
420 1603 467 1646 jus
483 1598 635 1631 nimirum
647 1626 656 1639 ‚
678 1595 729 1630 seu
746 1596 861 1642 justum
875 1595 964 1642 quod
987 1597 1070 1630 inter
1086 1595 1209 1631 lucrum
1233 1601 1268 1632 &
1285 1595 1436 1629 damnum
1452 1623 1463 1638 ‚

78 1646 234 1694 quodque
252 1659 325 1681 cum
335 1645 370 1680 fit
386 1648 421 1681 in
431 1645 615 1693 aequalitate
626 1644 764 1694 politum
776 1673 786 1687 ‚
807 1646 892 1679 inter
908 1643 978 1692 plus
989 1649 1023 1681 δε
1040 1647 1144 1680 minus
1155 1643 1294 1680 versatur
1305 1643 1466 1691 3c1'1mque

75 1696 196 1744 justitia
211 1694 360 1731 fitvirtus
375 1695 414 1729 ad
429 1695 565 1730 alterum
576 1724 585 1739 ‚
601 1695 748 1754 injustitia
757 1693 899 1742 respectu
912 1695 1004 1727 unius
1018 1693 1098 1729 solet
1111 1694 1278 1736 excedere,
1293 1699 1324 1730 &
1340 1692 1464 1741 respec-

74 1755 114 1779 ·tu
125 1744 253 1778 alterius
265 1744 403 1780 deficere
416 1758 423 1780 :
433 1745 556 1793 justitiae
571 1757 650 1779 vero
668 1756 782 1778 munus
798 1743 840 1777 est
849 1755 917 1776 rem
937 1742 976 1775 ad
994 1744 1213 1791 aequalitatem
1237 1742 1402 1778 reducere.

118 1793 198 1828 Aliis
212 1805 321 1828 tamen
331 1793 438 1840 placet
454 1805 565 1827 contra
583 1794 736 1840 justitiam
764 1792 869 1826 stricte
889 1791 1047 1839 sumptam
1067 1792 1200 1826 defectu
1221 1793 1346 1837 peccari
1359 1790 1464 1838 polse,

79 1856 144 1879 non
155 1840 286 1877 excelsu.
311 1844 401 1878 Nam
421 1840 441 1876 fi
454 1842 523 1889 plus
539 1842 674 1877 reddam
686 1840 803 1888 ‚quam
819 1839 959 1874 debeam
973 1869 982 1882 ,
1003 1843 1035 1876 in
1054 1842 1153 1888 ipsam
1172 1840 1317 1889 justitiam
1337 1853 1403 1874 non
1415 1840 1468 1874 of-

79 1891 224 1927 fendam.
237 1891 349 1937 Qare
364 1903 462 1925 nemo
473 1890 560 1937 [upra
572 1920 581 1933 ,
600 1891 652 1925 sed
669 1891 752 1925 infra
762 1889 1029 1936 justitiaemodum
1044 1902 1169 1938 peccat.
1193 1886 1317 1924 Vri-sim
1337 1888 1372 1922 lis
1393 1903 1468 1923 om-

24 1976 26 1984 *
79 1943 126 1976 nis
145 1940 273 1976 videtur
286 1941 326 1974 de
338 1938 440 1975 verbo
459 1941 650 1975 constituta:
663 1952 762 1975 nemo
773 1940 860 1973 enim
875 1940 1111 1987 nimiumjustus
1122 1938 1181 1973 esse
1194 1950 1260 1987 pot.
1274 1938 1314 1972 st:
1329 1936 1377 1971 sed
1391 1951 1466 1973 cum

53 2016 58 2019 v
79 1988 379 2038 objectumjustitia:
390 1988 425 2023 sit
438 1994 486 2037 jus
498 2019 508 2033 ,
536 1988 587 2024 seu
598 1988 720 2038 aequale
733 2018 744 2032 ,
758 1990 910 2034 utrinque
935 1988 1097 2034 :equalitas
1110 1988 1177 2023 laedi
1187 1988 1289 2036 potest
1300 1985 1420 2021 exctss'u
1433 1992 1470 2024 &

81 2038 223 2073 defectu.
240 2041 352 2086 Itaque
364 2038 480 2086 justitia
493 2068 501 2082 ‚
519 2050 554 2073 ut
566 2041 665 2075 virtus
684 2038 843 2081 omnis‚est
861 2038 894 2071 in
907 2038 1018 2071 medio
1037 2037 1135 2085 posita
1147 2067 1155 2081 ,
1182 2039 1306 2072 ratione
1325 2035 1467 2083 objecti:

82 2090 181 2122 virtus
195 2089 282 2122 enim
307 2089 411 2122 omnis
425 2088 685 2123 mediocritatem
699 2099 804 2122 tuetur
818 2104 826 2130 3
841 2098 902 2121 nec
920 2087 1066 2129 excedit,
1078 2100 1137 2122 nec
1153 2086 1262 2121 deficit
1285 2100 1293 2120 t
1313 2085 1357 2119 est
1377 2087 1465 2119 enim

84 2136 230 2182 quaedam
244 2138 404 2172 rectitudo
415 2137 645 2172 moralismnde
659 2139 758 2172 virtus
773 2137 819 2170 est
831 2134 920 2169 causa
938 2138 1101 2171 actionum
1117 2148 1186 2183 quae
1201 2148 1260 2170 nec
1270 2134 1469 2177 excelsumec

85 2184 212 2220 defectu
223 2198 364 2226 peccant.
376 2189 449 2223 Nec
467 2185 637 2234 quisquam
647 2186 803 2220 excedere
815 2185 915 2233 potest
930 2184 1164 2220 infortitudine
1178 2214 1187 2227 ,
1214 2185 1259 2218 uti
1282 2195 1341 2219 nec
1362 2186 1396 2217 in
1414 2188 1470 2231 ju-

88 2233 171 2267 stitia
186 2261 196 2276 ,
218 2233 270 2268 sed
295 2239 328 2271 in
347 2238 480 2272 materia
497 2236 692 2272 fortitudinis
714 2250 722 2271 ε
745 2235 788 2270 est
810 2236 897 2270 enim
926 2236 1025 2270 virtus
1048 2247 1085 2269 ex
1109 2232 1278 2270 Aristotele
1306 2231 1466 2270 summum

87 2292 252 2330 potentiae.

8 185 15 196 ο
11 143 15 163 -.
7 79 15 128 -.;
12 40 14 43 ,
