1857 2745
265 130 329 168 634
689 116 1165 151 METAPH'YsicAE

267 171 413 207 efficiunt
431 194 440 211 ,
457 166 512 202 nisi
530 168 554 198 is
577 167 700 214 judicet
714 193 724 208 ,
747 171 780 201 δι
798 166 1011 199 ratiocinetur
1031 165 1071 199 de
1090 164 1332 202 universalibus,
1361 165 1451 212 Qid
1465 193 1474 204 ‚
1495 178 1535 202 an
1555 167 1660 202 bessiae

269 233 336 256 non
349 228 443 251 erunt
465 213 596 250 conscire
611 214 653 249 sui
672 212 802 256 sensus,
824 213 868 247 sui
889 212 1011 248 doloris
1029 223 1039 250 2
1071 215 1122 248 An
1146 227 1212 249 non
1233 217 1265 249 in
1287 217 1322 249 iis
1340 217 1400 249 erit
1419 214 1556 259 eleckio,
1576 222 1609 252 ὅ(
1624 217 1663 251 li.

270 268 378 302 bertas
390 294 400 309 ,
425 277 497 299 cum
513 263 584 298 felis
598 263 684 297 bene
698 261 809 310 pransa
823 262 978 297 venandis
996 261 1138 297 muribus
1157 264 1263 297 studet
1278 293 1287 307 ,
1304 276 1361 312 per
1372 264 1505 298 domum
1517 276 1664 312 vagatur,

270 317 375 350 donec
391 313 484 349 natira
499 311 637 347 latebras
651 341 660 355 ,
689 311 806 358 quibus
823 323 894 345 mus
919 310 1004 347 forte
1023 312 1221 355 occultatur,
1244 312 1294 347 hic
1314 313 1438 360 vigilias
1457 316 1524 360 agit
1536 340 1544 355 ,
1583 325 1664 360 prae-

270 365 346 399 dam
361 360 546 397 incredibili
564 362 723 409 patientia
733 362 884 408 expediat
902 374 909 395 :
939 371 1007 395 tum
1029 358 1049 394 fi
1064 373 1204 395 murmur
1229 362 1393 408 quoddam
1419 365 1516 396 muxi's
1538 363 1553 397 ὲ
1577 363 1664 396 nesto

272 413 327 449 suo
349 412 546 459 erumpentis
565 412 702 444 audierit
717 438 726 452 ‚
757 410 827 444 haec
849 410 978 443 arrectis
997 409 1100 443 adstat
1122 409 1250 443 autibus
1266 439 1275 453 ,
1305 410 1477 457 statimque
1495 423 1535 445 ne
1550 411 1666 458 depre-

273 461 434 497 hendatur
448 490 457 503 ,
474 471 579 507 prono
591 458 621 493 se
637 459 787 493 demittit
797 470 934 505 corpore
949 485 958 500 ‚
985 470 1044 492 nec
1063 457 1138 492 ante
1165 458 1290 493 involat
1317 460 1351 492 in
1374 459 1515 507 praedam
1533 487 1542 502 ,
1568 459 1666 506 quam

275 522 346 546 mus
363 509 383 544 ὲ
395 508 527 544 latebris
540 511 584 543 ita
600 508 710 551 distet,
727 520 762 542 ut
774 505 867 541 citius
882 510 954 554 capi
968 535 978 549 ,
995 506 1096 554 quam
1106 509 1138 542 in
1155 507 1282 551 locum,
1303 508 1390 542 unde
1400 509 1540 551 exierat,
1558 519 1668 556 regre-

275 560 308 594 di
324 558 428 607 possit.
452 558 542 604 Quid
553 556 642 592 aliud
661 557 785 592 faceret
800 556 902 590 homo
915 553 1175 603 prudentiffimus
1186 586 1196 601 ,
1213 559 1270 604 qui
1284 556 1314 591 se
1330 555 1421 593 simili
1433 569 1556 593 venatu
1568 556 1670 591 vellet

277 619 426 644 exercere
446 616 456 642 Ξ

313 658 352 693 R.
366 656 428 691 Ista
439 655 573 703 quidem
589 684 600 698 ‚
629 661 661 693 ὅ(
679 654 740 690 alia
760 667 832 703 quae
851 655 1052 690 adducuntur
1070 656 1102 689 in
1126 654 1210 689 hanc
1233 666 1302 690 rem
1324 655 1463 703 plutima
1475 683 1484 698 ,
1509 655 1591 689 adeo
1604 666 1671 690 non

278 705 418 756 probare
434 704 553 739 bestias
565 704 649 739 nulli
673 707 862 753 cognitione
878 734 887 748 ,
916 703 1008 739 nullo
1031 702 1138 746 sensu,
1158 703 1248 738 nulla
1270 704 1440 752 voluptate
1471 704 1581 738 donari
1599 732 1609 746 ,
1636 715 1673 738 ut

278 754 363 792 nihil
376 753 482 789 afferri
495 752 589 802 poffit
605 782 614 796 ,
638 755 728 801 quod
740 753 820 788 illud
837 751 1026 801 persuadeat
1051 755 1163 800 magis.
1187 754 1222 787 Id
1236 766 1335 788 unum
1353 751 1475 788 faceffit
1487 754 1673 801 negotium,

279 805 368 852 quod
380 804 520 838 hominis
531 805 694 838 rationem
707 815 791 850 pene
802 803 973 837 videantur
987 804 1146 850 attingere
1161 816 1169 837 :
1189 800 1240 837 sed
1259 801 1335 836 illud
1353 807 1420 849 jam
1433 801 1511 850 saepe
1521 804 1674 844 diximus,

279 852 429 888 umbram
446 853 577 886 rationis
597 857 629 888 ὃς
645 852 753 900 judicii
774 853 807 886 in
824 853 861 885 iis
874 862 1028 900 apparere
1042 880 1051 894 ,
1071 853 1154 884 circa
1178 863 1227 885 res
1242 849 1416 899 singulares
1435 857 1468 888 &
1490 849 1673 894 sensibiles—5

279 915 331 937 res
347 914 479 949 quoque
493 913 659 936 concretas
673 906 706 937 &
719 899 901 936 materiales
917 929 926 944 ,
943 912 1009 935 non
1021 899 1196 934 abstractas
1208 905 1240 936 δε
1258 899 1410 948 spiritales
1423 899 1463 933 ab
1479 902 1517 933 iis
1538 901 1671 948 percipi.

281 953 362 988 Non
374 951 459 985 hunc
477 950 611 998 quidem
625 950 772 999 leporem
782 950 1036 984 determinatum
1046 960 1191 996 quaerunt
1205 977 1216 992 ,
1239 948 1291 983 sed
1313 947 1446 983 confusa
1466 948 1585 996 leporis
1606 948 1676 995 spe·-

284 1002 348 1035 cies
363 1012 476 1034 eorum
497 999 634 1033 cerebro
648 1001 790 1047 imprimi
805 999 933 1047 potest:
954 1009 1062 1045 neque
1082 997 1134 1031 illa
1147 996 1264 1045 species
1289 1000 1390 1047 magis
1406 997 1453 1031 est
1471 997 1676 1040 universalis,

286 1048 386 1096 quam
398 1048 553 1097 descripta
566 1048 675 1083 circuli
691 1048 792 1096 figura
805 1076 815 1091 ,
840 1059 909 1095 quae
926 1046 1062 1082 circulos
1080 1059 1193 1081 omnes
1213 1044 1356 1083 exhibet.
1372 1046 1523 1081 Instinc‘ssu
1538 1046 1678 1093 quodam

287 1104 323 1135 &
335 1111 421 1133 caeco
431 1109 551 1134 naturae
569 1100 694 1145 impetu
706 1098 745 1131 ad
757 1099 968 1132 venationem
983 1095 1148 1131 feruntur:
1165 1094 1218 1130 sed
1236 1094 1291 1130 nisi
1315 1094 1391 1130 ess‘et
1406 1094 1514 1142 aliqua
1534 1094 1680 1129 docilitas

286 1150 321 1180 in
331 1159 410 1181 cane
424 1176 433 1189 ,
457 1147 509 1181 hic
527 1147 658 1194 perdice
670 1146 862 1181 olfacstusant
878 1145 945 1180 vifis
965 1143 1160 1193 deprehensa
1176 1173 1195 1188 ,γ
1213 1144 1353 1179 tremulo
1375 1144 1481 1178 caudae
1505 1154 1598 1178 motu
1622 1155 1681 1178 ve-

285 1206 436 1230 natorem
455 1207 521 1229 non
542 1195 743 1229 admoneret.
768 1197 882 1240 Itaque
897 1193 994 1241 longa
1012 1192 1207 1228 assuetudine
1227 1221 1237 1235 ,
1263 1195 1364 1240 poenis
1388 1194 1486 1226 etiam
1507 1191 1681 1240 impositis,

287 1242 454 1278 blanditiis
469 1248 502 1279 δε
516 1242 584 1276 aliis
598 1242 720 1277 artibus
739 1242 905 1277 edocetur.
923 1239 1049 1276 Verum
1059 1241 1128 1275 haec
1143 1242 1298 1276 institutio
1308 1269 1318 1284 ,
1331 1241 1478 1275 docilitas
1490 1268 1499 1282 ‚
1514 1240 1682 1289 plagarum

288 1304 359 1338 quae
378 1302 517 1339 acceptae
529 1290 597 1325 sunt
614 1320 623 1334 ,
648 1292 827 1333 memoria,
847 1301 952 1324 metus
967 1290 1230 1336 impendentium
1245 1318 1255 1332 ‚
1275 1290 1388 1337 praedae
1408 1288 1501 1337 ipsius
1522 1290 1681 1337 cupiditas

286 1343 368 1378 ‚citi-a
384 1339 484 1374 ullum
497 1337 618 1374 sensum
634 1369 642 1381 ,
662 1340 905 1386 cognitionem,
920 1339 1105 1386 appetitum
1119 1365 1129 1380 ,
1154 1337 1359 1385 voluptatem
1373 1366 1383 1381 ,
1400 1338 1548 1373 dolorem
1562 1338 1683 1373 intelli-

288 1391 322 1437 gi
336 1387 426 1422 nullo
440 1389 539 1422 modo
555 1386 691 1435 possunt,
703 1390 748 1422 uti
765 1391 833 1433 jam
850 1385 941 1436 supra
956 1387 1104 1431 diximus.

330 1440 413 1485 Qae
425 1437 465 1470 de
475 1436 651 1471 bestiarum
668 1438 860 1479 ratiocinio,
887 1433 1020 1470 consilio
1033 1465 1042 1479 ,
1065 1435 1226 1470 eleffione
1251 1435 1410 1479 afferunt,
1431 1435 1546 1469 eadem
1565 1437 1597 1470 in
1616 1434 1685 1482 ipsus

289 1485 474 1522 infantibus
489 1488 648 1521 cernimus
668 1497 742 1520 ante
760 1483 849 1520 usum
871 1486 1004 1519 rationis
1018 1514 1027 1527 ,
1049 1483 1105 1519 ubi
1123 1497 1182 1519 nec
1201 1483 1345 1519 libertati
1359 1486 1401 1519 est
1416 1484 1521 1527 leem,
1539 1496 1610 1531 quae
1623 1484 1686 1520 fine

290 1535 437 1584 perfecta
449 1537 637 1583 cognitione
651 1563 660 1577 ,
686 1540 720 1571 δε
738 1533 959 1582 intelligentia
971 1531 1032 1568 esse
1043 1535 1180 1580 nequit,
1195 1546 1255 1568 nec
1265 1533 1431 1568 reflexioni
1446 1535 1479 1567 in
1493 1531 1573 1581 ipsas
1583 1535 1686 1568 aetio-

291 1596 362 1620 nes.
375 1583 536 1618 Dolorem
547 1583 687 1619 sentiunt
700 1595 736 1618 ut
749 1583 842 1618 bruta
857 1612 866 1626 ‚
890 1595 1023 1631 pravam
1045 1581 1165 1617 scilicet
1186 1585 1299 1630 organi
1317 1581 1528 1617 affeffionem
1545 1611 1555 1625 ,
1572 1593 1627 1616 aut
1639 1583 1688 1616 di-

291 1631 448 1667 visionem
464 1649 472 1675 ·,
486 1633 563 1678 quid
580 1631 616 1668 sit
632 1632 725 1667 dolor
744 1634 776 1668 in
793 1631 952 1668 abstraffilo
971 1661 981 1675 ,
1006 1643 1042 1666 ut
1058 1631 1235 1679 loquuntur
1248 1660 1256 1674 ‚
1288 1645 1356 1667 non
1383 1633 1574 1681 percipiunt·
1606 1633 1688 1680 Qae

293 1682 334 1715 de
352 1680 452 1716 brutis
471 1680 630 1730 objiciunt
648 1683 778 1726 omnia,
798 1681 867 1716 haec
886 1681 926 1716 de
943 1680 1126 1716 infantibus
1145 1693 1219 1715 mox
1240 1683 1322 1715 natis
1337 1693 1426 1728 aeque
1438 1680 1500 1714 dici
1515 1677 1654 1727 possunt.

301 1731 388 1765 Cum
401 1730 465 1765 haec
481 1729 890 1774 scriberemus,nuntiatum
903 1729 1000 1765 nobis
1015 1729 1076 1765 fuit
1089 1742 1206 1777 equum
1222 1731 1358 1765 Lutetiae
1371 1729 1502 1779 publice
1512 1729 1689 1765 videndum

295 1782 492 1827 exponi,qui
506 1781 698 1815 numerandi
717 1792 819 1815 artem
832 1778 873 1814 fic
886 1780 1021 1814 edoctus
1038 1779 1134 1822 est,ut
1145 1778 1272 1813 lusorias
1287 1778 1447 1814 chartulas
1456 1791 1521 1814 non
1532 1778 1632 1813 modo
1641 1779 1689 1813 di,

293 1830 440 1876 judicet,
465 1827 518 1863 sed
537 1841 618 1876 quot
637 1829 756 1877 pundka
775 1830 987 1872 contineant,
1017 1827 1124 1863 statim
1140 1830 1298 1876 percipiat
1313 1858 1323 1871 ,
1350 1833 1385 1866 δε
1404 1839 1523 1862 terram
1539 1827 1622 1875 pede
1638 1839 1690 1862 to-

295 1880 356 1912 ties
375 1874 631 1926 petcutiagquot
642 1878 824 1920 charta,aut
837 1875 946 1911 tessera
957 1878 1085 1926 punffis
1099 1878 1395 1926 distinguitur.Cum
1412 1878 1482 1911 duae
1495 1874 1689 1912 exhibentur

295 1928 412 1963 chartae
431 1925 705 1975 lusoriae‚quarum
720 1939 783 1961 una
800 1939 848 1961 ex.
861 1939 908 1975 gr.
919 1930 947 1963 8.
957 1925 1058 1961 altera
1066 1941 1096 1971 9.
1111 1928 1196 1961 notis
1209 1925 1491 1975 infignitur‚statim
1510 1939 1553 1970 17.
1569 1923 1688 1960 iffibus

295 1976 399 2011 solum
415 1975 506 2011 ferit.
521 1979 707 2013 Nummum
726 1988 860 2011 aureum
874 1975 1053 2011 siostendas
1065 2004 1074 2019 ‚
1095 1987 1149 2011 aut
1159 1974 1253 2010 aliam
1272 1987 1463 2018 monetam,
1486 1974 1587 2010 statim
1609 1985 1690 2021 quot

296 2025 390 2060 librae
408 2027 442 2059 in
453 2037 591 2060 nummo·
606 2038 704 2060 aureo
716 2054 726 2069 ,
743 2037 826 2073 quot
838 2023 914 2060 asses
927 2027 962 2060 in
973 2036 1125 2073 argentea
1137 2036 1270 2060 moneta
1282 2027 1509 2061 contineantur
1518 2051 1528 2066 ,
1541 2023 1624 2070 pede
1639 2025 1690 2057 in-

298 2075 397 2110 dicat.
427 2076 507 2109 Non
526 2073 621 2109 ausim
638 2086 747 2109 tamen
762 2072 920 2109 affirmare
934 2073 1059 2109 nullum
1076 2075 1108 2108 in
1125 2086 1161 2108 ea
1182 2086 1216 2108 re
1243 2074 1304 2109 effe
1321 2074 1431 2117 fucum
1448 2099 1458 2114 ,
1489 2083 1545 2106 aut
1568 2083 1690 2119 equum

300 2123 391 2159 nullo
412 2121 499 2171 signo
518 2123 710 2167 admoneri,
729 2134 764 2158 ut
781 2135 896 2172 pergat
914 2134 1031 2158 terram
1050 2121 1148 2157 ferire
1173 2137 1181 2158 :
1212 2135 1398 2171 quanquam
1414 2121 1448 2155 id
1466 2119 1690 2169 deprehende-

301 2184 335 2205 re
350 2185 419 2207 non
440 2174 611 2219 potuimus.
634 2175 810 2219 Utcunque
823 2170 880 2215 fit,

349 2222 388 2256 R.
408 2220 478 2254 haec
495 2220 585 2256 nullo
598 2222 699 2256 modo
711 2221 861 2269 explicari
874 2221 959 2270 posse
974 2251 984 2266 ,
1007 2222 1171 2257 si'omnem
1188 2224 1411 2269 cognitionem
1428 2220 1502 2255 huic
1519 2230 1606 2265 equo
1624 2218 1693 2252 adi„

305 2282 370 2303 mas
388 2287 397 2313 3
416 2269 523 2305 fateor
545 2271 677 2318 quidem
689 2273 744 2305 vix
758 2271 777 2306 ἐι
791 2283 843 2305 me
857 2271 995 2320 intelligi
1007 2284 1044 2306 ea
1060 2268 1214 2319 poffe,nisi
1228 2272 1431 2314 ratiocinium
1446 2268 1611 2316 quoddam
1630 2269 1692 2301 irn-

307 2318 488 2364 perfeffihim
499 2321 580 2353 circa
594 2332 643 2354 res
658 2319 1025 2369 sensibiles&corporeas
1041 2321 1114 2355 huic
1125 2317 1378 2355 tribuaniuS.Sed
1391 2330 1469 2353 vera
1479 2319 1561 2352 ratio
1570 2328 1631 2363 qua
1645 2327 1693 2349 res

302 2365 384 2415 ipsas
396 2369 427 2403 in
438 2380 612 2414 concreto,
646 2379 681 2404 ut
697 2381 816 2405 vocant
828 2399 839 2414 ,
862 2383 928 2406 non
947 2379 1150 2408 numeramus
1162 2366 1264 2403 modo
1277 2397 1288 2414 ,
1317 2368 1406 2417 quod
1425 2367 1509 2402 forte
1533 2365 1693 2414 pleraeque
