1857 2745
601 113 931 151 MORALIS.
1391 132 1445 165 29¹

22 179 25 204 ;
63 182 126 221 que
139 168 262 204 bonum
274 165 434 217 sigillatim
448 161 620 212 sumptum.
646 164 710 199 Sed
729 164 819 212 quod
833 162 1006 200 neceffiirio
1024 163 1172 201 volumus
1189 164 1375 202 necessitate
1388 169 1446 204 vel

63 217 194 257 nami-ali
204 246 214 261 ,
228 216 282 251 vel
297 215 512 251 antecedente
523 242 532 256 ,
551 213 582 246 id
593 226 661 248 non
669 212 772 247 libere
788 241 799 256 ‚
808 225 997 261 quanquam
1006 213 1150 250 libenter
1159 215 1309 251 volumus
1320 229 1448 265 5neque

17 284 25 301 i
63 269 148 304 enim
163 265 294 301 libertas
316 278 388 300 cum
403 261 542 298 libentia
557 290 566 305 ‚
582 274 619 297 ut
632 265 677 297 ita
690 262 814 307 dicam,
834 263 877 298 est
895 263 1133 300 confundenda.
1151 267 1272 301 Omnis
1295 265 1448 302 voluntas

63 316 109 352 est
122 315 224 352 libera
236 343 244 354 ‚
259 314 311 349 sed
324 327 392 350 non
408 315 512 348 omnis
528 313 614 347 affin
626 311 809 348 intellefflis
823 312 867 346 est
876 314 1095 350 ratiocinatio.
1119 314 1202 362 Qae
1216 315 1237 350 ἒι
1252 326 1362 350 natura
1376 314 1449 351 sunt

101 364 236 413 aescripta
246 393 255 407 ,
267 364 307 398 de
317 366 354 397 iis
366 375 425 399 nec
437 364 662 397 ratiocinamur
674 391 684 405 ,
700 374 758 396 nec
769 360 988 398 consultamus
1002 377 1010 399 t
1023 361 1122 398 bruta
1133 362 1247 412 sponte
1258 375 1371 412 agunt,
1381 378 1449 413 non

76 413 166 449 ibere
182 431 191 457 ·,
207 415 283 460 quia
298 411 473 447 neceisario
483 440 493 455 ,
511 416 545 448 δέ
560 413 639 446 citra
653 411 939 448 deliberacionem.

91 461 125 508 '3.
150 461 372 498 indiffierentia
386 490 391 499 ,
411 459 431 495 fi
443 473 560 495 vocem
574 461 804 495 tantummodo
818 460 960 508 spectes,
973 460 1052 496 nihil
1063 461 1105 495 est
1118 459 1303 509 positivum,
1319 461 1370 497 sed
1389 475 1450 498 ne..

22 527 24 549 1
63 513 153 561 gatio
168 522 294 547 tantum
303 511 598 546 determinationis.
612 512 657 545 At
667 509 687 544 fi
699 522 768 544 reni
787 511 886 558 ipsam
897 539 906 554 ‚
919 515 951 546 &
969 511 1036 545 vini
1051 509 1136 544 illius
1157 512 1246 544 vocis
1260 510 1450 556 confideres,

65 572 136 597 tum
153 561 196 595 est
207 559 327 607 aliquid
341 559 427 593 reale
437 565 469 596 δέ
482 557 655 608 positivum
669 559 733 594 :est
753 561 841 594 enirn
852 572 904 595 vis
914 558 978 595 sese
988 559 1227 594 determinandi
1240 588 1250 603 ‚
1267 573 1335 608 quae
1346 560 1452 595 adhuc

22 647 25 657 k
63 622 176 646 manet
191 622 266 644 curn
277 610 419 657 agimus,
439 608 516 642 licet
537 622 603 643 non
616 608 652 643 fit
672 609 807 657 air-plius
833 609 1098 644 indeterminatio
1131 607 1187 642 illa
1213 612 1375 658 negativa.
1402 611 1453 646 Ut

0 676 15 690 w
63 661 153 694 enim
171 658 247 694 vilio
261 671 326 692 non
358 657 446 692 tollit
473 659 559 692 vimi
585 657 649 692 sam
675 658 806 693 videndi
822 686 831 701 ,
857 656 909 692 sed
928 660 1031 707 magis
1047 670 1121 692 eam
1140 657 1288 706 perficit:
1306 657 1347 693 fic
1363 661 1452 694 affio

17 727 19 753 j
63 707 132 756 ipsa
143 720 209 743 non
224 707 357 741 destruit
371 709 438 741 vim
450 706 538 741 illam
553 671 598 741 iili
609 707 910 741 determinatricem
925 736 935 751 ‚
953 720 1053 755 quam
1072 707 1232 742 libertatis
1247 712 1382 744 nomine
1403 711 1454 743 in-

0 779 3 787 ,
66 755 251 805 telligirnus‚
266 756 367 791 Unde
384 758 442 803 qui
462 757 550 803 agit,
562 753 733 790 necessario
750 758 884 803 agit5ex
895 755 1063 805 hypothesi
1084 757 1172 804 quod
1193 769 1267 805 aga
1286 756 1360 792 :sed
1380 769 1459 793 cumr

22 811 25 850 s
66 805 149 841 lianc
164 802 388 840 necestitate-m
403 803 462 838 fibi
481 803 585 838 libere
597 806 746 852 imponat
757 834 766 846 ‚
785 817 896 840 eanec
909 805 1073 850 libertati,
1089 818 1150 841 nec
1161 805 1390 841 indiffcrentiae
1401 819 1454 842 ac-

65 855 141 889 tivae
153 852 257 890 obest.
277 855 359 890 Non
376 854 465 901 quod
479 853 594 900 aliquis
603 852 693 887 fimul
707 865 802 901 agere
816 853 911 901 possit
920 861 952 893 ὃ(
964 868 1030 890 non
1042 868 1138 904 agere
1149 884 1158 898 ‚
1169 868 1203 890 ut
1219 855 1406 903 loquuntur,
1421 859 1456 891 in

59 902 154 944 ⁴sensu
168 901 367 951 composito:
384 915 460 937 nam
472 904 561 937 aetus
572 908 604 938 &
616 904 748 949 negatio
761 903 851 938 achis
871 902 960 939 fimui
977 907 1129 952 conjungi
1153 918 1219 939 non
1237 904 1362 953 possunt
1377 919 1385 940 ε
1402 905 1455 939 sed

63 953 212 998 quieuitu
221 965 241 985 o
266 961 373 985 eratur
385 979 395 994 ,
408 950 507 985 habet
525 952 706 999 potentiam
718 951 832 998 agendi
851 957 884 988 ὅ(
898 965 965 987 non
978 955 1094 1000 agendi
1107 982 1117 996 ‚
1127 965 1162 987 ut
1175 954 1274 1002 vulgo
1291 956 1381 989 aiunt
1393 983 1402 997 ,
1421 956 1456 988 in

65 999 154 1036 sensu
166 964 277 1035 divisg.
291 1001 376 1046 Qae
395 1002 509 1047 utique.
526 1000 716 1034 adnotamus
730 1010 765 1033 ut
781 1012 853 1046 quae
866 999 973 1036 afferri
992 1001 1096 1036 solent
1106 1002 1328 1037 cavillationes
1342 1032 1352 1047 ,
1373 1003 1456 1037 faci-

65 1047 125 1084 lius
144 1048 314 1085 elidantur.
328 1050 392 1082 His
412 1050 524 1095 itaque
538 1048 720 1082 constitutis
737 1047 777 1080 ad
789 1059 826 1081 ea
838 1061 909 1092 quae
921 1049 1019 1097 objici
1028 1050 1156 1092 solent,
1166 1053 1344 1085 veniamus.

104 1099 191 1147 Opp.
206 1110 232 1132 ι’.
245 1097 328 1131 Illud
343 1095 403 1131 effe
420 1096 560 1131 liberum
571 1125 580 1139 ,
590 1096 681 1143 quod
696 1095 743 1129 est
757 1097 788 1130 in
802 1097 910 1130 nostra
921 1097 1095 1144 potestate,
1109 1098 1160 1132 seu
1178 1099 1264 1145 quod
1276 1100 1362 1133 adest
1380 1111 1455 1133 cum

68 1146 229 1183 volumus.
246 1146 308 1181 Sed
320 1145 397 1181 nihil
410 1146 457 1180 est
470 1147 572 1194 magis
585 1147 616 1179 in
635 1143 796 1192 potestate
806 1145 910 1179 nostra
920 1174 930 1189 ,
939 1158 1037 1192 quam
1046 1148 1135 1181 aetus
1153 1146 1293 1195 quilibet
1306 1148 1458 1183 volunta,

67 1199 108 1232 tis
121 1196 244 1232 nostrae.
257 1197 348 1231 Hinc
359 1196 392 1231 S.
412 1195 601 1243 Augustinus
620 1193 638 1226 l.
651 1209 676 1240 3.
688 1193 729 1227 de
746 1191 840 1230 liber.
853 1193 990 1230 arbitrio
1001 1224 1010 1238 ‚
1021 1199 1170 1232 nonenim
1190 1224 1195 1233 ,
1215 1199 1340 1244 inquit,
1356 1200 1456 1246 poffu-

22 1281 26 1292 ,
67 1258 136 1281 mus
149 1244 458 1299 qliquz'dfimireeffe
476 1246 510 1278 in
523 1243 676 1292 potestate
690 1242 793 1276 nosfra
809 1271 814 1277 .
830 1244 889 1289 nifi
904 1244 991 1291 quod
1003 1273 1012 1283 ‚
1030 1257 1100 1278 cum
1117 1246 1265 1281 volumus
1278 1275 1286 1289 ‚
1301 1247 1456 1291 facimus.

67 1302 266 1344 quapropter
286 1292 445 1328 nihiltam
463 1295 497 1328 in
510 1292 617 1327 nostra
632 1292 678 1326 est
702 1292 886 1340 potestate,
902 1292 1003 1341 quarn
1025 1293 1088 1342 ipsa
1109 1294 1278 1338 voluntas,
1299 1295 1361 1330 hoc
1381 1296 1428 1330 est
1446 1325 1456 1339 ,

67 1345 154 1380 adius
167 1342 344 1378 voluntatis
354 1372 363 1386 ,
379 1354 478 1391 quern
497 1352 624 1376 veteres
637 1353 748 1377 omnes
762 1344 897 1377 nornine
911 1342 1086 1378 voluntatis
1097 1343 1274 1380 donabant.
1295 1347 1384 1380 Nam
1396 1358 1456 1379 vo..

69 1392 191 1429 litionis
204 1404 327 1427 nomen
340 1391 359 1427 *a
373 1391 573 1426 Scholasticis
583 1390 690 1439 postea
702 1390 869 1426 induebam
886 1390 959 1426 fuit.
986 1395 1083 1427 Hanc
1093 1404 1203 1428 autem
1218 1397 1379 1429 rationem
1398 1395 1455 1428 ad-

69 1441 165 1483 hibet
184 1443 215 1477 S.
230 1441 425 1487 Augustinus
445 1468 455 1482 ‚
470 1451 505 1474 ut
519 1438 709 1486 respondeat
726 1451 920 1488 argumento
942 1441 1030 1488 quod
1046 1453 1085 1474 ex
1103 1440 1236 1488 persona
1255 1443 1373 1477 Evodii
1399 1441 1456 1477 sibi

70 1490 238 1538 'objecerat
251 1503 258 1524 :
276 1488 405 1534 Qtodfi
415 1487 616 1536 praefiius‘est
622 1496 827 1534 peccaturum
850 1489 905 1534 effi
917 1488 1068 1522 hominem
1082 1517 1091 1528 ‚
1105 1491 1214 1536 neccffe
1227 1490 1267 1534 est
1282 1501 1318 1524 ut
1327 1500 1434 1538 peccet
1446 1507 1454 1526 ,-

66 1538 102 1585 fi
113 1548 218 1573 autem
229 1538 340 1584 neccffe
359 1536 398 1582 est
413 1565 422 1579 ‚
435 1549 496 1570 non
513 1549 585 1584 ergo
600 1535 640 1579 est
657 1538 690 1568 in
706 1534 862 1581 peccando
881 1536 1059 1570 voluntatis
1077 1537 1246 1571 arbim-inm
1258 1567 1267 1577 ‚
1280 1539 1339 1584 [ἑά
1351 1541 1454 1587 potins

73 1585 272 1622 inevitabilis
291 1586 329 1620 ὠ
338 1586 413 1630 fixa
430 1583 598 1628 neceffitas.
627 1584 818 1632 Respondet
833 1613 841 1627 ‚
858 1585 1011 1630 inquam,
1029 1588 1061 1621 S.
1078 1586 1268 1634 Augustinus
1287 1598 1457 1635 peccatum

75 1635 138 1672 effe
157 1633 294 1670 liberum
305 1664 313 1678 ‚
326 1637 401 1682 quia
416 1634 463 1668 est
474 1635 507 1667 in
529 1634 634 1668 nostra
651 1632 813 1681 potestate
825 1661 833 1676 ,
851 1637 884 1670 &
899 1632 936 1669 fit
953 1636 1028 1680 quia
1045 1634 1193 1670 volumus
1209 1650 1218 1671 :
1237 1637 1320 1670 adeo
1334 1648 1368 1671 ut
1386 1635 1456 1671 fieri

75 1698 141 1722 non
153 1683 246 1734 posfit
255 1695 291 1718 ut
303 1684 439 1718 velimus
453 1682 585 1730 aliquid,
601 1688 634 1720 ὃ(
647 1694 714 1718 non
738 1680 773 1716 sit
784 1681 929 1718 liberum.
955 1683 1165 1730 Qamobrem
1176 1712 1183 1723 ‚
1201 1687 1304 1731 inquit
1314 1713 1322 1726 ,
1342 1698 1456 1732 quam..

75 1737 130 1768 vis
147 1735 286 1783 praefts'at
304 1735 392 1766 Deus
411 1730 528 1776 nostras
543 1732 725 1766 voluntates
732 1730 871 1775 futuras
882 1760 891 1775 ,
903 1745 963 1766 non
983 1745 1023 1766 ex
1037 1745 1068 1767 eo
1082 1744 1186 1767 tamen
1203 1733 1369 1778 conficitur
1381 1762 1391 1773 ‚
1419 1746 1457 1769 ut

24 1797 27 1826 ς
75 1795 136 1818 non
149 1783 318 1816 voluntate
331 1781 471 1828 'aliquid
493 1782 642 1816 velimus.
667 1781 750 1831 Q
765 1778 922 1827 responsio
940 1783 1075 1816 minime
1088 1778 1163 1817 effer
1182 1782 1313 1817 ferenda
1326 1811 1334 1825 ‚
1352 1781 1407 1817 nifi
1421 1795 1456 1819 ut

79 1842 202 1866 certum
214 1830 419 1879 supponeret,
435 1831 544 1864 aetum
557 1842 690 1865 omnem
709 1828 886 1864 voluntatis
899 1828 960 1865 else
973 1829 1110 1865 liberum
1127 1832 1226 1879 idque
1241 1829 1455 1866 effentialiter.

0 1895 2 1910 1
24 1874 26 1934 l
77 1881 166 1916 Hinc
177 1879 360 1922 concludit,
380 1878 532 1912 voluntas
550 1881 650 1927 igitur
670 1877 774 1922 nostra
791 1879 1006 1913 necvoluntas
1017 1880 1151 1927 effetm'fi
1169 1882 1238 1928 effer
1249 1883 1281 1915 in
1291 1879 1394 1925 nostra
1403 1891 1458 1929 po-

84 1928 193 1973 testate
210 1939 323 1976 :porro
342 1931 419 1974 quia
444 1926 484 1972 est
495 1930 528 1961 s'n
545 1927 696 1973 potestate
710 1955 717 1965 ‚
731 1925 833 1961 libera
844 1927 896 1972 est.

114 1977 204 2026 Resp.
221 1991 230 2011 1
245 2005 252 2013 .
261 1979 295 2012 S.
312 1977 519 2025 Augustinum
530 1975 633 2011 hocin
644 1976 717 2011 loco
727 1981 760 2013 &
771 1975 850 2010 alibi
859 1974 970 2025 paffim
979 1976 1117 2014 liberum
1129 1991 1204 2013 cum
1216 1976 1411 2017 voluntario,
1424 1985 1459 2017 ἃ(

82 2024 270 2070 libertatem
296 2039 370 2062 cum
383 2024 524 2060 libentia
542 2025 743 2061 confundere
759 2040 767 2061 :
785 2037 861 2060 nam
879 2039 978 2062 omne
994 2028 1082 2074 quod
1101 2027 1249 2062 volumu=
1262 2027 1364 2063 libere
1376 2029 1460 2072 ‚hoc

84 2073 223 2110 libenter
241 2075 401 2119 volumus,
419 2088 485 2110 non
502 2076 635 2119 maele,
653 2088 720 2110 non
741 2076 976 2124 invititestque
990 2079 1024 2111 in
1036 2079 1127 2112 omni
1138 2078 1212 2112 adiu
1229 2076 1403 2113 voluntatis
1417 2077 1458 2112 li-

82 2122 191 2158 bei-tas
205 2124 225 2159 a
241 2124 424 2160 necestitate
436 2125 630 2166 mainonis,
643 2137 710 2159 non
720 2122 934 2168 &necessitate
945 2126 1100 2160 naturalis
1118 2125 1334 2160 inclinationis
1355 2156 1364 2170 ‚
1387 2140 1459 2173 quae

87 2170 229 2207 libertati
241 2174 374 2220 quidem
385 2172 440 2223 ipsi
451 2186 519 2208 non
538 2185 605 2208 tarn
619 2172 801 2207 adversatur
813 2185 930 2220 ‚quarn
942 2174 1007 2209 usui
1029 2173 1188 2209 libertatis
1199 2203 1209 2218 ‚
1231 2187 1265 2208 ut
1280 2174 1357 2222 saepe
1383 2176 1460 2211 dixi-

89 2231 166 2254 mus·
192 2221 292 2257 Nulla
316 2225 404 2258 enim
419 2222 462 2257 est
481 2222 631 2257 voluntas
642 2234 715 2270 quae
730 2234 794 2256 non
814 2221 937 2259 habeat
954 2223 1096 2271 aliquam
1115 2222 1172 2257 fibi
1197 2223 1386 2270 adjunaam
1403 2237 1461 2260 ne-

89 2266 266 2304 ceffitatem
280 2272 319 2305 ad
339 2272 470 2320 aliquod
494 2270 639 2307 bonum:
662 2271 748 2307 unde
762 2271 846 2305 nulla
860 2273 907 2305 est
928 2272 1078 2307 voluntas
1098 2271 1203 2306 libera
1223 2272 1367 2313 respecstu
1388 2288 1460 2310 orn-

90 2318 180 2351 nium
191 2316 402 2365 objeistorum.
421 2322 485 2356 Sed
497 2333 535 2357 ex
548 2320 732 2357 necessitate
743 2318 798 2354 illa
812 2321 949 2355 naturali
961 2320 1091 2355 libertas
1106 2322 1213 2355 omnis
1226 2317 1344 2358 oritur:
1357 2336 1462 2371 quan-

89 2377 188 2412 quam
207 2366 373 2403 inclinatio
386 2369 450 2417 ipsa
461 2369 613 2406 naturalis
624 2369 727 2407 libera
745 2382 812 2406 non
827 2369 895 2407 est:
913 2382 948 2406 ut
966 2372 1072 2406 omnis
1087 2372 1293 2406 ratiocinatio
1320 2384 1358 2407 ex
1373 2375 1461 2421 prin-

1193 2422 1258 2455 Oo
1294 2422 1313 2468 ij
