1857 2745
398 125 1182 173 DE„PRAED1CAMENTIS.
1442 146 1487 178 τις

521 209 920 246 ARTICULUS
957 211 1034 245 III.

434 291 509 337 215ae
527 290 571 324 ad
590 288 961 339 categorIamfitbstantiae
981 291 1175 338 pertineant.

93 379 99 382 '
150 375 182 407 D
198 371 357 419 reliquum
370 371 412 405 est
423 399 431 413 ‚
455 382 490 406 ut
503 370 616 406 scriem
627 401 637 415 ‚
660 381 715 405 aut
729 372 924 419 categoriam
948 369 1123 405 substantiae
1141 380 1344 416 pertexamus
1357 398 1366 413 ‚
1395 383 1479 418 quae-

151 433 212 468 que
226 420 267 455 ab
279 432 315 454 ea
329 417 387 453 fint
396 421 593 455 removenda
604 449 614 463 ,
631 419 725 468 paulo
739 420 923 468 diligentius
936 421 1146 465 inquiramus,
1173 419 1218 453 Ac
1228 420 1364 465 primum
1378 431 1412 453 ut
1429 424 1480 454 ni-

109 469 156 504 hil
168 481 277 503 eorum
290 480 468 516 repetamus
482 497 490 510 ,
516 481 586 515 quse
599 472 679 503 circa
691 469 893 503 conditiones
906 469 946 502 ad
960 465 1157 516 categ'oriam
1171 465 1334 512 requifitas
1349 469 1381 500 in
1395 467 1485 516 supe-

108 519 183 551 riori
198 516 410 565 disputatione
419 517 515 551 allata
527 517 615 562 sunt,
636 518 668 552 id
682 519 800 553 merito
814 518 910 565 quaeri
928 517 1053 566 potest,
1081 527 1124 551 an
1137 517 1226 550 Deus
1259 517 1293 551 in
1317 520 1483 565 categoria.

107 563 282 602 substantia:
299 565 334 600 fit
350 566 565 614 reponendus,
913 567 916 571 ’

624 618 750 649 Ἴληίσα
770 615 942 660 Conclusio.

141 668 230 701 Deus
244 664 418 700 substantiae
430 666 603 714 categoria
622 677 690 699 non
712 667 906 699 continetur.

120 711 214 748 Proh.
226 715 322 748 Conc.
333 714 418 747 Cum
433 715 520 747 enim
537 716 623 747 Deus
636 712 671 746 fit
689 711 911 755 infinitus‚non
926 712 1097 748 secundum
1108 713 1243 758 quid‚ut
1255 713 1480 756 lineainfinita,

105 773 158 795 aut
173 773 285 809 corpus
301 759 493 803 infinitum,fi
508 762 594 806 quod
608 759 949 808 effet‚seds1mpliciter
962 767 996 798 ὃς
1006 760 1177 796 secundum
1188 760 1352 797 effentiam
1366 792 1376 806 ‚
1391 763 1480 810 quod

104 821 234 844 ornnem
253 812 335 844 entis
353 809 592 857 plenitudinem
605 808 840 859 compledtatur
856 838 865 852 ‚
886 810 1002 845 nullius
1017 821 1089 844 cate
1114 812 1187 844 oriae
1211 814 1354 845 terminis
1378 812 1479 860 potest

101 857 255 894 co'c'rceri.'
266 860 354 893 Hinc
370 862 458 893 Deus
472 857 492 892 ὲ
507 860 624 892 §aneto
635 857 792 905 Dionysio
804 871 869 892 non
882 857 1051 893 substantia
1061 887 1070 901 ,
1086 823 1138 892 (ξά
1150 859 1409 906 supersubstantia
1421 874 1479 895 no-

104 909 242 941 minatur
256 922 262 942 :
276 906 365 954 quod
380 905 416 940 fit
433 906 589 953 quiddam
604 909 692 940 omni
706 905 872 940 substantia
885 910 1067 955 categorica
1087 906 1236 953 superius,
1452 924 1455 930 v

139 954 298 1001 Copfir.10
314 955 417 1003 Qod
432 956 560 1002 ponitur
582 956 613 989 in
636 956 798 1002 categoria
814 953 990 990 substanti-x
1001 984 1010 998 ‚
1033 955 1064 988 id
1086 955 1139 990 vel
1157 955 1202 989 est
1217 967 1326 1004 genus,
1341 955 1392 990 vel
1408 955 1478 1003 spe-

102 1005 167 1036 cies
177 1023 194 1046 ,·
206 1003 257 1037 vel
279 1003 497 1045 indi'viduum3
513 1005 603 1049 atqui
623 1006 709 1038 Deus
730 1015 786 1036 nec
811 1006 956 1050 generis,
975 1016 1034 1037 nec
1050 1002 1167 1049 speciei
1198 1003 1297 1038 habet
1318 1016 1477 1038 rationem

101 1062 138 1084 ut
153 1051 293 1086 fatentur
307 1063 418 1085 ornnes
432 1079 442 1093 ,
464 1063 535 1084 cum
547 1052 588 1084 de
600 1051 709 1085 multis
724 1051 845 1099 specie,
871 1063 925 1085 aut
938 1063 1071 1085 nurnero
1087 1050 1311 1086 differentibus
1330 1053 1392 1085 dici
1410 1064 1477 1086 non

99 1098 286 1147 poffit3nec
297 1111 355 1147 pro
381 1102 426 1133 rie
445 1099 720 1141 estindividuum,
737 1111 809 1134 cum
829 1099 908 1133 nulli
922 1099 1038 1147 speciei
1059 1097 1264 1146 subjiciatur:
1293 1113 1369 1149 ergo
1389 1103 1476 1135 Deus

101 1148 191 1183 nullo
204 1148 301 1183 titulo
324 1112 500 1187 suEstantiae
519 1149 762 1196 praedicamento
780 1150 972 1182 continetur.

134 1196 283 1242 Confirm.
297 1210 329 1232 20
343 1197 424 1231 Illud
435 1199 594 1244 categoriq
607 1199 750 1232 terminis
762 1198 905 1230 co'c'rceri
918 1209 983 1231 non
995 1197 1197 1244 potest‚quod
1212 1198 1359 1231 continet
1370 1196 1478 1245 perfe-

101 1247 225 1280 Ctiones
239 1257 351 1280 omnes
369 1248 515 1281 omnium
528 1258 742 1280 creaturarum
755 1274 764 1288 ,
786 1251 820 1284 &
848 1257 953 1281 reruni
973 1258 1041 1294 quae
1055 1244 1189 1295 fingulis
1217 1248 1388 1295 categoriis
1408 1246 1476 1280 (unt

98 1293 330 1344 comprehensae
345 1307 353 1330 z
374 1294 427 1332 sed
440 1296 530 1329 Deus
544 1295 586 1329 est
600 1294 769 1340 ejusmodi.

585 1362 770 1395 Diluumur
795 1358 988 1405 objefflones.

123 1439 245 1488 ΟριῑωἼ
255 1444 342 1477 Deus
356 1443 402 1477 est
416 1441 532 1490 species
543 1440 712 1477 substantiae
723 1444 822 1477 etiam
838 1442 1049 1491 praedicabilis
1068 1456 1076 1478 :
1094 1456 1169 1478 nam
1187 1442 1228 1476 de
1245 1439 1387 1489 pluribus
1400 1452 1472 1488 per-

97 1485 179 1521 sonis
193 1488 330 1523 univoce
342 1490 467 1524 dicitur.

136 1536 222 1581 Resp.
244 1540 352 1571 Deum
365 1539 526 1585 praedicari
542 1538 582 1571 de
595 1535 737 1585 pluribus
751 1538 890 1584 personis
900 1540 979 1572 citra
997 1537 1041 1572 sui
1051 1537 1240 1574 divisionem
1251 1566 1260 1581 ‚
1278 1549 1383 1585 neque
1392 1538 1474 1573 adeo

99 1586 188 1619 Deus
207 1585 250 1618 est
263 1585 339 1631 quid
357 1586 542 1620 universale.

147 1632 229 1679 Opp.
248 1641 278 1669 20
291 1632 472 1668 Substantia
483 1633 645 1680 completa
657 1663 666 1677 ,
694 1647 766 1682 quae
785 1634 909 1669 definiti
929 1633 1031 1674 potest
1051 1662 1059 1676 ,
1072 1646 1203 1682 quaeque
1232 1651 1298 1672 non
1322 1638 1470 1671 continet

97 1689 145 1712 res
161 1680 229 1714 aliis
249 1684 419 1730 categoriis
434 1682 697 1730 comprehensas,
720 1685 881 1733 categoria
894 1681 1069 1716 substantia:
1088 1687 1278 1721 continetur.
1305 1687 1368 1720 Sed
1386 1688 1473 1720 Deus

97 1728 141 1762 est
154 1728 315 1776 ejusmodi.

128 1776 215 1823 Resp.
226 1781 333 1814 Deum
352 1780 412 1814 effe
431 1778 634 1815 substantiam
652 1780 866 1827 completam.
887 1780 937 1815 sed
950 1779 1110 1815 infinitam
1124 1783 1157 1815 in
1171 1785 1259 1816 omni
1273 1794 1389 1830 genere
1399 1794 1473 1829 per-

95 1823 249 1860 feffionis
261 1854 269 1869 ,
288 1841 352 1862 non
365 1828 530 1863 secundum
544 1831 622 1876 quid
637 1859 646 1873 ‚
664 1830 764 1876 qualis
777 1828 852 1864 effet
867 1829 952 1863 linea
965 1828 1100 1863 infinita.
1115 1828 1214 1865 Unde
1225 1841 1391 1864 revocatur
1400 1832 1473 1876 qui-

94 1873 169 1908 dem
196 1876 235 1908 ad
262 1875 393 1922 aliquod
420 1890 520 1925 genus
534 1906 543 1919 ,
577 1878 626 1911 sed
651 1891 716 1911 non
745 1880 974 1925 categoricum.
1007 1879 1093 1912 Nam
1119 1877 1237 1925 species
1268 1880 1470 1924 categoricae,

94 1933 164 1968 quae
174 1923 280 1958 eidem
291 1923 418 1961 subsunt
429 1928 561 1974 generi,
577 1925 646 1961 sunt
655 1926 744 1960 velut
757 1938 863 1973 partes
874 1924 919 1960 sui
932 1927 1057 1974 generis
1073 1940 1080 1961 ι
1096 1926 1180 1961 unde
1189 1939 1249 1961 una
1261 1926 1393 1961 alteram
1407 1939 1472 1961 non

96 1970 256 2017 includit,
275 1986 334 2008 nec
351 1974 536 2009 'formaliter
548 2003 557 2017 ,
576 1988 635 2010 nec
651 1977 844 2010 eminenter.

129 2020 214 2067 Opp.
229 2031 258 2066 30
275 2024 318 2057 Ex
340 2025 371 2059 S.
393 2024 475 2070 Aug.
486 2022 569 2058 libro
583 2026 697 2071 quinto
707 2024 747 2057 de
756 2025 919 2058 Trinitate
938 2026 998 2058 tria
1017 2024 1262 2071 praedicamenta
1276 2052 1285 2065 ,
1302 2021 1474 2059 substantia:

96 2068 246 2103 nimirum
259 2099 268 2112 ‚
293 2070 458 2106 relationis
476 2078 509 2109 &
527 2075 662 2108 aetionis
682 2076 758 2108 Deo
771 2075 989 2109 conveniunt:
1017 2084 1093 2121 ergo
1113 2076 1200 2110 Deus
1227 2072 1472 2120 praedicamento

96 2115 269 2152 substantiae
287 2123 480 2156 continetur.

129 2166 216 2214 Resp.
230 2167 312 2212 Dist.
324 2180 388 2203 ant.
401 2171 478 2204 Tria
495 2170 739 2217 praedicamenta
752 2174 856 2206 minus
871 2175 1001 2220 proprie
1019 2175 1091 2207 Deo
1103 2171 1302 2205 conveniunt
1315 2199 1326 2213 ,
1340 2170 1379 2205 C.
1398 2182 1472 2216 pro.

97 2215 166 2266 prie
175 2215 215 2248 ad
227 2219 334 2252 Deum
344 2220 508 2265 pertinent
520 2247 528 2261 ‚
549 2221 592 2255 N.
611 2218 660 2252 hae
674 2220 805 2266 quidem
824 2223 869 2255 ita
885 2225 959 2257 Deo
972 2221 1168 2262 tribuuntur,
1188 2229 1223 2252 ut
1246 2223 1313 2267 ejus
1332 2217 1474 2254 substan-

98 2270 176 2295 tiam
190 2290 199 2304 ‚
214 2263 383 2300 relationes
394 2266 595 2315 personarum
606 2296 615 2309 ‚
637 2273 669 2303 &
684 2280 793 2303 earum
806 2269 1016 2316 procesfiones
1031 2269 1099 2304 satis
1116 2268 1286 2302 commode
1299 2266 1474 2309 explicent:

98 2320 163 2342 non
174 2312 258 2355 quod
269 2315 301 2348 in
311 2317 385 2348 Deo
403 2314 438 2350 fit
452 2327 506 2350 aut
518 2315 631 2350 relatio
642 2345 650 2358 ,
661 2327 715 2350 aut
724 2319 809 2352 actio
820 2320 999 2360 categorica
1021 2333 1029 2352 ,·
1060 2327 1112 2349 aut
1132 2315 1219 2362 quod
1241 2315 1276 2351 fit
1289 2314 1476 2360 substxntia,

96 2369 169 2404 qun:
184 2359 434 2406 praedicamento
444 2364 592 2401 concludi
601 2363 697 2413 poffit
713 2379 720 2400 :
753 2367 783 2401 id
796 2369 882 2402 enim
892 2358 1003 2415 *ipsum
1017 2364 1225 2414 reprehendit
1240 2365 1369 2411 August.
1394 2364 1477 2400 libro

1264 2415 1353 2463 Q*
