1857 2745
400 155 461 188 134
884 140 914 174 T
932 137 964 173 R
981 139 1010 173 Α
1024 136 1054 172 C
1071 139 1102 174 T
1116 136 1144 173 Α
1156 137 1187 172 Τ
1204 136 1242 172 U
1265 138 1287 170 S

405 192 505 227 cultas
516 201 652 237 quaeque
671 189 711 223 ad
727 187 887 237 agendum
902 186 1110 221 substantiam
1125 187 1333 221 determinat.
1349 192 1378 230 3⁰
1395 184 1446 223 Ut
1475 183 1579 222 sensus
1595 186 1715 222 nostros
1736 187 1790 222 af.

405 240 493 276 ficiat
506 268 515 281 ,
529 250 584 272 aut
593 249 728 273 moveat
739 251 750 273 τ
762 237 851 285 quod
861 235 996 284 qualitas
1012 233 1164 271 sensibilis
1180 263 1190 278 ‚
1207 232 1260 269 seu
1271 263 1281 279 ,
1303 245 1340 269 ut
1350 247 1480 280 vocant,
1493 234 1638 285 patibilis
1651 266 1661 280 ‚
1677 243 1710 274 δι
1723 235 1790 286 pas-

408 288 452 324 fio
469 287 623 332 praestant.

440 336 504 371 Vel
516 336 658 382 denique
668 334 804 381 qualitas
819 332 1023 369 substantiam
1034 335 1160 368 ratione
1171 334 1362 381 quantitatis
1377 331 1566 378 modificat,
1579 339 1613 371 &
1629 336 1789 370 terminat:

406 384 494 431 quod
510 383 623 418 formae
638 390 671 420 &
684 382 788 431 figurae
801 382 948 418 tribuitur
963 396 970 417 :
984 393 1170 429 quanquam
1185 382 1370 417 Aristoteles
1385 380 1449 428 ipse
1459 382 1588 417 dubitat
1603 395 1642 417 an
1653 382 1789 418 fintal'iae

405 432 524 480 species
535 433 696 480 qualitatis
709 461 718 476 ‚
746 445 822 479 quas
834 432 901 467 haec
915 429 1032 466 divisio
1044 444 1110 465 non
1127 431 1384 479 comprehendat
1398 444 1406 466 ε
1429 433 1530 465 Alius
1548 460 1552 468 ,
1579 434 1684 479 inquit
1698 461 1708 475 ,
1715 432 1789 476 fhr-

395 484 461 528 san
484 481 525 525 est
542 481 650 515 modus
669 483 862 527 qualitatis:
877 481 929 517 fed
942 479 1155 524 illifimtfcre
1170 483 1226 526 qui
1256 483 1395 513 maxime
1412 478 1620 516 celebrantur.

441 533 480 566 Et
494 531 628 578 quidem
642 533 752 565 raritas
765 528 940 567 &densitas
954 557 963 572 ‚
985 527 1135 576 asperitas
1147 533 1180 565 &
1198 526 1316 563 laevitas
1331 542 1344 563 τ
1361 538 1397 561 ut
1409 527 1542 563 fluidum
1557 535 1590 566 &
1607 530 1735 572 durum,
1754 532 1789 564 &

405 580 469 614 alia
482 579 572 623 hujus
591 582 715 627 generis
730 577 814 613 bene
826 578 926 613 multa
939 590 1008 625 quae
1027 578 1110 611 inter
1124 577 1296 624 qualitates
1309 575 1409 623 vulgo
1428 589 1650 620 numerantur,
1676 578 1731 610 vix
1749 576 1791 610 ad

405 628 504 663 ullam
522 640 561 662 ex
576 629 614 661 iis
624 640 696 675 quae
708 638 903 662 enumeratae
925 622 992 662 sunt
1005 625 1123 674 species
1136 654 1145 668 ,
1159 627 1303 659 revocari
1340 622 1464 668 offiuit3
1485 626 1530 659 uti
1544 638 1601 659 nec
1617 624 1736 673 specics
1751 624 1791 659 il-

405 676 444 712 1ae
456 689 533 724 quas
554 675 782 711 intentionales
794 688 915 721 vocant
927 705 940 719 ,
962 675 1051 722 quod
1073 675 1253 722 cognitioni
1271 638 1442 708 inlgrviant
1461 687 1468 709 :
1486 673 1690 721 pulchritudo
1703 672 1790 722 ipsa,

403 737 460 761 aut
474 725 587 760 sanitas
603 728 657 760 vix
673 725 726 759 illa
736 723 994 772 quadrimembri
1005 721 1159 757 divifione
1168 724 1380 758 continentur.
1397 723 1450 755 Sic
1470 722 1556 756 calor
1579 728 1612 759 &
1633 722 1730 770 frigus
1749 722 1790 756 ad

403 777 586 823 potentiam
604 774 786 810 naturalem
800 779 833 810 δε
845 774 888 808 ad
900 773 1094 821 qualitatem
1107 770 1278 820 patibilem
1289 773 1476 819 pertinent,
1488 783 1596 818 neque
1609 783 1673 806 una
1686 769 1790 819 specie

402 823 572 872 qualitatis
603 826 824 858 continentur..
1069 866 1071 868 q

450 875 494 907 Ex
506 871 625 918 quibus
642 870 777 907 efficitur
789 882 844 905 aut
858 883 911 905 eas
927 882 996 917 quae
1013 869 1186 905 afferuntur
1199 899 1208 912 ,
1227 882 1293 905 non
1312 867 1372 903 effe
1387 866 1558 915 qualitates
1600 871 1707 918 roprie
1721 868 1791 903 dic-

405 931 452 955 tas
468 950 478 963 ,
507 920 559 955 sed
569 921 609 955 ad
623 920 685 955 alia
698 920 948 968 praedicamenta
964 921 1127 965 pertinere
1142 935 1151 962 3
1175 931 1229 952 aut
1254 918 1341 964 quod
1360 919 1462 964 magis
1477 881 1646 963 probabile
1665 918 1707 952 est
1721 946 1731 960 ,
1755 922 1791 954 δε

402 969 571 1005 Aristoteli
586 967 642 1017 ipsi
661 983 694 1004 m
702 971 762 1018 igis
776 967 950 1003 consonum
962 995 978 1012 „
988 966 1159 1014 qualitates
1175 969 1276 1016 magis
1287 964 1413 1001 usitatas
1422 965 1483 1000 hac
1492 963 1646 1001 divisione
1657 966 1789 1014 quadri-

402 1021 520 1066 partita
550 1020 720 1061 contineri.

451 1064 637 1113 Priusquam
650 1078 727 1100 vero
741 1062 874 1114 singulas
884 1065 1080 1113 qualitatum
1093 1064 1209 1113 species
1222 1061 1358 1097 seorsum
1369 1064 1568 1100 decurramus
1580 1092 1591 1107 ,
1609 1076 1690 1112 quas
1711 1063 1790 1100 Phi-

403 1113 554 1162 losophus
570 1113 664 1148 affert
681 1140 693 1157 ,
725 1115 887 1161 qualitatis
902 1115 1118 1161 proprietates
1140 1112 1285 1146 breviter
1302 1114 1515 1160 attingemus..

439 1165 519 1197 Tres
536 1161 605 1196 sunt
616 1162 781 1209 qualitatis
799 1164 1012 1210 proprietates
1032 1176 1039 1197 :
1061 1163 1166 1197 Prima
1181 1189 1191 1204 ,
1215 1172 1286 1207 quae
1304 1164 1395 1194 omni
1406 1174 1473 1195 non
1486 1163 1662 1205 convenit,
1685 1174 1724 1198 ea
1736 1162 1788 1197 af.

385 1211 501 1246 vfertur
513 1240 522 1255 ,
546 1212 635 1258 quod
657 1214 743 1248 inter
766 1223 820 1245 eas
833 1209 913 1259 saepe
925 1209 1204 1253 fitcontratietas,
1215 1220 1250 1243 ut
1262 1211 1345 1244 inter
1364 1209 1548 1246 calorem&
1563 1210 1665 1256 frigus
1676 1238 1685 1250 ‚
1695 1211 1788 1258 justi-

401 1262 483 1295 tiam
500 1266 533 1297 &
547 1261 747 1307 injustitiam.

438 1309 587 1344 Secunda
601 1337 610 1352 ,
627 1309 765 1357 qualitas
781 1306 907 1357 suscipit
917 1311 1019 1357 magis
1035 1309 1192 1345 &minus
1211 1309 1262 1342 Sic
1276 1317 1327 1341 res
1339 1307 1381 1340 est
1395 1305 1456 1340 alia
1477 1306 1619 1343 calidior.
1649 1308 1712 1343 Sed
1730 1320 1788 1344 ne-

402 1370 467 1405 que
486 1359 575 1392 omni
595 1358 799 1405 qualitatiea
811 1361 989 1406 proprietas
1001 1358 1159 1392 convenit
1184 1371 1192 1392 2
1213 1367 1280 1391 non
1300 1357 1387 1390 enim
1407 1355 1508 1403 figura
1538 1357 1720 1392 intenditur
1734 1368 1789 1392 aut

400 1408 595 1448 remittitur,
616 1419 723 1454 neque
745 1407 789 1442 est
811 1409 912 1442 macris
935 1417 989 1440 aut
1009 1408 1112 1440 minus
1131 1403 1253 1453 figura,
1281 1405 1326 1438 uti
1345 1416 1404 1439 nec
1421 1407 1658 1439 contrarietatis
1677 1418 1787 1452 capax.

400 1456 500 1490 Acilio
513 1468 591 1490 vero
603 1461 636 1492 &
646 1454 743 1503 paffio
754 1483 763 1494 ‚
791 1468 827 1489 ac
836 1437 1009 1490 reTationes
1019 1453 1087 1502 ipsae
1100 1451 1210 1488 saltem
1224 1455 1352 1487 ratione
1365 1452 1556 1499 qualitatum
1569 1466 1648 1499 quas
1664 1454 1788 1489 habent

401 1504 441 1536 ad
443 1506 570 1549 jumstas
581 1533 591 1547 ,
609 1504 731 1538 intendi
742 1501 867 1550 possunt
878 1532 887 1546 ‚
909 1514 965 1537 aut
974 1504 1108 1537 remitti.
1121 1504 1172 1536 Sic
1184 1513 1231 1535 res
1246 1503 1348 1548 magis
1362 1512 1416 1535 aut
1426 1504 1533 1536 minus
1548 1501 1699 1537 calefacit
1712 1531 1721 1546 ,
1733 1515 1789 1538 aut

399 1551 569 1589 illuminat.
587 1555 701 1599 Itaque
711 1551 780 1586 haee
800 1553 981 1600 proprietas
997 1563 1065 1586 non
1078 1551 1169 1586 omni
1193 1549 1361 1597 qualitati,
1386 1561 1424 1584 ac
1445 1550 1533 1585 forte
1547 1562 1607 1585 nec
1628 1550 1687 1586 soli
1707 1564 1788 1587 con-

401 1612 503 1636 venit.

438 1650 554 1683 Tertia
569 1649 734 1696 qualitatis
750 1653 929 1699 proprietas
941 1678 951 1693 ‚
971 1661 1041 1697 quae
1053 1652 1142 1685 omni
1158 1654 1190 1686 &
1202 1648 1440 1689 soliconvenit‚
1464 1649 1497 1681 in
1520 1647 1583 1683 hoc
1609 1646 1709 1696 pofita
1723 1649 1786 1693 est,

399 1708 436 1732 ut
447 1696 482 1731 sit
498 1697 764 1742 fundamentum,
784 1711 839 1734 aut
856 1700 949 1733 radix
961 1698 1172 1734 similitudinis
1191 1703 1224 1734 &
1243 1695 1504 1732 diffimilitudinis
1519 1711 1527 1732 :
1543 1709 1618 1730 nam
1631 1708 1668 1731 ut
1683 1699 1783 1732 ratio-

400 1758 440 1780 ne
454 1748 644 1793 quantitatis
659 1760 709 1781 res
721 1748 783 1782 dici
798 1748 901 1783 solent
908 1747 1044 1795 :equales
1056 1777 1066 1791 ,
1079 1759 1135 1783 aut
1151 1745 1322 1794 inaequales
1332 1774 1343 1790 ,
1358 1744 1398 1780 fic
1407 1743 1600 1791 qualitatum
1612 1743 1724 1780 habita
1734 1757 1785 1789 ra..

398 1796 488 1831 tione
498 1793 614 1830 fimiles
627 1808 684 1832 aut·
693 1796 857 1833 dissimiles
867 1798 1087 1834 nominantur.

843 1877 1235 1915 ARTICULUS
1285 1878 1338 1911 ΙΙ.

672 1986 673 1989 ,
712 1958 919 2004 ‚qualitatum
929 1959 1050 2006 species
1067 1956 1241 2005 figillatim
1261 1955 1474 2004 explicantur.

492 2041 567 2077 Une
584 2037 718 2074 seorsum
740 2037 933 2085 qualitatum
943 2048 1063 2085 genera
1080 2035 1119 2071 fic
1136 2048 1333 2083 exequamur
1349 2065 1359 2079 ‚
1387 2047 1425 2071 ut
1447 2035 1567 2072 summa
1584 2047 1715 2072 tanturn¹
1729 2041 1782 2073 ca:

493 2092 560 2138 pita
569 2089 780 2123 decurramus.
795 2089 882 2123 Nam
892 2086 1027 2134 diligens
1041 2091 1074 2123 ὅ(
1088 2097 1232 2120 accurata
1247 2085 1440 2132 qualitatum
1455 2084 1627 2130 explicatio
1645 2086 1684 2120 ad
1702 2089 1782 2122 Mo-

397 2139 497 2173 mlem
514 2144 547 2174 &
562 2136 727 2185 Physicam
746 2136 875 2185 (peditat.
885 2137 1148 2182 Primumitaque
1166 2135 1207 2169 de
1222 2133 1333 2170 habitu
1346 2139 1380 2169 ὃ(
1390 2133 1594 2182 dispositione
1611 2135 1754 2169 dicamus
1769 2163 1779 2178 ,

400 2198 467 2221 tum
479 2199 605 2222 caeteras
621 2185 813 2232 qualitatum
826 2184 946 2234 'species
957 2183 1155 2221 bimembres
1172 2196 1212 2219 eo
1235 2183 1369 2231 quidem
1387 2184 1498 2219 ordine
1513 2212 1525 2227 ‚
1539 2194 1640 2230 quem
1657 2182 1780 2219 secutus

397 2236 443 2268 est
455 2234 641 2271 Aristoteles
655 2264 666 2279 ‚
692 2247 899 2286 exponemus.

837 2319 894 2350 De
915 2315 1028 2352 habitu
1047 2315 1086 2351 (ῥ’
1111 2315 1314 2366 dispositione,

431 2385 514 2420 Cum
524 2387 650 2425 habitus
667 2388 703 2426 stt
718 2389 860 2438 qualitas
871 2400 992 2426 naturae
1010 2387 1208 2431 adventitia,
1221 2391 1255 2426 ὅ(
1271 2384 1311 2421 ad
1330 2383 1455 2421 facilius
1468 2386 1628 2435 agendum
1646 2390 1780 2432 comp&
