1857 2745
140 201 227 240 §idit
239 209 252 246 ,’
263 210 301 236 ac
313 198 438 251 separat
454 214 463 238 τ
482 198 638 249 judicium
652 196 734 233 vero
750 197 829 233 illud
847 197 937 245 quod
953 197 974 233 a
992 207 1104 236 mente
1122 197 1352 249 proficiscitur,
1369 213 1444 237 cum
1462 166 1537 237 illa}¹

140 252 229 289 ideas
240 254 408 301 conjungit
416 279 427 294 ,
444 261 500 285 aut
510 248 640 285 divellit
648 277 657 292 ‚
672 245 848 296 propositio
858 247 922 281 dici
935 246 1026 286 solet.

175 301 255 336 Tria
267 312 377 336 autem
389 300 503 337 suntin
535 297 732 348 ropositione
742 325 752 340 ‚
766 295 943 345 subjeetum
953 297 995 331 de
1004 309 1072 346 quo
1080 296 1202 346 aliquid
1212 296 1402 345 affirmatur,
1415 312 1469 336 aut
1476 313 1534 336 ne-

137 359 233 402 gatur
252 367 261 394 3
274 349 466 386 attributum
479 377 489 393 ,
504 312 557 383 sen
569 348 775 397 praedicatum
787 375 796 388 ‚
814 346 904 394 quod
918 346 959 380 de
973 346 1039 382 alio
1048 345 1223 384 affirmatur
1232 377 1241 391 ,
1258 361 1312 384 aut
1323 362 1458 399 negatur
1471 367 1480 393 3
1497 356 1532 387 &

138 398 277 447 copula,
295 411 359 447 qua
369 401 524 435 nimirum
535 396 713 445 subjectum
726 401 758 433 ὅ(
771 394 962 431 attributum
977 396 1178 445 copulantur.
1199 400 1252 432 Sic
1267 400 1299 433 in
1314 399 1372 433 hac
1388 397 1531 448 proposi-

141 449 233 483 tione
244 476 254 491 ‚
278 448 378 483 homo
392 449 436 484 est
445 445 585 491 animal,
600 446 701 482 homo
714 445 756 480 est
770 444 949 495 subjeEtum
959 472 968 483 ,
986 446 1027 480 de
1039 458 1104 493 quo
1119 444 1239 480 scilicet
1251 448 1435 495 praedicatur
1446 477 1456 492 ,
1476 459 1531 483 aut

140 497 258 531 dicitur
273 496 417 542 animal,
433 497 522 546 quod
534 496 576 531 est
586 495 800 531 attributum:
813 497 889 543 quia
902 495 943 529 de
952 493 1087 531 homine
1096 492 1272 530 affirmatur
1286 511 1295 532 ι
1319 496 1455 532 verbum
1473 509 1531 531 ve-

139 543 177 582 τὸ
194 544 424 583 substantivum
438 575 448 592 ‚
468 547 533 590 est,
555 545 670 594 copula
686 545 813 581 dicitur.

190 596 271 630 Non
279 607 388 631 autem
398 598 507 645 magni
520 594 622 630 refert
630 607 671 630 an
681 592 858 644 propositio
868 591 970 628 tribus
981 592 1103 628 constet
1118 594 1263 629 terminis
1275 623 1284 638 ‚
1296 606 1332 629 ut
1344 596 1375 629 in
1387 594 1445 628 hac
1454 607 1531 643 pro-

140 641 297 690 politione
307 672 317 686 ,
339 657 428 680 mens
447 646 489 680 est
502 646 647 694 cogitans
659 655 730 688 3aut
738 642 864 678 duobus
877 653 931 685 ,ut
940 645 972 677 in
983 642 1037 675 ista
1047 671 1057 685 ‚
1074 655 1166 677 niens
1176 645 1299 692 cogitat
1311 658 1317 678 ;
1330 655 1386 678 aut
1399 656 1464 678 uno
1474 644 1532 678 de-

140 694 242 739 nique
254 721 263 734 ,
282 697 365 728 utin
381 694 434 728 illa
445 722 454 736 ‚
473 696 591 741 cogito.
611 695 699 729 Nam
709 691 848 728 verbum
856 689 958 739 ipsum
972 695 1006 727 δι
1018 690 1211 726 attributum
1229 697 1262 728 &
1281 691 1532 728 affirmationem

142 741 399 789 comprehendit.
419 745 467 777 1².ae
480 743 613 790 quidem
628 738 1039 786 enunciationes,inquibus
1054 738 1234 789 subjechm
1246 769 1255 783 ‚
1281 742 1484 789 praedicatum
1499 747 1533 778 ὅ(

140 790 257 837 copula
269 793 495 839 exprimuntur
506 819 515 833 ,
532 788 765 839 propositiones
779 789 820 823 de
836 790 934 823 tertio
949 788 1117 836 adjacente
1127 790 1190 823 dici
1201 789 1303 824 solent
1319 805 1326 826 :
1343 790 1389 824 hae
1404 790 1482 826 vero
1501 794 1533 825 in

141 837 260 885 quibus
274 838 411 874 verbum
420 838 521 875 habet
537 840 697 874 rationem
707 836 859 873 attributi
872 843 906 875 &
917 836 1039 885 copulae
1049 867 1058 881 ‚
1071 838 1221 873 dicuntur
1233 838 1275 872 de
1289 839 1426 874 secundo
1443 840 1533 880 adia-

140 899 258 931 cente;
274 887 334 922 illae
347 890 479 923 demum
499 892 531 924 in
548 888 666 936 quibus
683 886 825 923 verbum
841 889 924 935 gerit
933 889 1020 921 vices
1037 886 1192 933 subjecti,
1205 888 1375 932 attributi,
1390 893 1423 925 ὅ(
1433 882 1534 937 copu-

141 935 250 980 lae‚de
269 939 376 985 primo
386 938 573 984 adjacente,
596 948 793 984 quamquam
809 939 915 971 minus
929 937 1004 983 apte:
1026 938 1220 970 vocitantur.
1338 945 1340 947 ·

198 984 388 1021 Enuntiatio
406 986 562 1021 dividitur
574 989 680 1034 primo
691 987 818 1020 ratione
828 984 994 1031 qualitatis
1005 1014 1016 1027 ,
1033 986 1067 1019 in
1077 983 1292 1019 affirmantem
1303 989 1336 1021 ὅ(
1348 997 1534 1034 negantem,

141 1044 241 1079 atque
257 1033 322 1068 haec
332 1035 374 1067 est
385 1038 538 1081 praecipua
556 1033 810 1082 propositionum
829 1032 962 1074 divisio,
982 1044 1052 1078 quae
1067 1044 1106 1066 ex
1122 1033 1187 1079 ipsa
1202 1032 1317 1080 copula
1333 1033 1507 1068 desumitur
1525 1063 1536 1078 ‚

141 1080 194 1116 seu
207 1080 249 1116 ab
260 1083 390 1117 actione
401 1085 522 1117 mentis
532 1111 542 1126 ‚
557 1094 627 1130 quae
639 1079 833 1116 attributum
849 1091 904 1115 aut
921 1092 994 1114 cum
1005 1079 1151 1127 subjecto
1164 1083 1349 1129 conjungit,
1369 1093 1424 1116 aut
1435 1081 1477 1116 ab
1492 1094 1533 1118 eo

139 1129 282 1166 divellit.
301 1133 389 1166 Hinc
406 1133 494 1166 enim
511 1129 746 1180 propositiones
765 1130 910 1163 dicuntur
925 1126 1140 1172 affirmantes,
1158 1141 1211 1164 aut
1221 1141 1387 1178 negantes,

178 1186 222 1216 2⁰.
239 1180 309 1215 Alia
327 1180 371 1215 est
384 1179 499 1215 divisio
514 1181 706 1229 deprompta
718 1191 755 1213 ex
770 1190 862 1227 parte
878 1177 1031 1226 subjecti,
1056 1190 1119 1226 qua
1134 1176 1308 1227 propositio
1333 1181 1364 1214 in
1377 1180 1535 1216 universa-

140 1227 207 1264 lem
219 1257 229 1273 ,
246 1228 494 1278 particularem,
508 1235 541 1266 &
565 1228 606 1264 sin
631 1229 753 1264 ularem
771 1226 976 1262 distribuitur.
997 1230 1086 1263 Nam
1097 1226 1276 1277 subjefituni
1291 1228 1344 1263 vel
1362 1229 1403 1263 est
1426 1233 1536 1265 termi-

144 1290 204 1314 nus
213 1281 405 1322 communis,
418 1277 471 1313 seu
480 1243 690 1322 univerffiliS,
705 1276 759 1312 vel
775 1275 937 1326 singularis
952 1293 961 1321 ;
981 1276 1002 1311 si
1017 1280 1200 1312 communis
1219 1307 1228 1321 ,
1246 1277 1299 1312 vel
1318 1279 1349 1313 in
1369 1282 1461 1315 omm‘
1480 1279 1535 1314 sua

140 1327 314 1372 latitudine
328 1357 337 1371 ,
353 1339 407 1364 aut
419 1327 602 1364 extensione
615 1329 789 1375 accipitur,
808 1338 943 1374 tumque
955 1325 1078 1375 iignum
1089 1325 1189 1362 habet
1200 1326 1381 1362 universale
1391 1356 1401 1371 ‚
1413 1341 1469 1363 aut
1483 1332 1534 1363 in-

143 1376 311 1412 tellectum
324 1405 332 1419 ,
347 1389 402 1412 aut
415 1376 611 1426 expressum:
626 1389 696 1425 quae
713 1375 796 1424 signa
811 1375 879 1410 sunt
893 1404 902 1419 ‚
920 1387 1018 1411 omne
1030 1405 1040 1418 ,
1057 1386 1113 1410 aut
1121 1375 1254 1412 nullum.
1280 1375 1470 1426 Subjedhim
1488 1380 1535 1412 ita

142 1438 312 1475 acceptum
323 1425 423 1461 efficit
436 1425 688 1475 propositionem
701 1424 937 1462 universalem:
952 1436 988 1459 ut
995 1427 1101 1460 omnis
1115 1424 1247 1459 circulus
1257 1426 1301 1460 est
1313 1424 1421 1474 figura.
1432 1426 1537 1475 Qd

143 1473 164 1509 si
181 1477 334 1510 terminus
351 1478 528 1510 communis
541 1474 713 1510 secundum
731 1486 857 1522 partem
866 1474 1008 1519 aliquam
1029 1473 1095 1516 sui,
1108 1486 1244 1521 eamque
1258 1487 1374 1523 vag.zm
1392 1481 1426 1512 δ(
1438 1478 1534 1510 inde-

143 1526 350 1558 terminatam
361 1524 498 1558 sumatur
508 1553 518 1567 ,
531 1535 608 1558 tunc
618 1522 874 1570 propositionem
883 1521 984 1557 efficit
998 1522 1224 1567 particularem
1233 1551 1244 1565 ‚
1257 1535 1292 1556 ut
1304 1522 1418 1570 aliquis
1432 1524 1534 1559 homo

144 1572 296 1619 estjustus.
313 1572 398 1606 Cum
411 1573 554 1618 denique
568 1571 745 1619 subjecttun
758 1572 802 1606 est
819 1573 975 1605 terminus
990 1569 1150 1617 singularis
1163 1599 1174 1613 ‚
1193 1583 1251 1618 pro
1277 1569 1445 1606 ositionem
1462 1572 1535 1608 effi-

143 1622 189 1655 cit
197 1619 406 1669 singularem,
430 1632 466 1654 ut
478 1620 571 1655 Plato
584 1621 626 1654 est
636 1618 856 1668 PhilosophuS.
872 1618 1022 1665 Qialitas
1034 1620 1131 1666 igitur
1141 1583 1369 1668 propositionis
1389 1633 1426 1655 ex
1443 1619 1538 1657 affir.

145 1671 290 1704 [natione
298 1680 354 1703 aut
364 1670 539 1716 negatione
551 1697 560 1711 ,
573 1680 610 1703 ut
621 1671 784 1715 quantitas
794 1681 832 1703 cx
843 1667 977 1716 subjecti
994 1668 1206 1716 amplitudine
1223 1670 1389 1716 repetitur.

174 1720 297 1755 Utrum
316 1729 427 1751 autem
443 1716 667 1765 propositio'fit
677 1716 860 1752 universalis
872 1746 882 1760 ‚
895 1730 937 1752 an
954 1716 1239 1765 particulari5,cum
1253 1717 1336 1767 ligna
1353 1717 1441 1754 nulla
1454 1718 1537 1764 sunt,

143 1778 215 1814 quae
223 1765 476 1814 propositionem
490 1766 702 1802 universalem
726 1764 867 1801 afficiant
878 1795 886 1809 ‚
901 1765 1020 1801 merito
1034 1765 1221 1814 ambigitur.
1237 1769 1387 1815 Vu*gatis
1407 1767 1535 1804 senten-

145 1818 192 1851 tia
212 1816 254 1850 est
270 1817 303 1850 in
313 1817 449 1849 materia
460 1814 646 1859 neceffifia,
666 1828 738 1851 eam
752 1814 813 1850 esse
825 1815 1037 1850 universalem
1054 1830 1062 1851 ε
1076 1819 1161 1864 cujus
1172 1818 1299 1863 generis
1312 1817 1354 1850 est
1366 1828 1404 1850 ea
1414 1829 1535 1864 propo-

144 1865 215 1903 sitio
226 1894 235 1909 ‚
250 1864 350 1900 honio
369 1865 411 1899 est
426 1865 545 1901 animal
558 1883 565 1906 ς
585 1868 616 1900 in
636 1867 772 1901 materia
787 1866 989 1913 contingenti
999 1877 1065 1899 non
1081 1865 1161 1898 item
1178 1877 1187 1899 :
1214 1876 1250 1899 ut
1264 1863 1285 1899 fi
1296 1865 1433 1900 dixerim
1446 1894 1456 1909 ‚
1471 1866 1535 1902 ho-

145 1927 202 1950 mo
218 1914 261 1948 est
279 1915 380 1964 justus.
400 1916 488 1949 Hinc
502 1927 572 1961 quae
583 1917 617 1949 in
626 1913 806 1949 universum
818 1914 859 1947 de
880 1913 1022 1947 moribus
1040 1926 1095 1947 ex.
1109 1924 1157 1961 gr.
1177 1915 1348 1948 nationum
1366 1914 1534 1952 dicuntur:

145 1977 218 2006 cum
229 1963 340 2011 aliqua
359 1965 551 2011 exceptione
566 1966 667 2012 accipi
687 1963 829 1998 debent:
843 1961 882 1997 fic
897 1975 971 1997 cum
989 1963 1125 1996 dicimus
1143 1964 1321 1997 amicorum
1338 1965 1448 1998 omnia
1473 1961 1534 1999 effe

146 2015 349 2055 communia,
369 2013 579 2062 intelligimus
597 2026 633 2047 ea
650 2026 776 2048 tantum
793 2026 861 2060 qua:
880 2012 1024 2060 legitime
1036 2012 1264 2046 communicari
1285 2010 1420 2059 possunt.

179 2061 384 2097 probabilius
399 2074 507 2097 tamen
518 2061 900 2110 estpropolitionemindt
912 2061 1035 2097 finitam
1050 2089 1054 2098 .
1072 2072 1107 2096 ut
1123 2060 1223 2095 homo
1238 2061 1395 2108 estjustu5‚
1412 2060 1535 2111 semper

147 2110 207 2146 ess'e
222 2110 433 2146 universalem
445 2141 454 2156 ,
476 2110 530 2147 nili
546 2112 599 2147 ubi
618 2113 741 2148 fretum
768 2111 901 2160 aliquod
920 2122 1084 2147 narratur:
1102 2122 1176 2145 cum
1199 2112 1344 2146 actiones
1357 2108 1415 2146 sint
1430 2124 1534 2147 rerum

148 2160 360 2209 singularium.
546 2174 549 2177 “

168 2223 196 2254 ,3
216 2237 226 2246 .
241 2211 407 2247 Dividitur
420 2209 595 2261 propositio
606 2213 732 2246 ratione
747 2211 888 2245 materiae
908 2210 942 2244 in
959 2208 1161 2244 neceffiiriam
1172 2236 1187 2252 ‚⁷
1199 2211 1445 2252 contingentem
1459 2238 1462 2243 ,
1499 2214 1534 2245 δε

148 2258 399 2306 impoffbilem;
418 2259 596 2311 propositio
613 2258 783 2296 iit-cessaria¹
800 2260 842 2294 cst
856 2262 887 2295 in
906 2271 969 2306 qua
983 2258 1179 2293 attributum
1191 2271 1265 2292 cum
1282 2257 1426 2306 subiecto
1450 2258 1535 2293 indi-

150 2307 237 2343 vulsa
251 2309 365 2344 cohaersr
377 2322 452 2355 t‚ut
463 2311 563 2346 honio
578 2312 619 2346 est
632 2309 761 2345 animal.
788 2307 966 2356 Propositio
982 2311 1173 2355 contingens
1189 2319 1225 2340 ea
1240 2307 1283 2341 est
1296 2309 1329 2342 in
1343 2319 1406 2354 qua
1421 2308 1535 2348 praedi-

149 2367 258 2390 catum
266 2356 409 2402 subiefio
425 2361 502 2395 inest
512 2364 754 2404 contingerrer:
770 2358 915 2394 utliomo
930 2358 972 2391 est
990 2357 1097 2405 justi-2.
1115 2354 1294 2405 Propofitio
1314 2354 1537 2399 impossibilis,

152 2406 185 2440 in
195 2417 260 2453 qua
273 2403 479 2454 praedicatum
497 2409 583 2445 nulla
595 2413 628 2446 vi
640 2408 796 2443 cohaerere
809 2408 912 2456 potest
923 2420 994 2441 cuni
1005 2405 1147 2454 subject..)
1156 2436 1168 2450 ,
1183 2418 1216 2441 ut
1236 2404 1337 2441 honio
1348 2405 1390 2449 est
1404 2403 1414 2439 i
1434 2418 1496 2453 pis,
