1857 2745
595 100 636 138 M
654 103 689 138 O
706 102 739 137 R
755 102 784 139 A
806 103 860 139 LI
882 104 918 139 S.
1360 119 1396 147 27

33 167 126 198 eam,
143 152 301 189 Calvinus
314 162 425 187 contra
444 149 594 200 Pighium
611 149 747 187 scribere
760 165 826 188 non
844 151 970 187 erubuit
983 180 992 195 ,
1015 150 1152 187 liberum
1175 151 1347 187 arbitrium
1363 121 1417 199 effg

31 203 98 253 'post
111 203 208 251 primi
227 201 361 236 hominis
371 202 491 249 lapfiam
508 201 548 234 de
558 201 627 247 solo
642 202 746 238 titulo.
757 204 795 237 Et
806 204 839 237 in
850 202 967 238 eodem
977 213 1094 250 opere,
1107 202 1167 247 fid
1174 201 1257 248 quid
1268 230 1278 241 ‚
1296 203 1414 249 inquit,

26 251 60 298 si
74 263 115 285 ex
131 251 266 296 adveyfi
283 251 438 298 excipiam
455 248 542 296 quod
557 262 670 283 verum
684 250 725 295 est
737 278 747 289 ‚
777 251 982 285 vulneratam
1010 250 1103 284 illam
1112 250 1207 297 fitiffe
1218 249 1414 293 libertatem,

24 301 92 339 rimo
103 299 271 344 confec‘lam
281 297 320 333 ῥ’
330 299 513 334 extinctam.
529 300 567 334 Et
581 297 602 335 1.
620 313 645 334 2-
664 298 762 334 Instit.
780 311 807 334 c.
825 314 852 336 2.
863 299 980 346 Itaque
984 298 1016 343 st
1029 300 1098 344 quis
1110 303 1196 333 vocis
1205 298 1310 343 hujus,
1327 297 1413 333 libe-

29 347 223 396 riJnimitum
234 345 376 390 arbitrii,
386 349 472 394 ufitm
486 358 548 382 non
560 357 670 395 prava
685 349 902 397 intelligentia
918 349 1086 395 permittat
1098 374 1106 384 ,
1138 357 1198 395 per
1215 360 1264 380 me
1283 347 1413 393 quidem

31 409 92 432 non
105 395 281 431 vexabitur
288 394 326 429 ob
338 408 406 429 eam
420 409 485 430 rem
498 411 510 430 .·
526 394 588 439 sed
595 399 672 443 quia
675 397 744 442 fine
757 399 883 445 ingenti
891 396 1031 444 periculo
1043 408 1104 430 non
1112 397 1192 442 p‘ffi
1207 397 1333 429 retineri
1344 408 1414 431 cen-

21 447 76 492 seo
89 473 100 485 ‚
118 458 231 494 magno
245 455 354 479 contra
363 444 503 490 Ecclefiae
517 443 592 479 bono
598 445 750 491 futurum
759 445 790 491 fi
799 443 986 480 aboleatur;
1006 456 1104 492 neque
1115 445 1178 491 iPfi'
1194 445 1342 492 ufitrpare
1356 457 1412 477 ve-

29 494 108 534 lim,
132 492 171 528 ῥ’
184 494 265 528 alios
273 493 303 536 fi
317 506 365 527 me
382 493 563 538 confidant,
582 493 736 540 abstinere
750 495 897 543 optarim.

64 539 199 576 probari
207 539 307 590 pollet
319 540 478 577 conclusio
492 544 670 579 innumeris
683 554 750 579 turn
760 545 929 592 Scripturae
939 570 950 585 ,
971 550 1039 576 tum
1050 542 1103 576 SS-
1122 542 1184 577 PP.
1201 541 1391 576 testimoniis
1403 570 1413 583 ‚

29 602 66 626 ut
73 589 275 627 Ecclefiastici
286 603 314 625 c.
334 602 344 624 ι
348 606 372 639 5.
386 591 476 626 Deus
493 590 534 625 ab
544 594 635 627 initio
647 592 808 635 constituit
815 592 966 627 hominem
977 616 990 633 ‚
1010 589 1048 624 ὠ·
1066 590 1199 637 reliquit
1214 602 1285 622 eum
1299 591 1331 623 in
1344 603 1412 623 ma-

31 653 74 675 nu
85 639 216 684 confilii.
225 642 264 675 Et
273 639 387 675 Genes.
398 655 431 686 4.
442 640 545 675 Dixit
559 643 717 676 Dominus
741 641 787 675 ad
798 642 827 673 C
829 640 885 675 a'in
895 668 905 680 ,
937 636 1008 672 Sub
1027 648 1060 672 te
1073 641 1134 673 erit
1144 641 1305 686 appetitus
1320 648 1392 672 tuus
1404 667 1414 682 ‚

31 687 73 723 6⁹
85 699 121 722 tu
133 687 343 722 dominaberis
361 689 460 723 illius.
490 689 553 724 Sed
572 692 604 725 in
624 702 658 724 re
676 701 742 725 tam
755 689 917 737 perspicua
939 688 1010 722 loca
1022 699 1079 722 aut
1091 689 1229 722 rationes
1239 699 1414 735 congerere

30 738 169 771 omnino
178 735 254 771 effet
263 736 542 784 supervacaneum.
558 738 643 784 Qis
655 740 743 773 enim
762 737 850 773 sensu
862 740 978 773 intimo
990 741 1024 772 &
1034 737 1161 784 proprii
1174 737 1371 784 experientia
1385 734 1415 770 se

27 783 130 820 libere
143 796 240 833 agere
261 798 330 820 non
341 785 483 834 agnoscit
500 796 510 821 ἓ
534 786 600 821 Cur
612 785 764 835 supplicia
782 785 867 821 male
885 782 1056 836 agentibus
1078 786 1291 820 decernuntur
1304 813 1313 827 ‚
1332 783 1353 818 fi
1378 787 1414 819 in

27 845 142 870 eorum
159 834 319 880 potestate
338 846 405 869 non
422 835 484 878 est,
511 847 546 870 ut
564 835 585 871 ὲ
604 833 776 871 sceleribus
793 834 999 871 abstineant?
1015 834 1106 881 Qid
1119 834 1165 868 est
1176 846 1230 867 cur
1245 831 1286 867 ab
1299 845 1413 868 amen-

28 881 114 918 tibus
129 881 231 917 illatas
246 884 377 930 injurias
393 886 552 931 patienter
569 884 707 918 feramus
718 913 728 927 ,
742 886 897 919 nonitem
908 897 980 931 quae
1000 881 1041 917 ab
1058 882 1125 916 aliis
1141 881 1339 926 inferuntur,
1357 881 1412 917 nisi

28 932 116 978 quod
130 942 263 979 peccata
273 933 309 964 iis
329 931 458 967 tantum
481 934 538 979 qui
559 931 661 966 libere
680 944 797 981 agunt,
816 935 902 967 vitio
913 943 969 966 aut
989 931 1075 965 laudi
1095 930 1299 966 tribuamus?

71 979 166 1014 Prob.
177 993 198 1024 3.
209 991 249 1014 ex
261 977 442 1015 discrimine
459 980 548 1027 qubd
563 980 730 1016 hominem
741 983 824 1016 inter
838 986 871 1018 &
888 979 1011 1015 belluas
1024 980 1225 1014 intercedere
1240 984 1306 1026 jam
1326 977 1413 1026 supra

27 1028 180 1063 diximus.
198 1030 285 1063 Nam
297 1039 417 1062 caeterae
427 1031 606 1064 animantes
625 1032 668 1064 im
694 1041 750 1064 etu
762 1029 908 1064 feruntur
922 1032 958 1064 in
972 1028 1117 1076 objeQa,
1131 1027 1150 1063 ὲ
1162 1027 1278 1074 quibus
1287 1029 1415 1073 rapiun-

30 1087 99 1121 tur,
119 1088 180 1112 nec
189 1073 258 1111 sunt
268 1075 312 1110 sui
322 1078 398 1123 juris
411 1105 421 1119 ,
443 1079 598 1113 &omnia
616 1077 656 1110 ad
677 1090 751 1112 uum
762 1089 876 1124 corpus
893 1077 1059 1110 referunt:
1079 1077 1143 1109 Sed
1159 1076 1260 1110 homo
1280 1087 1319 1108 ex
1335 1086 1414 1108 nutu

27 1125 204 1161 voluntatis
218 1126 286 1172 agit
297 1153 307 1167 ,
328 1123 393 1171 ipse
408 1124 471 1160 sese
479 1127 610 1174 corrigit
622 1153 632 1168 ,
643 1126 788 1160 actiones
801 1125 867 1160 suas
885 1126 1048 1159 examinat
1059 1153 1068 1167 ,
1084 1128 1118 1160 &c
1135 1124 1170 1158 in
1187 1122 1249 1157 sese
1261 1124 1348 1157 varie
1362 1134 1413 1156 re-

26 1173 175 1210 fleffitur.
196 1175 269 1210 Nec
278 1172 454 1222 spontaneo
468 1173 612 1217 tantum,
630 1173 829 1209 autnaturali
842 1184 933 1208 motu
950 1174 1075 1216 cietut;
1100 1170 1151 1206 sed
1165 1177 1198 1209 δε
1217 1169 1360 1206 consulte>
1378 1176 1413 1208 ὃ(

12 1262 15 1264 ,
28 1222 209 1258 deliberate
219 1225 306 1271 agit,
326 1234 425 1270 atque
437 1223 477 1257 ad
487 1235 559 1258 eum
572 1223 670 1259 finem
684 1236 750 1258 non
762 1235 827 1258 uno
840 1222 984 1270 quodam
1000 1224 1127 1256 tramite
1140 1221 1309 1256 contendit
1321 1249 1331 1264 ‚
1355 1219 1411 1254 sed

27 1271 92 1308 huc
101 1283 199 1319 atque
212 1271 307 1315 illuc,
326 1276 360 1308 δε
376 1284 571 1320 quocunque
591 1283 684 1308 nutus
698 1271 875 1307 voluntatis
892 1271 1034 1314 duxerit,
1048 1269 1089 1305 ei)
1105 1270 1214 1307 fertur.

10 1354 12 1356 .
68 1321 218 1367 Confirm.
233 1323 331 1356 Mens
346 1321 449 1355 nostra
460 1321 604 1368 quodam
624 1332 744 1355 naturae
764 1324 890 1368 impetu
908 1322 941 1355 in
959 1332 1071 1355 verum
1085 1325 1118 1356 &
1137 1319 1261 1354 bonum
1279 1321 1390 1354 nititur
1406 1337 1415 1363 5

27 1369 181 1417 quodque
191 1369 330 1418 speciem
347 1367 447 1404 habet
457 1369 537 1405 boni
554 1382 609 1406 aut
618 1371 689 1406 veri
703 1398 713 1413 ‚
737 1368 909 1405 necessaric')
918 1369 958 1403 ad
973 1368 1002 1403 se
1015 1381 1072 1404 nos
1082 1380 1210 1418 raperet
1219 1398 1228 1412 ,
1242 1367 1299 1403 nifi
1309 1371 1340 1404 in
1353 1381 1414 1403 no-

29 1417 77 1453 bis
87 1430 126 1452 ea
136 1421 182 1452 vis
193 1417 269 1454 effe:
285 1430 348 1464 qua
359 1417 510 1453 ass'ensum
525 1420 665 1453 nostrum
678 1417 832 1453 cohibere
843 1417 1008 1466 possemus,
1031 1420 1127 1452 Secus
1139 1429 1258 1452 naturae
1272 1418 1412 1463 quadam

28 1464 214 1504 neceffitate
233 1469 265 1502 in
288 1467 394 1500 varios
416 1478 537 1500 errores
561 1465 743 1500 laberemur
756 1495 766 1508 ,
790 1469 845 1512 qui
862 1466 917 1513 ipsi
941 1477 1058 1500 naturae
1081 1465 1208 1499 authori
1221 1465 1414 1500 referrentur

29 1516 174 1563 accepti,
187 1528 257 1549 cum
268 1525 322 1548 eos
335 1513 477 1561 effugere
489 1527 558 1549 non
572 1514 693 1549 liceret.
717 1514 829 1561 Qiate
843 1514 926 1548 hanc
938 1517 1025 1548 Deus
1045 1512 1158 1547 tribuit
1171 1511 1265 1547 nobis
1278 1512 1414 1548 liberta-

30 1575 116 1608 tem,
134 1576 198 1612 qua
217 1575 330 1600 verum
344 1561 365 1598 a
379 1561 459 1597 falso
469 1591 479 1607 ‚
490 1562 671 1613 legitimum
684 1561 726 1598 ab
743 1565 900 1600 ementito
914 1567 947 1600 &
961 1561 1071 1597 fucato
1087 1561 1175 1598 bono
1186 1561 1385 1597 secernimus.

540 1661 716 1696 Solvuntur
730 1660 921 1707 objeflionet.

0 1786 1 1790 ,
66 1760 154 1809 Opp.
176 1773 198 1796 1.
215 1759 294 1795 illud
311 1762 342 1794 S.
364 1760 449 1807 Aug.
477 1761 581 1793 Homo
599 1760 781 1793 malentem
801 1758 899 1793 libero
918 1758 1050 1793 arbitrio
1066 1787 1076 1797 ‚
1106 1757 1188 1804 &se
1206 1758 1350 1806 perdidit
1373 1756 1410 1790 ό·

0 1805 1 1834 ἶ
30 1811 148 1856 ipfitm:
170 1823 246 1844 nam
267 1821 302 1844 ut
317 1809 381 1857 ipse
397 1811 459 1851 air,
483 1809 544 1841 illa
559 1807 695 1856 estpoena
711 1808 1005 1856 peccatijustiffima
1018 1836 1028 1851 ‚
1052 1819 1088 1842 ut
1108 1811 1240 1841 amittat
1253 1807 1413 1853 unusquis-

0 1869 1 1875 *
31 1870 93 1904 que
110 1871 168 1903 qno
194 1857 269 1891 bene
292 1860 341 1891 uti
367 1859 478 1892 noluit.

61 1906 101 1942 R.
112 1906 196 1951 Dist.
205 1917 272 1940 ant.
284 1907 405 1941 Primus
414 1905 514 1940 homo
529 1906 666 1954 perdidit
679 1904 862 1941 libertatem
877 1904 897 1940 a
908 1916 1042 1952 peccato
1055 1933 1064 1947 ,
1086 1904 1125 1941 C.
1138 1903 1323 1938 libertatem
1333 1901 1352 1937 a
1362 1913 1415 1936 ne-

0 1966 3 1986 ;
31 1952 176 1990 ceffitate
193 1984 203 1999 ,
219 1954 273 1990 seu
286 1954 466 1990 naturalem
479 1983 487 1997 ,
505 1957 548 1992 N.
563 1967 662 2002 quam
683 1956 770 1990 enim
797 1955 870 1992 anti:
888 1952 1000 1988 habuit
1018 1953 1208 1989 facilitatem
1221 1953 1260 1986 ad
1273 1952 1415 1991 bonum,

33 2015 187 2051 regnante
194 2004 500 2052 concupiscenti5,&
510 2003 633 2039 excuffo
642 2004 763 2052 justitiae
769 2008 847 2051 jugo
858 2001 1062 2038 animumne
1073 2002 1176 2037 faCtus
1188 2001 1231 2036 est
1245 2000 1327 2036 liber
1337 1999 1418 2049 justi-

34 2053 87 2086 tiae
97 2081 106 2094 ,
125 2057 158 2089 ὅτ
170 2052 273 2087 servus
288 2055 421 2101 peccati.
433 2052 495 2086 Sed
507 2064 615 2087 tamen
627 2052 769 2087 liberum
779 2051 949 2086 arbitrium
962 2052 1149 2087 inclinatum
1167 2049 1293 2086 tantum
1308 2050 1370 2084 fuit
1382 2053 1417 2085 &

0 2115 3 2120 ⁷
35 2099 319 2146 debilitatummon
337 2102 479 2137 eversum
491 2103 613 2149 penitus
624 2107 656 2138 δι
666 2099 817 2137 amiffum.
831 2104 903 2136 Imo
917 2100 1048 2135 libertas
1059 2098 1226 2136 effentialis
1241 2098 1329 2134 nullo
1342 2112 1416 2133 mo-

38 2148 81 2182 do
103 2150 165 2184 fuit
181 2153 350 2185 imminuta
364 2180 373 2195 ,
399 2150 452 2185 sed
468 2151 682 2184 accidentaria
695 2151 852 2185 duntaxat
870 2179 879 2193 ‚
903 2161 936 2184 ut
961 2150 1070 2199 postea
1098 2150 1250 2184 dicemus.
1274 2150 1361 2183 Hinc
1385 2150 1416 2181 S.

42 2197 167 2244 August.
186 2199 329 2233 Libertas
342 2228 351 2238 ‚
372 2201 494 2247 inquit,
515 2200 612 2247 periit
632 2210 688 2246 per
697 2208 859 2246 peccatum
875 2214 882 2233 ‚·
897 2200 958 2244 sed
971 2200 1032 2233 illa
1051 2210 1113 2244 qnae
1143 2200 1175 2230 in
1190 2197 1336 2245 paradzfi
1346 2195 1416 2240 fuit

41 2243 175 2278 habendi
192 2249 318 2294 plenam
341 2262 409 2282 cum
429 2248 672 2282 immortalitate
681 2247 837 2291 justitiam
855 2262 864 2280 :
886 2257 1016 2294 propter
1029 2246 1112 2292 quod
1137 2256 1257 2280 natura
1279 2245 1417 2280 humana

36 2291 153 2325 divim}
167 2295 421 2343 indigetgratid,
437 2297 559 2330 dicente
570 2297 709 2329 Domino
720 2324 730 2337 ,
747 2297 783 2328 Si
797 2308 852 2328 vos
864 2294 955 2339 filius
973 2294 1170 2332 liberaverit,
1189 2304 1262 2328 tunc
1279 2307 1352 2328 vere
1374 2296 1416 2327 li-

31 2338 98 2374 beri
112 2343 211 2378 eritis.
229 2344 328 2378 vnde
350 2343 388 2380 ὠ·
409 2345 598 2394 Apostolum
621 2346 699 2378 Cum
716 2344 1228 2392 cffetis,inquit,ftrvipeccati‚
1252 2341 1419 2387 liberifni-
