1857 2745
162 188 342 249 Phyfices
356 224 367 242 ‚
381 202 507 230 rerum
524 201 602 244 que
615 188 708 232 vitae
722 192 762 230 &
777 184 903 229 sensas
919 185 1006 227 sunt
1018 198 1190 241 expertes
1206 199 1379 228 naturam
1400 189 1566 244 explica-

161 264 203 292 re
235 247 478 305 suscepimus.
516 249 561 290 In
591 261 664 288 tres
692 261 850 303 quoque
871 246 1051 287 tractatus
1073 258 1117 284 ea
1140 245 1330 286 tribuitur„
1370 248 1415 288 In
1444 249 1568 303 primo

169 306 332 365 quidem
362 305 410 347 de
440 305 589 347 mundo
614 313 654 348 δε
681 306 783 346 coelo
807 307 954 364 agimus
976 322 988 348 ,-
1031 305 1069 344 in
1109 302 1277 344 secundo
1310 303 1358 344 de
1378 308 1568 349 Meteoris

157 373 198 409 &
213 366 429 414 Foffilibus‚
442 365 505 405 seu
519 363 567 404 de
580 366 710 405 mixtis
739 378 821 405 tum
849 358 1082 419 imperfectis
1096 396 1110 410 ,
1121 375 1203 401 tum
1216 358 1392 416 perfectis
1407 384 1416 408 ;
1434 365 1478 404 In
1492 378 1568 406 tet-

159 428 214 466 tio
230 424 398 479 denique
412 426 568 465 tractatu
582 423 629 463 de
643 425 780 479 plantis
794 458 804 475 ‚
830 438 916 479 quae
943 423 1047 461 tenui
1063 418 1222 474 quidem
1249 423 1328 460 vita
1350 421 1541 463 donantur
1553 460 1567 479 ‚

156 481 222 523 sed
238 481 347 522 sensu
361 485 467 522 omni
482 496 613 522 carent
630 515 641 533 ‚
656 482 860 522 universim
876 515 888 534 ‚
907 493 950 520 ut
968 478 1149 533 Phyficos
1164 477 1298 524 dccet,
1325 493 1402 518 non
1429 481 1566 537 sigilla-

157 542 228 581 tim
248 538 470 581 disserimus.
529 542 632 582 Haec
647 540 803 594 quidem
824 554 906 597 pars
919 537 1093 593 Physices
1113 535 1279 576 secunda
1295 538 1419 577 multo
1435 553 1565 580 emen-

156 597 283 639 datior
293 598 409 653 quhm
420 601 458 638 in
481 601 597 652 priori
621 599 792 640 editione
816 612 920 639 nunc
939 595 1067 652 prodit
1097 597 1136 635 in
1156 594 1354 649 publicum
1367 629 1379 647 ,
1405 609 1447 637 ut
1476 596 1566 639 dili-

155 654 489 712 gentiusintuenti
504 658 681 712 liquebit.

201 713 339 756 Restat
352 727 432 768 pars
447 714 610 769 Phyficq
625 716 735 754 tertia
749 712 796 752 de
807 726 969 768 corpore
987 713 1157 752 animato
1171 744 1182 762 ,
1203 709 1263 751 seu
1287 708 1335 750 de
1357 712 1469 753 rebus
1490 720 1567 756 vita

155 771 305 813 &sensu
317 770 542 827 praeditis‚in
554 786 629 828 qua
639 769 870 812 elaboranda
881 769 1050 811 studium
1064 784 1181 810 omne
1194 776 1231 810 δε
1247 769 1487 826 diligentiam
1504 788 1569 828 po-

155 828 296 870 suimus
310 864 320 880 ,
331 845 380 871 ne
393 831 478 885 quis
492 833 632 870 merito
643 830 806 884 objiciat
817 843 1032 870 extremum
1046 830 1171 869 aetum
1186 830 1206 868 Ξι
1223 831 1332 868 nobis
1351 843 1391 869 ut
1407 831 1454 869 ab
1467 833 1568 871 iner-

153 887 255 928 tibus
267 888 396 929 Poetis
408 886 482 927 esse
493 889 724 944 neglectum.
743 891 840 930 Tres
855 887 989 928 itidem
1004 889 1042 927 in
1057 889 1233 928 tractatus
1245 902 1288 926 ea
1301 887 1471 943 Physicae
1481 903 1565 944 pars

154 945 207 984 est
228 943 438 985 distributa.
460 946 607 986 Primus
622 944 813 986 facultatis
825 947 995 986 animalis
1008 958 1151 995 organa
1166 951 1204 986 &
1224 941 1439 986 funffiones
1455 962 1566 988 cotn-

154 1003 332 1056 plctftitur
346 1020 355 1043 :
370 1003 435 1042 ubi
451 1001 499 1042 de
514 1003 714 1043 brutorum
728 1006 853 1042 anima
866 1033 877 1052 ‚
888 1002 936 1041 de
956 1002 1063 1040 sensu
1080 1005 1161 1040 tuni
1175 1003 1402 1046 universim,
1422 1017 1503 1043 tum
1523 1006 1565 1045 si-

151 1059 328 1114 gillatim·
343 1059 391 1100 dc
403 1073 513 1100 motu
527 1074 687 1116 quoque
700 1061 916 1116 spontaneo
929 1064 969 1100 &
980 1059 1140 1098 naturali
1155 1056 1363 1099 dicendum
1376 1055 1566 1105 fuit5sttu-

152 1117 297 1157 &uram
311 1118 456 1159 cerebri
469 1151 479 1168 ,
490 1132 697 1159 nervorum
711 1125 750 1161 &
765 1119 1028 1159 musculorum
1043 1113 1226 1157 fabricam
1242 1150 1252 1168 ‚
1266 1117 1441 1159 sensuum
1455 1134 1564 1161 exte..

151 1177 292 1216 riorum
308 1190 452 1233 organa
465 1182 504 1218 δε
520 1177 606 1217 usus
621 1178 758 1218 coloci
774 1179 826 1218 ita
838 1178 1027 1233 explicare
1038 1181 1213 1231 oportuit
1225 1209 1236 1226 ,
1254 1190 1295 1216 ut
1312 1175 1458 1217 infinita
1474 1193 1566 1234 pro-

152 1232 233 1287 pe}
249 1234 525 1275 recentioribus
542 1237 697 1277 inventa
711 1250 790 1276 non
804 1238 1074 1276 omitterentur
1097 1255 1103 1274 :
1126 1248 1212 1289 qua:
1238 1249 1318 1274 non
1339 1237 1464 1276 verbis
1480 1251 1562 1278 tan·

152 1304 235 1331 tum
248 1293 463 1348 explicare,
478 1291 544 1333 sed
559 1296 674 1334 etiam
690 1294 818 1352 figuris
833 1294 1014 1334 illustrare
1027 1293 1217 1333 voluimus
1233 1327 1246 1345 ,
1269 1307 1310 1333 ut
1335 1296 1454 1334 oculis
1479 1296 1564 1350 ipsis

149 1349 442 1401 subjicerentur.
457 1353 554 1393 Hoc
567 1367 726 1407 quoque
741 1355 828 1394 loco
842 1367 902 1392 eas
917 1353 1117 1408 qualitates
1130 1365 1208 1405 quq
1231 1351 1315 1392 sunt
1327 1357 1563 1395 exteriorum

150 1406 327 1449 sensuum
340 1410 494 1463 objcera
504 1444 515 1460 ,
539 1425 696 1467 queque
708 1411 756 1452 ad
770 1411 970 1466 Physicam
983 1411 1150 1450 maxime
1161 1412 1354 1464 pertinent
1366 1444 1377 1462 ,
1395 1426 1438 1453 ut
1452 1411 1564 1467 sapo-

150 1478 207 1506 res
223 1465 380 1517 ,odores
395 1501 407 1519 ‚
437 1468 549 1508 sonos
563 1503 574 1520 ‚
597 1471 728 1510 lumen
741 1476 782 1512 &
801 1470 947 1509 colores
961 1466 1042 1508 fuse
1063 1475 1103 1509 δέ
1117 1467 1271 1522 copiose
1293 1471 1559 1524 exposuimus:

149 1523 247 1562 adeo
259 1537 300 1563 ut
313 1525 500 1579 Opticam
513 1539 652 1582 magna
663 1541 711 1567 ex
723 1539 827 1582 parte
839 1527 1046 1581 complecti
1059 1539 1137 1564 non
1151 1527 1318 1565 alienum
1335 1528 1383 1566 ab
1410 1529 1561 1568 institu-

150 1593 192 1620 to
203 1578 433 1621 duxerimus.
452 1582 651 1623 Secundus
663 1586 838 1624 tractatus
849 1585 1005 1623 vitalem
1015 1580 1238 1622 facultatem
1258 1617 1270 1635 ,
1298 1590 1337 1625 &
1355 1585 1454 1626 illius
1466 1583 1561 1627 fun-

149 1638 294 1677 aiones
308 1656 318 1681 ‚-
334 1641 467 1679 tertius
477 1640 647 1680 altricem
660 1643 820 1696 ejusque
839 1655 984 1697 organa
1004 1639 1317 1694 comprehendit.

199 1697 448 1751 Haecutique
460 1696 639 1753 Phyfices
651 1711 734 1752 pars
746 1699 934 1754 postrema
960 1696 1115 1738 uberius
1135 1697 1294 1752 quidem
1309 1705 1348 1742 δε
1364 1701 1480 1758 longe
1495 1716 1559 1742 ac-

148 1751 334 1799 curatius,
362 1754 479 1809 quiim
502 1757 540 1794 in
555 1758 673 1810 prima
698 1757 882 1797 Editione
892 1757 1115 1812 pertractata
1131 1755 1272 1797 anobis
1282 1754 1370 1799 fuit.
1398 1761 1502 1802 Nam
1519 1774 1561 1802 ut

149 1814 325 1853 omittam
336 1813 457 1852 multa
469 1812 516 1852 ab
528 1815 677 1867 aliquot
692 1817 796 1855 annis
809 1828 925 1870 opera
945 1829 992 1855 ex
1007 1815 1342 1868 Galliaimprimis,
1359 1819 1503 1872 Anglia
1519 1825 1559 1860 δι

148 1871 286 1927 Belgio
315 1868 494 1925 prodiisse
528 1873 564 1911 in
598 1872 725 1912 lucem
739 1907 751 1924 ‚
783 1874 945 1928 plutima
989 1877 1089 1912 circa
1115 1870 1292 1913 sensuum
1317 1888 1459 1930 organa
1485 1876 1561 1915 ob-

146 1927 290 1969 servata
309 1929 396 1969 sunt
414 1927 636 1986 diligentius
658 1933 695 1972 in
711 1929 924 1972 Academia
946 1930 1071 1986 Regia
1090 1946 1101 1972 5
1123 1927 1169 1971 de
1183 1931 1375 1971 coloribus
1390 1934 1560 1986 preclare

147 1985 329 2041 scriptum
343 1987 392 2027 ab
402 1988 484 2039 ejus
498 1986 717 2042 Academie
730 1990 983 2044 Socio‚quem
998 1987 1079 2029 fato
1094 2001 1214 2044 nuper
1229 1986 1404 2029 funCtum
1418 1991 1557 2033 literati

149 2057 284 2085 omnes
299 2044 548 2102 lugent30pus
563 2061 722 2102 quoque
735 2047 982 2102 posthumum
994 2047 1042 2088 de
1057 2060 1166 2088 motu
1179 2049 1397 2088 animalium
1411 2048 1557 2092 summa

148 2116 236 2143 cura
247 2109 285 2145 &
299 2103 497 2160 diligentia
515 2104 756 2146 elaboratum
772 2107 916 2161 publici
930 2108 1020 2159 juris
1032 2103 1174 2146 faustum
1187 2106 1251 2147 cst.
1269 2105 1557 2164 Postremo‚qui

147 2161 254 2202 locus
265 2161 285 2203 ὲ
298 2162 409 2203 nobis
424 2160 550 2204 levius
565 2163 682 2218 quirin
696 2178 762 2219 par
774 2164 921 2218 erat,de
934 2166 1164 2206 insectorum
1176 2178 1261 2204 ortu
1276 2171 1316 2207 &
1332 2163 1556 2208 conforma-

147 2221 250 2260 tione
283 2221 497 2275 perstriehis
532 2219 676 2263 fueratt
692 2254 703 2269 ,
749 2223 864 2277 paulo
890 2222 1043 2264 uberius
1081 2221 1156 2263 fuit
1195 2223 1444 2277 explicandus
1471 2245 1480 2268 ε
1512 2240 1557 2269 ea

150 2280 291 2332 quippe
316 2279 370 2319 est
392 2280 573 2320 naturalis
603 2280 763 2334 historie
775 2313 786 2331 ,
815 2297 901 2337 quae
925 2283 972 2323 ab
987 2282 1278 2338 experimentali
1306 2282 1556 2340 Philosophia

144 2335 292 2391 sejungi
323 2350 402 2379 non
439 2338 562 2394 potest
585 2371 595 2388 ‚
634 2352 716 2395 pars
749 2354 828 2380 non
863 2342 1042 2399 ignobilis
1064 2360 1074 2385 ·,
1099 2338 1272 2392 jucunda
1303 2340 1390 2381 sane
1409 2375 1419 2392 ‚
1446 2359 1554 2399 quae-

143 2405 218 2448 que
233 2407 351 2435 artem
366 2398 643 2453 omnipotentis
657 2397 830 2439 Artificis
842 2432 854 2449 ,
878 2407 915 2443 δι’
931 2398 1199 2443 incredibilem
1210 2403 1290 2453 ejus
1309 2400 1553 2455 sapientiam,

1313 2474 1334 2498 e
1372 2475 1395 2513 ι]
