1857 2745
291 126 292 129 ¹
325 125 370 157 42
801 117 834 151 D
854 117 878 151 E
927 117 961 151 N
986 118 1016 152 A
1039 118 1069 151 T
1097 116 1132 153 U
1156 117 1189 153 R
1210 117 1256 153 A'

319 174 418 208 quam
434 162 622 196 tradendam
636 161 813 209 suscipimus
825 191 835 206 ‚
851 164 1010 212 imposuit.
1024 166 1111 201 Cum
1125 168 1213 202 enim
1227 165 1248 201 ἐι
1258 165 1401 202 Leontio
1415 165 1509 212 Rege
1523 176 1564 200 an
1580 163 1703 211 sipiens

321 208 416 254 effer,
434 221 601 258 rogaretur
615 238 623 253 ‚
638 208 829 258 respondisse
843 211 945 247 fertur
958 212 988 248 se
1010 228 1076 250 non
1089 213 1264 263 sapientem
1283 212 1343 250 ess'e
1355 243 1365 258 ,
1392 212 1444 248 sed
1460 213 1704 262 Philosophum,

319 257 372 293 seu
383 259 542 306 sapientiae
565 257 746 296 studiosum.
766 261 871 307 Qod
888 264 1003 309 utique
1032 276 1172 308 nomen,
1194 277 1231 300 ut
1254 276 1349 299 notat
1374 265 1405 299 S.
1421 263 1631 312 Augustinus,
1655 266 1705 297 ita

319 306 435 348 deinde
447 306 574 353 posteris
590 309 716 355 placuit
733 337 740 347 ,
763 321 799 343 ut
808 310 1045 357 quantumlibet
1069 312 1108 346 de
1135 312 1226 348 rebus
1245 314 1489 360 adsapientiam
1510 314 1705 361 pertinenti-

319 353 377 389 bns
395 357 525 403 quifijue
542 358 598 390 vel
613 355 679 402 fibi
692 384 702 396 ‚
732 359 789 392 vel
808 359 881 394 aliis
895 359 1061 396 videretur
1080 362 1234 398 excellere
1244 391 1260 407 v,
1282 375 1343 398 non
1359 361 1418 408 nist
1435 361 1639 410 Philosbphus
1650 374 1704 396 vo-

319 416 454 438 caretur·

355 454 464 501 Atque
480 453 545 489 haec
558 454 599 489 de
615 456 817 506 etymologia
830 456 883 493 vel
897 459 1069 494 notatione
1084 461 1234 495 nominis
1261 458 1474 508 Philosophiae
1495 459 1591 495 *dista
1615 455 1674 494 fint
1689 474 1705 497 τ

320 514 403 537 nunc
413 503 453 537 de
466 503 520 538 usu
536 503 625 553 hujus
635 509 776 540 nominis
794 506 964 542 dicendum
974 535 984 551 ‚
999 519 1036 541 ac
1049 507 1262 556 Philosophiae
1281 520 1392 544 natura
1407 509 1627 543 constituenda
1644 522 1706 543 no-

319 550 369 585 bis
390 552 440 586 est.
467 552 576 589 Haecii
589 553 753 589 veteribus
768 555 829 590 fuit
841 556 977 592 definita
987 585 997 601 ,
1018 569 1122 592 terum
1144 557 1355 594 humanarum
1369 563 1403 594 &
1416 558 1616 602 divinarum,
1630 569 1706 592 cau-

319 599 503 649 sai-umque,
529 601 647 649 quibus
672 604 718 639 hae
743 618 791 640 res
807 608 1042 651 continentur,
1065 605 1207 644 scientia.
1231 608 1353 641 Rerum
1374 607 1554 641 divinatum
1572 608 1706 641 nomine

318 652 410 686 Deus
426 649 509 699 ipse,
526 652 642 702 Ange'i
669 666 771 702 mens
786 655 926 690 humana
939 683 948 698 ‚
967 661 1003 693 &
1020 669 1089 704 qua:
1101 658 1276 693 tractantur
1290 658 1323 690 in
1340 653 1564 703 Metaphyfica
1581 654 1705 690 intelli-

318 701 351 747 gi
361 698 505 746 possunt:
522 713 579 749 per
588 714 636 736 res
647 702 799 738 humanas
814 704 975 751 quidquid
988 705 1032 739 est
1044 718 1237 754 corporeum
1248 735 1258 749 ‚
1272 716 1329 739 aut
1345 704 1446 740 oculis
1459 703 1639 752 subjec'kum
1655 706 1707 740 in-

320 748 510 797 telligimus.
529 751 580 787 Ab
595 751 665 786 aliis
684 752 757 787 satis
771 765 847 802 apte
856 753 1010 788 definitur
1021 765 1107 788 cotta
1126 760 1160 790 ὃ(
1171 755 1306 790 evidens
1324 755 1471 803 cognitio
1488 765 1598 788 eorum
1609 782 1619 797 ,
1638 765 1708 800 quoe

317 798 359 831 ad
369 801 529 846 optimam
542 803 615 835 vitae
625 830 634 844 ‚
651 813 844 850 morumque
859 805 1021 838 rationem
1044 805 1220 850 pertinent.

357 849 439 882 Non
449 851 537 883 enim
547 862 653 885 retum
663 853 812 885 omnium
824 850 989 887 scientiam
1000 851 1208 900 Philosophia
1227 851 1454 900 complectitur
1467 880 1477 895 ,
1504 864 1564 887 nec
1579 853 1618 887 de
1634 866 1708 888 om.

318 898 353 930 ni
368 899 503 930 materia
514 897 674 945 disputare
694 898 868 944 praesumit:
882 901 972 946 quod
984 901 1135 947 Sophistae
1149 901 1229 935 olim
1245 913 1368 937 temere
1383 900 1638 947 promittebant:
1655 901 1707 936 sed

320 955 358 977 ea
380 946 519 979 maxime
548 958 618 993 quce
645 947 686 980 ad
701 947 832 982 honeste
850 949 1027 983 vivendum
1045 949 1239 992 conferunt,
1262 961 1318 983 aut
1340 962 1409 995 qua:
1430 951 1590 985 rationem
1610 949 1709 999 perfi-

319 994 408 1026 ciunt
423 1021 433 1036 ,
451 1005 505 1027 aut
520 997 618 1030 etiam
634 996 674 1029 ad
694 996 852 1031 tuendam
869 999 1014 1044 corporis
1030 996 1162 1031 salutem
1176 1026 1185 1039 ,
1211 1003 1244 1034 &
1263 998 1303 1031 ad
1320 1000 1392 1032 vitae
1410 997 1496 1032 usum
1518 1000 1707 1046 pertinenti,

319 1053 457 1089 quaeque
470 1055 528 1077 nos
541 1041 704 1079 beatiores
715 1056 880 1092 utcunque
894 1044 1020 1091 polsunt
1032 1044 1159 1080 efficere
1173 1075 1182 1089 ‚
1197 1044 1406 1093 Philosophia
1420 1045 1633 1094 persequitur.

376 1090 434 1124 Illa
462 1103 573 1127 autem
601 1094 750 1142 cognitio
778 1106 846 1128 non
880 1092 957 1127 falci
982 1123 991 1137 ‚
1019 1106 1086 1128 non
1112 1106 1250 1129 erronea
1272 1123 1282 1138 ,
1309 1093 1361 1129 sed
1375 1107 1450 1129 vera
1470 1122 1478 1134 ,
1519 1095 1614 1131 rebus
1635 1095 1708 1144 ipsis

320 1138 535 1176 consentanea
564 1170 574 1184 ,
603 1148 637 1178 ὃ(
660 1153 747 1176 certa
766 1141 826 1176 effe
847 1141 965 1186 debet,
1001 1144 1033 1177 id
1059 1143 1120 1187 est,
1139 1143 1223 1178 clam
1249 1149 1283 1181 δε
1300 1155 1388 1178 certa
1409 1146 1535 1179 tatione
1561 1144 1706 1183 subnixa.

321 1191 411 1225 Nam
428 1188 449 1224 si
465 1193 548 1225 ratio
565 1191 629 1238 ipsi
640 1220 649 1234 ‚
679 1203 747 1238 quae
762 1189 911 1234 affertur,
927 1191 1066 1240 speciem
1088 1204 1213 1228 tantum
1228 1192 1348 1228 habeat
1361 1194 1506 1228 veritatis
1521 1222 1529 1234 ‚
1558 1199 1591 1230 δε
1607 1196 1706 1244 negli-

320 1250 436 1285 genter
446 1239 631 1274 attendenti
641 1252 737 1283 vcta,
756 1252 813 1275 aut
826 1241 958 1276 evidens
969 1253 1141 1290 appareat,
1161 1254 1230 1276 tum
1248 1254 1354 1280 error,
1378 1254 1434 1277 aut
1461 1241 1538 1277 falsa
1553 1243 1708 1290 persuasio

321 1287 458 1321 dicenda
474 1289 534 1331 est,
548 1287 568 1322 si
584 1291 722 1324 veritate
737 1290 925 1326 destituitur.
955 1291 1054 1338 Qod
1067 1289 1088 1325 si
1105 1291 1169 1338 ipsa
1184 1293 1266 1326 ratio
1277 1321 1287 1335 ‚
1305 1304 1368 1338 qua
1382 1293 1502 1326 utimur
1517 1320 1524 1329 ,
1555 1291 1590 1327 sit
1605 1296 1710 1329 tenuis

324 1341 359 1372 δε
370 1336 533 1384 popularis
547 1349 618 1372 cum
631 1337 837 1374 dubitatione
853 1342 1026 1387 conjuncta
1042 1368 1051 1382 ,
1071 1352 1137 1374 tum
1149 1342 1263 1389 opinio
1279 1342 1342 1375 dici
1360 1339 1451 1376 solet.
1468 1343 1501 1375 Si
1515 1341 1712 1378 authoritate

325 1396 452 1419 tantum
469 1388 605 1430 utimur,
628 1388 692 1422 haec
709 1391 854 1436 cognitio
871 1389 910 1422 ad
929 1388 1026 1424 fidem
1041 1391 1201 1437 pertinet,
1220 1390 1271 1424 seu
1291 1391 1452 1433 divinam,
1476 1402 1549 1423 cum
1567 1392 1641 1424 Deo
1659 1404 1712 1426 re.

321 1433 446 1468 velanti
460 1463 469 1476 ‚
489 1434 543 1469 seu
559 1436 733 1472 humanam
749 1465 760 1480 ‚
784 1450 857 1473 curn
872 1437 998 1473 homini
1015 1438 1173 1472 credimus
1193 1453 1201 1474 ε
1231 1438 1283 1473 sed
1300 1437 1356 1473 ubi
1373 1450 1520 1473 accurata
1536 1441 1582 1473 rei
1603 1437 1709 1488 inspe-

322 1484 431 1517 &ione
444 1512 452 1525 ‚
467 1483 798 1531 stabilipersiiafione,
821 1491 855 1523 δέ
878 1486 1106 1522 intellecmalis
1133 1486 1262 1521 luminis
1282 1488 1447 1522 evidentia
1466 1486 1710 1533 persuademur,

321 1541 391 1565 tum
404 1531 457 1564 illa
474 1535 621 1579 cognitio
641 1533 772 1568 scientia
786 1535 923 1578 dicitur,
933 1541 967 1571 &
982 1535 1025 1569 est
1037 1547 1111 1568 vere
1123 1534 1356 1583 Philosophica.
1378 1538 1578 1584 Qanquam
1592 1550 1710 1586 negate

320 1593 386 1614 non
403 1579 572 1628 poffurnus,
591 1584 669 1628 quin
680 1581 892 1632 Philosophus
907 1582 1008 1618 multa
1019 1584 1169 1631 opinetur
1180 1611 1190 1625 ,
1215 1584 1325 1618 credat
1336 1613 1345 1626 ,
1361 1597 1447 1620 erret
1463 1598 1709 1633 nonnunquam:

319 1627 372 1663 sed
382 1640 492 1663 tamen
506 1630 719 1678 Philosophus
741 1631 808 1668 dici
829 1646 896 1670 non
913 1630 1108 1683 potest‚=nifi
1121 1643 1278 1681 quatenus
1292 1636 1481 1682 cognitione
1495 1646 1602 1668 rerum
1623 1647 1710 1670 certa

321 1682 355 1714 ὅ(
369 1678 523 1713 evidente
539 1681 688 1726 praeditus
703 1681 757 1718 est.

356 1726 459 1771 Objic.
474 1728 681 1778 Philosophia
701 1730 845 1767 versatur
854 1733 938 1767 circa
949 1731 1057 1767 Deum
1068 1758 1078 1773 ,
1097 1732 1181 1777 cujus
1194 1728 1286 1765 nullae
1296 1728 1366 1766 sunt
1381 1728 1474 1764 causae
1488 1742 1584 1780 :ergo
1602 1735 1706 1767 minus

319 1775 365 1810 est
386 1788 533 1811 accurata
566 1778 781 1828 Philosophiae
798 1781 955 1816 definitio.

355 1825 443 1873 Κεφ.
461 1829 504 1862 D.
518 1829 594 1862 Ant.
609 1828 714 1864 Nullae
729 1829 797 1866 sunt
813 1827 909 1865 causa:
922 1830 980 1873 rei,
998 1828 1155 1873 concedo;
1171 1829 1364 1876 cognitionis
1376 1857 1384 1869 ,
1396 1841 1481 1876 nego
1493 1840 1584 1864 :nam
1597 1833 1707 1865 Deum

318 1873 541 1922 cognoscimus
555 1890 593 1911 ex
610 1882 763 1915 creaturis
778 1895 786 1915 :
799 1880 918 1915 deinde
934 1891 1035 1913 unum
1051 1876 1242 1912 attributum
1269 1876 1289 1911 it
1313 1876 1407 1912 nobis
1428 1875 1647 1926 cognoscitur,
1674 1891 1709 1914 ut

319 1922 408 1958 causa
425 1937 479 1961 aut
493 1927 578 1961 ratio
590 1926 734 1964 alterius.
758 1930 811 1963 Sic
830 1925 1077 1963 immutabilitas
1098 1926 1142 1961 est
1160 1926 1253 1962 velut
1274 1926 1382 1971 causa,
1405 1938 1461 1962 aut
1482 1930 1566 1962 ratio
1583 1928 1708 1964 :eterni-

311 1983 407 2011 tatis.

774 2053 883 2106 ‘QU
910 2059 1129 2095 AESTIO
1195 2059 1248 2094 11.

798 2140 862 2175 An
877 2139 994 2186 existat
1019 2138 1235 2189 Philosophia.

413 2221 506 2258 Uise
521 2221 736 2270 philosophos
758 2219 954 2271 profitentur
966 2251 976 2266 ‚
999 2224 1032 2257 in
1047 2221 1217 2269 quaerenda
1234 2222 1374 2256 veritate
1399 2219 1575 2258 versintur.
1609 2223 1707 2258 Hanc

416 2275 471 2318 qui
489 2273 517 2307 se
537 2271 688 2309 inveniffe
707 2284 821 2322 putant
839 2299 848 2314 ‚
862 2272 1007 2306 dicuntur
1028 2274 1218 2318 Dogmatici
1234 2269 1271 2306 :si
1289 2284 1355 2306 non
1377 2269 1532 2305 invenisse
1560 2272 1707 2319 quidem,

321 2316 372 2352 sed
394 2322 425 2353 le
450 2323 596 2358 invenire
617 2319 702 2371 posse
723 2322 1067 2369 existimant‚Sceptici.
1086 2322 1184 2370 Quod
1199 2318 1219 2354 fi
1234 2321 1373 2367 denique
1386 2319 1426 2354 de
1439 2322 1633 2356 invenienda
1648 2333 1706 2355 vc-

321 2368 418 2404 ritate
436 2369 862 2422 desperent,Acataleptici,
879 2382 936 2408 aut
951 2373 1029 2410 novi
1041 2371 1225 2410 Academici
1237 2369 1394 2407 dicuntur.
1421 2371 1510 2407 Nam
1523 2381 1654 2408 veteres
1666 2371 1707 2403 ii«
