1857 2745
543 311 598 373 C
640 313 702 375 O
741 311 825 374 M
852 310 936 372 M
968 311 1021 373 E
1051 310 1116 372 N
1149 309 1210 372 T
1249 312 1307 372 A
1339 311 1402 374 R
1445 315 1473 374 Ι
1508 314 1537 374 Ι

467 418 549 458 ῘΝ.
589 417 624 457 C
643 418 887 459 ATEGO
904 417 972 457 R·I
988 416 1078 455 AS:
1111 415 1601 463 ARISTOTELIS.

774 512 807 558 P
833 513 877 558 R
899 512 957 558 AE
981 511 1012 556 F
1037 511 1077 558 A
1104 510 1146 557 Τ
1171 512 1187 556 l
1211 511 1290 556 O·-

352 617 464 758 Ε
478 615 621 665 Xpofitis
635 616 804 661 omnibus,
822 616 944 664 quaead
961 615 1152 652 universalia
1170 619 1334 665 pertinere
1352 617 1417 652 visa
1434 617 1522 663 sunt,
1557 624 1742 668 proximum

478 667 522 700 est
537 678 572 700 ut
589 665 708 701 librum
720 666 898 702 Aristotelis
909 695 919 707 ‚
941 668 1000 712 qui
1014 667 1054 700 de
1068 666 1252 714 Categoriis
1267 665 1461 711 inscribitur,
1478 671 1599 716 quique
1613 700 1622 713 ‚
1640 683 1675 704 ut
1689 672 1740 704 di-

477 717 598 759 ximus,
621 718 760 764 primam
784 715 969 751 Dialecticae
987 727 1115 762 partem
1129 716 1313 759 continet‚.
1330 715 1433 763 quii-m
1450 721 1626 764 poterimus
1645 731 1740 754 accu-

351 774 422 798 rate
439 769 474 800 &
489 764 629 799 dilucide
643 765 870 812 explicandum
883 765 1132 812 aggrediamur,-

386 813 595 849 Aristotelem
608 811 669 848 effe
684 814 774 862 hujus
790 812 882 849 Libri
892 812 1075 848 Authorem
1086 841 1097 856 ,
1114 823 1299 859 quanquam
1320 810 1389 847 sunt
1412 816 1469 860 qui
1486 814 1656 861 dubitent,
1690 829 1738 852 ta-

349 874 428 896 men
455 873 602 897 veterum
614 865 840 911 >interpretum
866 861 1076 904 authoritas,
1092 860 1189 909 stylus
1218 860 1325 895 brevis
1344 867 1377 898 &
1405 861 1612 899 subobscurus
1635 894 1645 908 ,
1680 867 1739 900 do-

348 911 452 945 &rina
472 909 537 959 ipsa
547 923 618 945 cuni
638 913 772 960 Topicis
783 909 895 947 &aliis
911 910 1092 946 Aristotelis
1111 907 1265 958 operibus
1282 909 1481 945 consentiens
1498 925 1582 959 pene
1599 915 1736 950 demon..

346 958 456 996 strant.
481 962 555 996 Nec
568 957 692 995 necesse
706 960 826 995 est-hoc
842 958 916 993 loco
934 958 1036 993 multa
1050 959 1098 992 de*
1108 959 1258 1007 ingenio,
1276 958 1422 993 doctrina
1432 966 1464 996 δε
1475 960 1662 1008 eloquentia
1675 963 1737 998 hu-

345 1011 393 1054 jus
418 1009 571 1044 Authoris
582 1007 751 1044 differ-ere:
769 1021 843 1044 curn
864 1007 929 1042 haec
941 1006 1000 1043 sint
1015 1007 1113 1055 vulgo
1129 1005 1297 1042 notiffima.
1327 1010 1355 1040 1s
1382 1008 1447 1043 fuit
1463 1012 1597 1044 natione
1620 1014 1736 1046 Mace.⁴

349 1056 413 1098 do,
434 1068 474 1089 ex
487 1056 569 1090 urbe
601 1069 645 1090 uae
659 1059 795 1105 Stagyra
811 1057 947 1098 dicitur,
972 1058 1141 1104 Stagyritae
1158 1067 1278 1090 nomen
1295 1055 1403 1090 duxit:
1417 1069 1474 1103 per
1491 1072 1531 1093 20
1547 1071 1648 1093 annos
1665 1060 1738 1095 Pla-

349 1114 465 1139 tonem
482 1068 612 1138 audiisse
628 1104 729 1138 fertur
741 1132 751 1147 ,
772 1116 841 1139 tum
858 1103 1036 1139 Alexandri
1058 1105 1167 1152 magni
1181 1115 1358 1151 praeceptor
1376 1104 1496 1140 electus
1517 1106 1537 1141 a
1559 1107 1710 1156 Philippo
1723 1139 1735 1154 ‚

349 1153 482 1188 tandem
493 1153 674 1188 Athenisin
684 1153 756 1187 loco
769 1181 780 1196 ,
799 1165 898 1200 quern
909 1155 1052 1201 Lyceum
1066 1151 1232 1194 dicebant,
1245 1151 1485 1201 Philosophiam
1495 1156 1635 1193 edocuit.
1645 1160 1738 1192 Hinc

348 1204 641 1250 Peripateticorum
649 1205 798 1251 princeps
810 1202 946 1248 fuit,qui
957 1203 1003 1236 ita
1016 1201 1092 1236 dieu
1102 1201 1172 1235 sunt
1185 1201 1273 1248 quod
1288 1202 1652 1240 interdeambulandum
1663 1206 1734 1254 phi-

346 1248 600 1299 losopharenturi
628 1253 752 1286 Primus
774 1249 1015 1298 Philosophiam
1030 1262 1162 1285 omnem
1174 1270 1189 1292 ν,
1217 1262 1253 1284 ac
1268 1252 1582 1298 Logicameaxime,
1593 1256 1634 1290 in
1648 1256 1732 1290 ordi.

347 1312 425 1335 neni
440 1300 593 1348 digessit,
605 1328 607 1331 .
621 1312 758 1347 eamque
779 1311 866 1335 certa
875 1302 1020 1343 ratione,
1033 1312 1087 1334 aut
1105 1299 1261 1334 methodo
1280 1302 1516 1347 perimetavits

383 1351 480 1383 Hunc
499 1349 634 1384 Librum
648 1349 702 1384 vel
715 1348 900 1385 Aristoteles
920 1347 995 1396 ipse,
1017 1348 1071 1383 vel
1087 1350 1143 1395 qui
1159 1359 1234 1381 eum
1255 1347 1352 1382 securi
1367 1348 1459 1392 sunt,
1484 1351 1525 1385 de
1546 1351 1731 1401 Categoriis

344 1397 527 1444 inscripsere
543 1412 551 1433 :
572 1410 669 1445 quam
686 1411 803 1433 vocem
813 1397 833 1433 ἐι
845 1397 921 1432 foro
933 1399 965 1432 in
976 1399 1121 1444 Lyceum
1140 1398 1307 1432 invectam
1320 1396 1409 1432 fuisse
1425 1397 1572 1446 plerique
1590 1414 1632 1450 op
1639 1404 1732 1438 inan-

345 1455 405 1481 tur.
423 1449 511 1482 Nam
527 1460 566 1481 ex
583 1459 665 1482 voce
682 1450 951 1495 graecam-rumpia,
963 1446 1059 1481 dueta
1081 1446 1126 1480 est
1147 1460 1156 1480 :
1171 1446 1259 1492 quod
1274 1446 1317 1480 est
1331 1445 1441 1481 accuso
1456 1448 1733 1493 :shincna-mppt‘a

341 1495 577 1530 accusationem
620 1498 727 1543 roprie
738 1495 964 1544 significan-Id
982 1504 1103 1529 nomen
1122 1494 1163 1527 ad
1178 1504 1299 1528 certam
1316 1493 1428 1529 seriem
1448 1508 1602 1544 generum
1613 1504 1647 1535 &
1658 1499 1731 1548 spe-

341 1545 553 1591 cierum‚quae
565 1509 619 1578 sub
645 1556 710 1579 uno
727 1543 874 1592 supremo
883 1555 1003 1592 genere
1017 1546 1243 1585 continentur,
1262 1541 1333 1578 satis
1352 1546 1524 1579 commode
1544 1546 1729 1584 transsatum

337 1604 456 1640 putant
470 1593 576 1640 :qnod
601 1594 772 1642 praedicata
781 1591 941 1642 superiora
959 1621 971 1638 ‚
990 1604 1102 1627 eorum
1111 1603 1181 1639 quae
1190 1590 1252 1626 illis
1266 1590 1474 1639 subjiciuntur
1486 1605 1635 1632 naturam
1647 1609 1728 1646 ape-2

338 1643 432 1676 riant
446 1648 479 1679 &
494 1641 671 1679 declarent:

394 1692 484 1725 Hinc
513 1693 676 1740 categoria
698 1691 783 1739 apud
796 1693 935 1740 Logicos
958 1688 1082 1738 est‘ipsa
1092 1690 1275 1737 praedicatio
1293 1705 1301 1726 ε
1325 1702 1361 1724 ac
1377 1692 1491 1725 decem
1507 1690 1650 1739 suprema
1664 1707 1724 1743 ge-

338 1751 414 1773 nera
427 1769 437 1783 ,
459 1739 513 1774 seu
523 1742 690 1788 praedicata
700 1738 1163 1775 cateootiaedicuntur.-Unde
1187 1744 1220 1776 &
1240 1741 1366 1774 Bo'e'tius
1387 1739 1472 1774 hunc
1493 1742 1664 1777 tractatum
1683 1744 1726 1778 de

338 1789 452 1822 decem
473 1790 724 1836 praedicamentis
738 1771 1063 1838 inscripfic-Architas
1077 1790 1286 1831 Tarentinus,
1305 1791 1361 1835 qui
1379 1788 1399 1824 ὲ
1421 1788 1585 1825 nonnullis
1602 1794 1724 1839 primus

337 1837 428 1885 hujus
447 1838 540 1872 Libri
554 1837 682 1873 Author
692 1837 840 1882 liabetur,
851 1850 923 1874 eum
943 1839 984 1872 de
996 1838 1108 1871 decem
1122 1836 1256 1871 vocibus
1271 1836 1502 1872 universalibus
1514 1837 1722 1887 inscripserat:

337 1899 404 1920 non
414 1888 503 1934 quod
514 1899 633 1921 vocum
647 1889 680 1922 in
694 1886 758 1921 hoc
776 1887 911 1923 traebatu
924 1889 1008 1920 tatio
1019 1887 1174 1933 praecipue
1191 1884 1364 1921 habeatur:
1386 1885 1438 1919 sed
1453 1888 1528 1931 quia
1543 1899 1591 1921 res
1608 1901 1724 1925 omnes

336 1934 449 1970 decem
464 1935 598 1970 vocibus
614 1964 624 1978 ,
647 1946 703 1968 aut
721 1937 865 1969 terminis
883 1936 1111 1981 exprimuntur.
1141 1935 1218 1978 Qa
1236 1935 1362 1968 ratione
1375 1945 1480 1968 motus
1498 1936 1721 1982 Qntilianus

338 1984 422 2019 hanc
432 1997 535 2019 rerum
554 1984 664 2018 [etiem
682 1982 880 2018 elementum
892 1981 1163 2030 appellavit.Sunt
1173 1983 1260 2017 enim
1274 1983 1308 2017 hi
1322 1995 1508 2018 communes
1524 1987 1652 2021 termini
1662 1998 1721 2022 ve.

337 2032 385 2067 lut
395 2035 496 2080 prima
508 2033 662 2068 orationis
678 2031 866 2067 Dialecticae
881 2031 1052 2066 elementa.

368 2082 546 2130 Objecturn
562 2085 671 2128 itaque
682 2080 771 2128 hujus
781 2079 871 2115 Libri
884 2080 954 2115 sunt
967 2093 1014 2114 res
1025 2092 1138 2115 omnes
1152 2082 1182 2114 in
1193 2091 1295 2115 certas
1311 2080 1434 2129 digestae
1442 2079 1560 2119 classes.
1584 2085 1668 2118 Finis
1688 2087 1717 2119 is

337 2132 427 2172 est,ut
441 2134 561 2166 vitetur
578 2132 682 2165 omnis
695 2129 838 2164 idearum
858 2128 1058 2165 confulio.1n
1074 2130 1259 2164 trac‘mtude
1275 2128 1591 2178 universalibus,quae
1604 2131 1717 2167 similia

337 2180 406 2213 sunt
420 2182 502 2215 inter
518 2180 546 2214 se
557 2210 566 2223 ,
582 2181 615 2214 in
633 2192 733 2214 unum
746 2178 942 2228 colliguntur
956 2208 964 2221 ‚
983 2191 1019 2211 ac
1046 2178 1134 2224 plura
1163 2190 1220 2226 per
1236 2191 1330 2213 unam
1357 2178 1466 2213 ideam
1479 2183 1714 2228 concipiuntur.

338 2229 460 2261 Contra
478 2231 511 2263 in
526 2229 589 2262 hoc
607 2230 745 2264 traciam
760 2257 769 2270 ,
796 2241 865 2275 quae
875 2227 1112 2263 suntdislirnilia
1125 2257 1134 2270 ‚
1161 2230 1194 2262 in
1221 2227 1343 2261 diversa
1361 2239 1497 2273 genera,
1524 2240 1579 2263 aut
1607 2228 1716 2264 classes

336 2276 527 2322 separantur.
538 2279 625 2312 Hinc
639 2289 687 2312 res
706 2278 739 2312 in
754 2275 840 2311 suurn
853 2289 983 2325 quaeque
993 2277 1141 2311 ordinem
1153 2276 1280 2324 digestae
1300 2275 1423 2310 facilius
1444 2276 1571 2311 definiri
1582 2307 1590 2320 ,
1606 2290 1643 2312 ac
1662 2278 1714 2312 di-

337 2325 403 2360 vidi
422 2323 545 2371 poll-[int
560 2342 565 2360 ;
592 2331 625 2363 ὃ(
637 2327 727 2361 omni
740 2324 863 2361 sublata
878 2324 1066 2360 confusione
1080 2327 1179 2374 magis
1192 2326 1342 2360 distincta:
1361 2323 1441 2359 fiunt
1456 2332 1487 2362 &
1497 2338 1621 2373 apertae.

379 2376 459 2410 Tres
481 2377 513 2410 in
532 2387 635 2425 partes
653 2375 706 2412 hic
716 2373 814 2411 Liber
824 2375 940 2413 divisus
958 2375 1010 2412 est.
1029 2378 1064 2413 In
1081 2376 1186 2424 prima
1204 2375 1349 2424 quaedam
1366 2374 1558 2425 praeambula
1573 2377 1713 2425 praeniit:
