1857 2745
365 108 436 144 495
782 98 1291 136 'METAPHYSICAE
1751 147 1755 150 ᾖ

367 149 598 183 denominatio.
625 150 714 184 Nam
725 147 746 182 si
757 151 860 194 paries
871 148 1096 183 denominatur
1115 148 1292 184 extrinsece
1312 146 1394 184 visus
1417 177 1427 192 ,
1443 147 1507 184 haec
1520 148 1745 192 denominatio

366 197 402 232 fit
414 196 434 230 ‘a
453 195 571 231 visione
587 208 657 243 quae
675 196 718 230 est
731 196 866 231 animali
877 196 1059 235 intrinseca.
1072 199 1124 232 Sic
1136 199 1265 245 quando
1283 210 1332 233 tes
1350 202 1693 249 mutaturextrinsece,
1705 204 1744 240 fit

366 257 454 279 extra
473 257 541 278 rem
556 244 653 292 ipsam
664 256 740 279 vera
757 244 865 292 aliqua
883 248 1041 281 mutatio:
1056 258 1134 296 ergo
1145 245 1267 293 ubires
1285 246 1359 282 loco
1376 257 1526 282 movetur
1539 276 1549 291 ,
1575 248 1613 285 fit
1636 252 1742 302 aliqua

364 295 464 327 etiarn
482 293 648 328 intrinseca
664 295 824 330 mutatio:
844 295 933 342 quod
947 295 1092 342 quaedam
1109 297 1140 330 ei
1153 295 1270 339 forma,
1288 296 1344 332 vel
1354 298 1469 331 entitas
1481 294 1661 336 succrescat.

412 343 502 391 Resp.
517 355 587 392 neg.
597 353 665 378 ant.
681 343 769 378 Cum
780 344 868 378 enini
879 344 943 379 duo
956 342 1017 379 sese
1030 356 1143 379 niutuo
1157 347 1362 393 &reciproce
1373 345 1600 391 denominant,
1611 360 1646 383 ut
1656 349 1744 386 locus

364 396 399 427 δι
414 403 462 424 res
484 394 517 426 in
530 391 602 426 loco
619 391 717 440 posita
727 420 737 435 ,
751 391 834 427 nihil
851 390 972 427 necelse
988 393 1031 428 est
1041 406 1161 428 novam
1177 393 1317 430 formam
1330 423 1341 438 ,
1361 392 1416 429 nisi
1429 393 1640 443 tespefflvam
1655 411 1745 436 com.

367 438 491 474 minisci
501 469 509 483 ‚
528 452 564 475 ut
580 443 612 476 in
627 440 779 476 omnibus
789 441 897 475 relatis
912 442 1022 476 videre
1038 443 1089 476 est.

408 491 461 524 De
479 488 542 523 loci
555 501 668 524 natura
685 519 695 534 ‚
713 500 769 524 aut
778 501 864 524 certe
879 491 956 538 quid
978 491 996 526 ὲ
1013 489 1108 526 nobis
1130 491 1193 526 loci
1207 495 1342 526 nomine
1355 492 1554 540 concipiatur
1567 521 1577 536 ‚
1591 491 1662 528 [atis
1680 492 1746 530 fiise
1767 496 1770 499 ’

369 538 505 572 diximus
522 567 531 581 ,
547 551 633 574 nunc
647 539 873 586 quomodores
888 551 1024 588 qnaeque
1042 538 1145 575 sintin
1164 541 1239 575 loco
1252 569 1261 585 ,
1282 541 1450 575 videamus
1466 558 1475 584 3
1493 539 1582 576 simul
1601 547 1635 579 δε
1657 555 1747 590 (Ῑυεε.
1770 556 1771 559 ’

369 586 482 621 stiones
501 588 625 635 aliquot
647 600 718 635 quae
732 590 858 623 moveri
882 587 985 625 solent
1001 617 1011 633 ,
1026 589 1255 637 expendamus.
1284 593 1484 638 Qanquani
1508 601 1553 624 eae
1573 603 1692 640 magna
1708 604 1747 628 ex
1769 598 1773 608 ’

367 647 458 682 parte
469 635 538 670 sunt
552 637 718 685 expeditae.

404 686 451 718 Ac
469 687 608 731 primuni
618 686 750 732 quidem
765 686 883 736 duplex
895 685 993 734 vulgo
1005 687 1157 722 existendi
1177 689 1209 722 in
1226 686 1299 721 loco
1319 688 1433 724 modus
1455 689 1561 724 afferi-i
1579 688 1678 733 solet,
1690 691 1749 724 cit.
1770 701 1773 705 ·

370 731 607 781 cumscriptivus
620 736 774 771 nimitum
785 765 795 779 ,
808 742 842 772 &
857 735 1054 770 definitivus.
1074 738 1141 771 Res
1161 738 1259 783 priori
1274 736 1374 771 inodo
1387 738 1429 772 est
1448 740 1481 773 in
1496 738 1588 781 loco,
1613 750 1689 773 cum
1702 741 1749 773 ita

371 783 512 829 corporis
526 781 700 817 ambientis
716 783 882 832 superficie
891 787 1125 829 continetur‚ut
1143 796 1212 819 tota
1225 796 1331 820 totum
1342 798 1476 834 occupet
1490 787 1597 822 locuni
1612 816 1621 831 ,
1631 792 1665 824 &
1677 799 1748 836 pars

370 830 454 864 illius
468 833 549 878 parti
560 831 674 867 itidem
689 832 753 867 loci
766 832 968 882 respondeat.
993 836 1110 880 Sicque
1128 836 1239 869 omnia
1252 846 1323 880 quae
1334 832 1404 874 sunt
1425 847 1579 883 corpora,
1594 835 1749 870 naturali-

372 889 418 913 ter
433 878 492 914 suis
509 879 588 915 locis
600 883 817 918 continentur.
836 883 903 917 Res
920 894 998 916 vero
1012 882 1181 918 definitive
1195 883 1238 916 est
1253 885 1285 916 in
1303 882 1387 926 loco,
1401 896 1475 918 cum
1495 896 1582 919 extra
1597 897 1670 919 euni
1681 897 1749 920 non

369 929 552 963 extenditur
571 958 580 973 ,
594 928 647 965 sed
667 941 777 966 tamen
789 942 857 966 tota
871 934 1050 978 concipitur
1064 929 1125 965 eise
1143 934 1177 965 in
1190 930 1338 978 qualibet
1363 944 1453 979 parte
1470 932 1540 967 loci.
1573 935 1625 967 Sic
1641 935 1750 968 anima

370 977 459 1012 estin
477 990 610 1026 corpore
620 1008 629 1023 ‚
641 984 673 1016 8<
688 992 736 1014 res
751 992 864 1016 omnes
878 978 1032 1026 spiritales
1043 979 1099 1014 suis
1110 978 1188 1014 locis
1200 978 1415 1016 definiuntur:
1432 986 1499 1029 jani
1514 982 1682 1029 quomodo
1699 994 1749 1017 res

371 1023 523 1073 spiritales
545 1026 602 1063 sint
614 1031 646 1063 in
663 1028 953 1072 loco,intueamur.
1496 1049 1499 1052 >

389 1076 435 1108 Ac
448 1077 588 1122 primurn
597 1078 732 1123 quidem
744 1077 884 1125 Angelos
895 1075 956 1111 effe
970 1075 1212 1125 alicubinegare
1225 1089 1290 1112 non
1304 1077 1548 1126 poffuniu5,cuni
1559 1092 1628 1115 rem
1638 1079 1752 1116 nullibi
1774 1094 1775 1097 ¹

373 1121 432 1156 effe
445 1126 588 1171 omnino·
598 1124 633 1159 fit
643 1124 889 1173 impossibile-,ac
902 1123 922 1158 si
932 1137 979 1159 res
990 1123 1272 1168 essetiiullibi‚haec
1289 1128 1533 1173 quodammodo
1548 1141 1637 1164 extra
1650 1129 1752 1177 sphae-
1770 1141 1774 1144 ”

373 1174 539 1214 immanita
555 1172 668 1220 loquar
680 1203 689 1216 ‚
708 1172 928 1208 immensitatis
946 1173 1150 1221 divinae‚quae
1167 1175 1209 1208 est
1223 1173 1356 1221 ubique,
1371 1176 1556 1212 consisteret,
1572 1179 1674 1226 Qod
1684 1191 1752 1215 non

373 1222 479 1255 minus
491 1220 662 1257 absurdum
674 1222 832 1269 est‚quam
843 1234 910 1256 reni
928 1233 1070 1257 creatam
1083 1234 1171 1256 extra
1193 1225 1297 1257 omnis
1310 1228 1462 1273 temporis
1473 1255 1481 1269 ‚
1500 1238 1555 1261 aut
1569 1230 1752 1263 :eternitatis

373 1267 534 1304 ambitum
555 1274 725 1307 contineri.
740 1273 813 1307 Nec
823 1273 926 1306 minus
944 1268 1101 1305 absonum
1112 1271 1153 1305 est
1162 1283 1231 1305 reni
1246 1270 1307 1306 esse
1319 1273 1455 1317 nullibi,
1473 1287 1570 1321 quam
1585 1288 1656 1310 eam
1670 1289 1754 1312 nun-

373 1330 472 1367 quam
485 1319 623 1355 existere.
634 1323 672 1355 Et
684 1320 768 1362 sane,
779 1331 814 1354 ut
823 1324 892 1366 jam
905 1318 984 1354 alibi
995 1319 1196 1362 diximus‚his
1211 1321 1392 1356 rationibus
1404 1324 1491 1357 modi
1503 1322 1719 1359 tibicationum
1732 1324 1754 1360 ὲ

374 1367 609 1402 recentioribus
620 1368 752 1404 conficti
763 1365 1208 1416 profligantur.Nam'sublata
1219 1373 1309 1403 omni
1323 1369 1510 1405 ubicatione
1522 1384 1571 1405 res
1584 1372 1696 1408 nullibi
1705 1372 1754 1408 es-

375 1414 403 1449 sc
410 1428 433 1452 t.
471 1419 607 1451 Maneat
617 1416 798 1465 igiturillud
810 1428 962 1463 tanquam
973 1428 1109 1459 certum,
1126 1415 1267 1465 Angelos
1282 1423 1316 1455 ὅ(
1328 1422 1472 1455 animam
1489 1420 1681 1456 rationalem
1693 1420 1755 1457 effe

378 1468 409 1499 iii
424 1465 503 1499 loco.

436 1529 461 1549 2,
480 1514 568 1549 Cum
587 1527 635 1549 tes
652 1513 804 1563 spiritales
821 1513 879 1549 fiiit
893 1516 1030 1563 partium
1041 1527 1185 1564 expertes
1198 1544 1208 1559 ,
1242 1528 1285 1550 eae
1299 1516 1431 1563 quidem
1451 1516 1521 1552 siint
1540 1520 1572 1553 in
1584 1517 1658 1553 loco
1670 1546 1681 1560 ,
1699 1516 1755 1553 sed

377 1562 563 1597 indivisibili
580 1564 681 1598 modo
696 1581 705 1607 ·,
724 1563 940 1599 extensionem
954 1563 1160 1610 habent,sed
1180 1565 1369 1607 virtualem,
1389 1564 1452 1600 five
1470 1565 1506 1601 sit
1526 1566 1756 1615 penetrabilis,

378 1609 442 1646 five
458 1612 711 1660 impenetrabilis
722 1612 737 1655 ‚'
750 1624 786 1646 ut
805 1613 932 1661 Angelo
949 1612 1086 1650 libuerit.
1112 1616 1192 1662 Qio
1209 1618 1332 1661 major,
1348 1614 1410 1649 hoc
1431 1617 1494 1649 erit
1507 1614 1703 1663 perfectior‚
1721 1621 1755 1653 δε

378 1660 494 1694 divina:
512 1660 719 1696 immensitati
734 1663 879 1698 vicinior.
901 1664 1087 1711 Stintigitur
1100 1674 1148 1698 res
1164 1660 1317 1711 spiritales
1335 1666 1367 1698 in
1386 1663 1458 1698 loco
1477 1663 1666 1700 definitive:
1680 1677 1756 1701 narn

379 1720 485 1743 earum
497 1709 640 1745 extensio
655 1709 796 1745 virtualis
808 1710 865 1745 suis
877 1714 1021 1747 terminis
1037 1715 1229 1747 continetur.
1249 1713 1301 1745 Sic
1318 1714 1425 1748 anima
1448 1725 1536 1748 extra
1559 1724 1666 1748 totuin
1685 1726 1758 1748 cor-

380 1770 434 1804 pus
450 1771 514 1793 non
525 1759 718 1795 extenditur.
738 1759 800 1793 Sed
815 1764 915 1808 major
923 1773 980 1796 nos
990 1772 1101 1795 manet
1112 1759 1279 1795 difficultas
1290 1790 1299 1805 ‚
1308 1774 1349 1796 an
1360 1774 1408 1796 res
1419 1762 1532 1797 eadem
1541 1761 1628 1798 simul
1642 1765 1676 1799 in
1689 1763 1757 1812 plu-

378 1805 462 1840 ribus
476 1807 553 1842 locis
573 1807 632 1843 effe
646 1807 750 1857 poffit,
765 1810 813 1842 Sit
826 1810 937 1855 itaque

954 1860 1065 1891 Tertia
1083 1858 1258 1903 Conclnfio.

423 1954 489 1986 Rea
500 1954 614 1989 endem
623 1967 690 1989 non
699 1952 867 1989 definitive
884 1954 1005 1997 modo,
1018 1953 1077 1989 'sed
1093 1957 1192 1991 etiam
1210 1954 1479 2004 circumscriptive
1499 1956 1533 1990 in
1551 1953 1660 1989 multis
1679 1954 1757 1990 locis

380 2002 437 2050 per
447 2002 591 2048 divintim
604 2006 784 2051 potentiam
795 2002 855 2038 effe
867 2003 984 2050 potest.
1712 2033 1715 2035 ,

420 2053 492 2086 Pars
505 2051 712 2087 conclusionis
724 2054 812 2100 prior
824 2051 864 2085 ad
879 2050 978 2086 fidem
991 2051 1127 2086 nostram
1138 2054 1290 2099 pertinet,
1307 2064 1380 2086 cum
1393 2051 1534 2086 Christus
1553 2052 1714 2087 Dominus
1725 2054 1757 2087 in

380 2098 577 2134 fiterossm&0
593 2100 699 2135 altaris
708 2102 918 2134 Sacramento
935 2098 1022 2134 simul
1038 2102 1070 2134 in
1083 2099 1223 2148 pluribus
1237 2100 1313 2135 locis
1323 2102 1443 2136 existat.
1469 2101 1596 2135 Deinde
1613 2099 1689 2134 illud
1702 2100 1758 2134 de—

381 2150 490 2196 negati
501 2148 617 2184 divinae
635 2151 878 2197 omnipotentiae
887 2162 952 2184 non
963 2147 1163 2195 debet‚quod
1176 2149 1327 2185 omnibus
1337 2150 1396 2183 rite
1405 2148 1544 2196 expensis
1556 2147 1758 2183 manifestam

383 2209 447 2231 non
473 2197 613 2233 involvit
638 2198 934 2232 contradiffloncni.
970 2198 1072 2243 Qiod
1087 2210 1197 2232 autem
1210 2210 1256 2231 ies
1272 2198 1383 2232 eadem
1403 2197 1509 2231 inultis
1525 2199 1556 2232 in
1572 2198 1648 2231 locis
1669 2195 1758 2232 simul

384 2247 505 2287 existit,
530 2246 650 2281 nullam
669 2246 811 2281 involvit
826 2246 1119 2280 contradictionem
1140 2276 1149 2290 ,
1170 2258 1205 2280 ut
1220 2259 1258 2280 ex
1275 2246 1427 2281 solutione
1448 2245 1670 2294 objestionum
1688 2245 1758 2292 pla-

385 2306 463 2327 num
479 2294 534 2329 fiet
548 2309 555 2329 :
573 2308 651 2344 crgo
664 2295 745 2330 nihil
760 2295 864 2330 obstAt
876 2297 1049 2342 quominus
1059 2307 1108 2329 res
1117 2296 1230 2329 eadem
1240 2323 1249 2337 ‚
1263 2298 1337 2330 Deo
1348 2297 1390 2329 ita
1402 2294 1535 2330 volente
1548 2325 1557 2338 ,
1572 2298 1604 2331 in
1617 2292 1756 2343 pluribus

387 2339 464 2375 ἰωὴ
478 2342 566 2381 simul
589 2345 721 2380 existat:
740 2342 862 2380 tametsi
873 2345 961 2392 quod
981 2343 1010 2377 id
1035 2342 1089 2378 fiat
1103 2345 1211 2387 modo,
1235 2343 1317 2379 forte
1335 2357 1392 2378 iios
1408 2343 1516 2391 fugiat.
