1857 2745
0 108 4 199 ἒ

426 132 864 173 TRACTATUS
902 132 1146 179 PRIMUS,
1416 138 1478 183 482

79 189 123 223 ἃ
138 187 172 221 in
184 185 290 221 aetum
307 182 435 233 redigit.
469 185 519 220 Ac
530 185 586 221 vix
595 183 789 222 crediderim
814 186 964 221 intimam
984 197 1092 220 motus
1108 194 1256 221 naturam
1267 183 1334 223 alia
1349 189 1480 222 ratione

80 233 226 283 ‘intelligi
242 232 339 282 poffe.
1003 258 1007 262 ι

117 284 182 317 His
192 295 228 317 ex
254 282 355 318 licatis
367 283 408 318 de
418 294 510 318 motu
517 285 551 318 in
561 280 743 317 universum
757 309 767 325 ,
794 293 877 317 nunc
894 282 971 328 quid
980 281 1016 318 fit
1028 291 1137 317 motus
1153 280 1286 325 localis,
1304 287 1339 318 δε
1356 285 1389 318 in
1406 295 1480 331 quor

85 329 285 379 potissmium
301 330 381 367 illius
393 343 503 368 natura
520 329 619 380 pofita
630 329 666 365 fit
677 359 687 374 ‚
700 331 875 367 videamus.
890 331 977 365 Cum
995 342 1106 365 autem
1123 330 1162 363 ad
1177 343 1305 365 motum
1323 334 1384 365 tria
1399 345 1474 379 per-

60 380 72 382 ⁷
85 383 211 415 tineant
221 408 231 423 ‚
245 382 397 415 terminus
409 381 429 416 ἐι
440 393 507 428 quo
520 410 529 424 ‚
540 381 694 414 terminus
704 380 744 413 ad
761 389 857 426 quem
868 408 878 423 ,
899 384 933 416 &
947 378 1036 414 velut
1055 379 1109 413 via
1126 406 1136 420 ‚
1155 389 1212 411 aut
1232 379 1333 415 fluxus
1350 379 1392 414 ab
1407 394 1473 416 uno

82 429 124 462 ad
139 428 239 463 alium
249 431 436 465 terminum.
450 431 530 466 Tria
539 428 605 463 haec
615 429 725 463 motus
741 427 852 462 localis
867 425 1033 463 essentiam
1043 425 1213 462 absolvunt
1227 443 1236 471 3
1249 428 1337 462 locus
1355 431 1410 475 qui
1421 442 1473 464 re-

83 475 256 523 linquitur,
275 476 362 512 locus
372 481 426 524 qui
437 479 477 512 de
491 490 580 513 novo
594 478 770 524 acquiritur
785 505 795 519 ‚
807 482 839 514 &
854 476 954 512 fluxus
967 506 976 521 ‚
994 476 1046 511 leu
1064 477 1116 511 via
1135 473 1227 522 ipsius
1241 474 1370 511 mobilis
1385 506 1395 521 ‚
1415 490 1472 526 per

84 536 184 572 quam
192 524 234 559 ab
246 538 311 560 uno
321 526 361 561 ad
375 527 471 562 alium
483 529 658 562 terminum
668 524 705 562 fit
715 528 855 561 mutatio
868 538 875 560 :
893 537 1002 574 neque
1013 525 1102 561 enim
1115 522 1205 558 locus
1221 524 1381 570 deseritur,
1393 529 1472 574 quin

89 586 195 608 novus
205 576 394 621 acquiratur.

123 623 214 656 Hinc
228 622 265 657 fit
273 635 308 658 ut
325 635 432 659 motus
444 624 556 660 localis
565 637 632 659 non
642 622 678 658 sit
693 623 778 658 aliud
789 622 889 671 quam
902 621 1045 658 transitus
1056 619 1187 657 mobilis
1200 619 1220 656 ὲ.
1235 619 1309 655 loco
1321 622 1473 659 inlocum

81 669 167 705 fluxu
178 675 345 708 continuo.
359 675 447 708 Nam
456 676 534 708 citra
544 672 633 707 illum
657 672 776 707 fluxum
789 674 979 707 continuum
995 676 1028 707 &
1043 668 1250 706 successivum
1264 682 1373 706 motus
1395 685 1474 707 con-

82 720 145 766 cipi
154 719 245 755 nullo
259 721 359 755 modo
374 723 489 769 potest.
510 722 612 769 Qiod
628 720 650 755 si
666 723 756 756 enim
769 733 882 768 corpus
893 721 980 767 quod
992 721 1128 754 Lutetiae
1147 718 1194 752 est
1206 747 1214 761 ‚
1238 721 1472 765 reproducatur

81 767 215 811 Romae,
227 772 374 816 quamvis
390 768 426 804 sit
440 770 502 804 loci
517 771 655 806 mutatio
668 798 677 813 ,
704 782 770 804 non
789 770 835 804 est
854 781 964 805 tamen
981 779 1088 803 motus
1109 766 1218 802 localis
1240 781 1248 802 :
1269 769 1345 815 quia
1365 771 1472 805 conti-

82 817 186 851 nuitas
194 817 296 853 fluxus
315 818 409 854 deest.

117 867 231 913 Itaque
249 865 374 901 mobile
383 879 440 915 per
450 879 575 903 motum
590 878 694 902 mutat
712 866 821 902 locum
843 870 999 902 continuo
1017 865 1104 901 fluxu
1123 894 1134 909 ,
1164 865 1217 901 vel
1237 866 1410 903 secundum
1433 867 1468 903 se

82 924 209 949 totum:
225 926 260 949 ut
268 927 341 949 curn
352 928 454 949 currus
465 928 616 950 movetur
633 915 706 958 ·,vel
716 914 891 951 secundum
902 927 1008 964 partes
1024 944 1033 958 ,
1053 927 1088 949 ut
1106 927 1178 949 cum
1193 927 1264 950 rota
1279 918 1362 950 circa
1381 917 1469 953 suum

82 973 230 998 centrum
246 963 416 999 immobile
426 966 570 998 vertitur.
600 964 663 997 Sed
678 976 749 1001 cum
770 964 802 997 id
817 964 889 998 satis
910 977 975 998 non
988 963 1132 1005 constet,
1148 965 1228 1009 quid
1252 964 1314 998 loci
1331 969 1468 1001 nomine

82 1010 297 1059 intelligamus
315 1041 325 1055 ,
350 1024 392 1048 an
412 1011 544 1060 spatium
558 1012 634 1046 illud
646 1012 736 1059 quod
755 1024 868 1059 corpus
890 1023 1028 1060 occupat
1043 1041 1052 1055 ‚
1071 1011 1223 1059 quodque
1242 1016 1468 1061 imaginarium

81 1058 180 1106 vulgo
190 1061 305 1094 dicitur
319 1077 327 1104 3
343 1073 382 1095 an
398 1060 575 1108 superficies
587 1063 729 1108 corporis
741 1059 914 1095 ambientis
928 1076 935 1101 ;
947 1073 988 1094 an
1005 1060 1089 1095 forte
1102 1059 1142 1093 ad
1158 1072 1263 1107 partes
1275 1063 1386 1097 mundi
1404 1066 1469 1097 im-

82 1107 221 1141 mobiles
236 1106 271 1142 sit
282 1108 537 1157 confugiendum
552 1121 603 1145 :ut
612 1120 745 1143 omnem
765 1111 799 1142 in
822 1121 857 1142 re
875 1107 1034 1143 notissima
1049 1107 1293 1143 cavillationem
1310 1115 1343 1146 ὅ(
1361 1110 1470 1159 super..

80 1154 178 1191 fluam
193 1156 392 1205 diligentiam
408 1160 546 1192 vitemus
557 1186 566 1200 ‚
584 1158 616 1190 id
627 1156 830 1192 statuendum
848 1169 916 1191 rem
930 1158 1079 1199 moveri,
1097 1168 1166 1202 quae
1177 1155 1345 1192 succeffive
1364 1162 1403 1193 ad
1419 1162 1470 1193 vi».

80 1207 152 1238 cina
165 1217 299 1253 corpora
317 1206 511 1255 applicatur:
525 1217 631 1240 motus
654 1208 763 1252 itaque
775 1205 820 1239 est
835 1204 1010 1254 applicatio
1022 1209 1172 1239 continua
1192 1209 1226 1241 δε
1247 1204 1416 1242 succeffiva
1425 1208 1468 1242 ad

81 1252 217 1288 diversas
231 1266 337 1302 partes
351 1268 523 1303 corporum
541 1267 610 1301 quae
625 1253 671 1288 illi
687 1253 756 1288 sunt
771 1256 876 1289 vicina
891 1267 900 1289 z
919 1254 1002 1288 adeo
1017 1265 1052 1287 ut
1064 1264 1170 1288 motus
1181 1252 1217 1287 lit
1233 1266 1306 1290 cum
1325 1258 1466 1303 quadam

82 1303 212 1337 afflone
225 1309 257 1339 &
271 1315 389 1338 conatu
409 1305 606 1350 conjunctus.
625 1305 745 1350 Neque
768 1302 824 1337 ille
841 1313 971 1337 conatus
997 1314 1129 1336 omnem
1160 1302 1271 1338 motus
1306 1307 1465 1341 rationem

81 1351 116 1385 in
127 1350 179 1385 suo
196 1363 359 1400 conceptu
371 1352 506 1387 includit
523 1380 534 1395 ,
552 1351 607 1387 nili
619 1350 676 1386 fiat
684 1363 721 1386 ea
732 1380 742 1394 ,
767 1351 807 1386 de
815 1364 879 1399 qua
889 1351 1028 1385 diximus
1046 1379 1056 1394 ,
1073 1351 1113 1385 ad
1131 1352 1237 1385 vicina
1259 1365 1394 1402 corpora
1411 1367 1469 1402 ap-

81 1398 226 1446 plicatio'.

119 1449 221 1495 Qod
232 1452 343 1496 utique
355 1448 432 1483 licet
446 1447 591 1484 Cartesio
605 1448 818 1484 concedamus
831 1476 841 1490 ‚
863 1448 894 1482 id
907 1459 1018 1483 tamen
1030 1447 1105 1481 dare
1115 1460 1181 1484 non
1196 1449 1356 1497 poffiimus
1367 1479 1376 1493 ‚
1402 1450 1465 1500 pis-

81 1508 153 1530 cem
167 1499 201 1531 in
213 1510 296 1545 aqua
310 1527 319 1541 ‚
338 1494 394 1545 qui
405 1497 511 1531 locum
527 1511 593 1533 non
608 1509 726 1540 mutat,
739 1495 791 1530 sed
804 1508 915 1531 contra
926 1509 1014 1543 aquae
1025 1494 1239 1544 profluentem
1256 1501 1381 1542 nititur,
1396 1514 1466 1534 mo-

81 1547 169 1580 veri:
188 1547 275 1592 quod
297 1545 425 1580 diversis
439 1558 527 1592 aquae
538 1546 678 1594 partibus
691 1546 896 1580 continenter
905 1544 1097 1593 applicetur.
1112 1548 1164 1580 Sic
1179 1549 1266 1582 enim
1279 1553 1312 1583 &
1327 1547 1464 1593 trabem,

79 1604 135 1627 aut
151 1606 269 1629 navem
280 1597 311 1630 in
326 1595 435 1629 medio
445 1594 576 1629 flumine
588 1598 748 1642 utrimque
757 1593 929 1642 religatam
951 1595 1099 1637 moveri,
1130 1606 1202 1630 eam
1222 1595 1302 1630 vcro
1326 1609 1398 1644 quae
1414 1597 1462 1632 se-

80 1642 187 1676 cundo
199 1642 329 1679 flumine
340 1643 484 1678 defertur
497 1672 506 1686 ,
531 1646 701 1678 immotam
710 1641 771 1676 effe
783 1642 937 1678 dicemus.
966 1642 1068 1690 Qod
1082 1644 1194 1689 utique
1211 1643 1288 1678 licet
1305 1645 1463 1680 Cartefius

80 1691 251 1735 admittat,
273 1691 374 1727 sensus
385 1704 493 1727 tamen
504 1694 682 1727 communis
696 1693 830 1725 omnino
841 1691 965 1726 videtur
982 1690 1136 1738 respuere.
1167 1694 1206 1726 Et
1220 1704 1377 1739 quantum
1392 1693 1462 1729 fieri

81 1739 186 1786 potest
200 1767 209 1781 ‚
224 1742 379 1789 ingenitae
398 1740 551 1776 omnibus
574 1743 723 1776 notiones
736 1768 746 1783 ‚
776 1751 831 1774 aut
846 1740 925 1774 idea:
942 1740 1044 1774 doctis
1070 1744 1103 1775 &
1122 1740 1258 1775 indoctis
1278 1753 1464 1778 communes

81 1786 241 1823 servandae
270 1788 338 1824 sunt
356 1791 496 1838 integrae.

116 1836 180 1869 Sed
192 1865 201 1879 ‚
222 1839 372 1884 inquiunt
387 1866 395 1875 ,
422 1838 510 1886 piscis
522 1841 579 1885 qui
594 1849 706 1873 contra
723 1847 810 1883 aquae
818 1835 937 1871 fluxum
954 1836 1113 1872 obnititur
1124 1866 1134 1881 ‚
1154 1839 1250 1872 novis
1263 1838 1387 1888 semper
1404 1842 1464 1875 cir-

81 1883 213 1920 cumfufi
230 1889 370 1933 corporis
385 1886 529 1934 partibus
549 1887 747 1936 applicatur,
766 1884 865 1932 idque
876 1898 943 1922 non
955 1885 1019 1922 fine
1036 1897 1221 1921 conatuaut
1237 1890 1365 1924 afflone
1379 1902 1386 1924 :
1410 1892 1464 1925 ni..

79 1931 127 1967 hil
144 1946 220 1982 ergo
233 1937 263 1968 ei
278 1935 364 1969 deest
380 1936 420 1970 ad
439 1947 575 1971 motum.

123 1984 212 2028 Resp.
222 1982 330 2018 locum
345 1997 412 2019 non
429 1986 566 2027 mutati,
592 1983 668 2019 licet
690 1986 833 2032 corporis
851 1983 1025 2020 circumfusi
1045 1997 1152 2034 partes
1174 1988 1378 2022 continenter
1403 2001 1462 2022 va..

81 2031 222 2074 dentur,
245 2044 317 2067 cum
331 2045 444 2081 corpus
461 2035 493 2067 in
513 2033 630 2067 eodem
647 2032 748 2081 spatio
763 2044 932 2081 permanet
959 2047 967 2068 ε
994 2047 1054 2068 nec
1078 2046 1248 2079 conatum,
1276 2046 1332 2069 aut
1360 2034 1461 2073 nisum

79 2090 185 2113 motus
200 2080 322 2128 semper
333 2081 556 2129 consequitur,
577 2093 613 2116 ut
631 2084 652 2116 ii
671 2081 813 2117 fatentur
828 2083 886 2129 qui
902 2081 965 2116 haec
985 2082 1079 2117 nobis
1092 2083 1263 2132 objiciunt.

66 2151 70 2153 >
115 2127 195 2176 Q
205 2140 314 2164 autem
326 2142 438 2165 natura
458 2131 566 2165 motfis
581 2133 680 2179 magis
694 2130 858 2179 perspecta
869 2129 904 2164 fit
917 2135 950 2167 δε
961 2134 1090 2179 cognita
1104 2161 1113 2175 ‚
1137 2133 1314 2168 videndum
1332 2133 1375 2167 est
1391 2146 1461 2181 quae

82 2173 118 2209 fit
129 2179 229 2219 ratio,
251 2184 284 2215 &
299 2177 424 2214 effentia
436 2181 563 2227 quietis.
587 2178 652 2214 Hie
671 2192 757 2214 enim
773 2177 930 2214 Cartesius
942 2192 1009 2214 non
1026 2179 1187 2227 areliquis
1205 2180 1304 2216 modo
1317 2181 1460 2217 Philoso-

81 2222 152 2271 phis
166 2253 176 2267 ,
199 2223 251 2260 sed
272 2230 370 2262 etiam
383 2228 402 2263 a
420 2230 588 2262 communi
603 2230 750 2263 omnium
770 2226 854 2262 sensu
878 2227 1014 2262 multum
1039 2230 1189 2263 recedere
1210 2230 1354 2273 videtur,
1382 2231 1460 2267 dum

81 2274 227 2317 quietem
243 2287 312 2309 non
329 2274 389 2310 effe
406 2276 515 2311 motus
529 2279 746 2324 privationem
758 2305 768 2319 ,
784 2276 834 2311 sed
848 2276 924 2322 quid
944 2276 1029 2310 reale
1046 2283 1079 2313 &
1100 2276 1271 2324 positivum
1286 2279 1457 2316 existimat.

80 2321 190 2365 Atque
202 2333 240 2356 ex
253 2321 591 2373 hocvelntprincipio
604 2324 754 2371 quasdam
775 2337 922 2359 motuum
945 2323 1031 2372 leges
1052 2327 1137 2361 ducit
1150 2354 1159 2368 ‚
1177 2338 1245 2373 quae
1264 2339 1370 2374 neque
1385 2341 1457 2364 cum

82 2370 222 2414 ratione,
241 2383 348 2418 neque
357 2384 429 2407 cum
439 2375 638 2421 experientia
656 2374 868 2411 consentiunt.
892 2374 941 2409 Sir
963 2374 1074 2422 itaque

1127 2425 1162 2459 O
1176 2436 1194 2458 o
1209 2437 1230 2458 o
1262 2424 1292 2472 iij
