1857 2745
350 133 404 174 522
781 113 1281 163 METAPHYMCAE‘

842 215 1026 250 Solvuntur
1044 213 1095 260 obj
1099 217 1238 252 catones.

384 311 469 360 Opp-
482 325 500 348 ι.
511 314 601 349 Deus
617 311 660 347 est
674 311 746 348 finis
765 311 888 348 suarum
900 314 1088 351 actionum:
1107 313 1159 350 sed
1181 318 1274 353 Deus
1292 324 1358 349 non
1382 310 1528 347 estcausa
1546 310 1673 347 suorum
1691 324 1745 346 ac.

355 371 465 396 tuum:
487 374 564 410 ergo
580 360 653 396 finis
668 375 733 397 non
752 361 796 396 est
818 374 895 396 vera
907 362 1008 398 causa.
1672 404 1681 408 -

391 410 480 458 Resp,
497 411 594 445 aliam
609 409 669 446 esl'e
686 412 846 445 rationem
858 410 932 445 finis
944 440 954 454 ‚
971 411 1067 448 aliam
1077 412 1176 447 causae
1192 411 1294 447 finalis
1308 425 1315 446 :
1330 421 1406 446 nam
1418 407 1489 444 finis
1501 408 1605 456 potest
1619 408 1678 443 csse
1689 409 1747 444 sui·

357 456 450 507 ipfius
471 476 480 503 3
507 459 597 494 causa
615 471 726 494 autem
743 458 844 493 finalis
864 460 906 493 est
922 459 1049 509 semper
1079 461 1207 496 alterius
1227 475 1235 497 :
1257 473 1327 495 cum
1342 458 1458 493 scilicet
1479 470 1516 492 ex
1538 470 1603 492 uno
1619 458 1723 493 volito
1736 485 1763 500 ,.

355 518 391 542 ut
407 508 498 543 aiunt
512 537 522 552 ‚
545 508 631 543 aliud
645 508 795 543 volumus
812 522 819 543 :
834 520 869 542 ut
883 520 922 543 ex
938 520 981 543 eo
1000 509 1089 556 quod
1108 509 1278 546 sanitatem
1304 509 1485 556 appetimus
1496 535 1506 550 ,
1527 506 1748 541 medicamen-

358 567 429 591 tum
447 554 568 592 sumere
584 556 740 592 volumus.
767 560 880 604 ltaque
894 558 935 591 ad
951 556 1052 594 finem
1076 561 1216 594 intentio
1234 586 1244 601 ,
1264 557 1304 591 ad
1317 555 1445 591 causam
1455 554 1586 590 finalem
1597 556 1749 605 pertinet

355 604 479 640 eleffio
492 623 502 650 3
514 605 584 642 finis
596 608 628 640 in
642 608 791 641 creaturis
803 607 864 640 dici
874 607 978 655 potest
986 606 1076 642 causa
1094 620 1172 656 pure
1189 605 1354 652 objectiva
1371 604 1532 652 ,qualem
1547 602 1633 651 supra
1648 616 1749 652 expo-

356 652 474 689 suimus
495 682 503 698 ,
520 668 590 703 quae
605 655 727 690 scilicet
744 654 842 689 solam
861 657 1084 704 cognitionem
1097 655 1258 705 postulat:
1274 655 1328 689 sed
1341 665 1376 688 ut
1387 652 1481 687 causae
1500 651 1604 687 finalis
1628 651 1750 687 habeat

357 704 540 748 tationem,
557 717 623 739 non
635 702 709 739 satis
720 703 763 738 est
778 715 813 738 ut
832 702 903 739 finis
925 703 961 740 fit
982 707 1153 754 cognitus:
1181 716 1257 740 narn
1280 714 1430 751 praeterea
1454 702 1685 748 requirimcut
1711 713 1750 735 ex

358 754 429 798 ejtis
439 751 597 787 volitione
607 752 693 787 aliud
710 752 865 799 quiddam
880 753 1017 788 velimus
1031 783 1040 797 ‚
1054 754 1160 788 media
1172 752 1292 788 scilicet
1306 751 1469 800 eligamus.
1483 750 1568 786 Hinc
1579 749 1668 785 causa
1679 762 1751 784 om-

358 801 411 835 nis
430 799 533 836 finalis
544 802 588 836 est
599 800 673 837 finis
687 831 696 846 ‚
715 801 769 837 sed
780 814 846 837 non
857 801 990 839 vicissim
1003 821 1012 847 3
1027 802 1099 838 finis
1120 803 1160 837 ad
1179 800 1314 850 seipsum
1327 811 1460 843 movet,
1478 798 1568 833 causa
1584 797 1687 834 finalis
1710 797 1751 832 ad

363 849 484 886 media.

365 945 384 981 s
396 898 522 934 Contra
538 927 548 941 ‚
569 900 711 946 ihquies,
733 903 822 936 Deus
838 901 882 937 est
907 900 1079 948 objectum
1095 899 1138 936 sui
1153 901 1270 934 amoris
1288 912 1296 934 :
1324 909 1402 944 ergo
1420 896 1462 931 est
1476 895 1566 931 causa
1588 894 1752 945 objectiva

379 959 492 983 uorum
521 949 664 984 actuum.

358 996 391 1041 ξ’·
403 997 492 1046 Resp.
510 998 727 1046 Neg.c0nfiq.
753 999 851 1035 Aliud
870 998 925 1033 est'
943 999 1032 1034 enim
1053 997 1114 1034 effe
1127 997 1293 1048 objetfihirn
1307 1024 1317 1040 ,
1333 993 1418 1030 aliud
1440 990 1500 1028 esse
1517 992 1640 1029 causam
1660 992 1754 1042 obje-

365 1046 496 1082 &ivanm

399 1095 487 1141 Opp.
505 1107 532 1131 2.
555 1098 643 1130 Vera
654 1094 743 1130 causa
754 1096 797 1130 est
805 1097 892 1144 prior
907 1094 1026 1131 effectu
1037 1123 1047 1138 ,
1072 1100 1106 1132 δε
1116 1106 1191 1130 vere
1207 1092 1308 1130 debet
1326 1095 1456 1129 existere
1469 1122 1478 1137 ‚
1493 1097 1527 1130 δι
1540 1090 1614 1125 dare
1624 1091 1755 1128 effeaui

363 1140 419 1176 suo
430 1142 489 1177 effe
504 1157 512 1178 ε
535 1142 586 1176 sed
603 1142 675 1178 finis
693 1143 773 1191 saepe
792 1157 858 1179 non
880 1145 1043 1178 antecedit
1057 1143 1228 1188 effectum,
1253 1155 1313 1179 nec
1331 1143 1434 1178 existit
1447 1171 1465 1186 „
1483 1153 1543 1176 nec
1559 1140 1635 1175 dare
1649 1142 1756 1190 potest

367 1189 430 1224 effe
445 1221 454 1234 ‚
487 1204 559 1226 curn
580 1192 612 1225 id
631 1205 696 1226 non
724 1191 845 1227 habeat
863 1206 871 1227 :
898 1205 977 1241 ergo
993 1191 1062 1226 finis
1074 1206 1142 1228 non
1162 1193 1205 1227 est
1223 1204 1298 1227 vera
1323 1191 1424 1228 causa.

411 1240 498 1288 Kasp.
514 1239 599 1284 Dist.
613 1244 681 1285 maj
685 1267 693 1275 .
712 1240 816 1275 Causa
827 1239 927 1275 debet
938 1241 1067 1275 existere
1083 1246 1116 1278 &
1127 1240 1281 1278 effectum
1299 1241 1491 1275 antecedere
1503 1268 1512 1283 ,
1537 1238 1590 1273 vel
1603 1237 1734 1288 'phyfice
1745 1268 1756 1283 ‚

364 1288 418 1325 vel
432 1288 597 1337 obje‘Ctive
610 1291 668 1332 >C.
687 1288 815 1338 phyfice
825 1295 858 1326 &
872 1289 1022 1332 realiter,
1034 1291 1079 1322 N.
1095 1291 1178 1324 finis
1193 1289 1384 1339 plerumque
1398 1302 1464 1324 non
1478 1287 1583 1321 existit
1598 1316 1608 1331 ,
1624 1301 1685 1323 nec
1702 1301 1758 1324 an-

368 1336 652 1372 oeceditcffcffiim
663 1337 751 1372 sunm
762 1336 912 1386 phyfice3
930 1337 980 1372 sed
1000 1337 1165 1391 obj-efflve
1187 1350 1334 1380 tantum,
1360 1344 1394 1374 &
1416 1340 1448 1371 in
1469 1335 1534 1383 ipsa
1553 1337 1755 1381 intentione,

365 1398 475 1433 neque
497 1387 581 1420 adeo
601 1386 657 1420 dat
675 1384 736 1421 else
751 1385 881 1421 effectui
897 1398 953 1434 per
971 1386 1135 1434 ph‘ylicum
1149 1385 1305 1421 influxum
1319 1414 1329 1429 ‚
1343 1398 1417 1420 cum
1433 1386 1464 1419 id
1480 1398 1548 1419 non
1565 1384 1756 1430 habeat,sed

366 1448 424 1484 per
437 1434 595 1470 influxurn
619 1433 841 1478 objectivum,
871 1439 906 1472 δὲ
922 1435 1171 1482 quodammodo
1184 1434 1356 1470 moralem.

405 1487 492 1530 Qae
507 1495 616 1518 autem
630 1483 683 1517 alii
705 1495 877 1532 opponunt
890 1483 1081 1532 utprobent
1097 1482 1195 1519 finem
1217 1484 1279 1518 esse
1297 1482 1420 1518 causam
1438 1480 1599 1531 pliyficam
1614 1511 1624 1525 ,
1638 1512 1641 1514 .
1653 1495 1689 1517 ea
1707 1480 1757 1518 fa.

367 1534 428 1570 cil&
442 1530 584 1575 dilues,fi
594 1532 840 1580 homonymiam
854 1535 943 1567 vocis
957 1531 1123 1569 sust‘uleris.
1133 1535 1222 1569 Nam
1236 1531 1256 1567 fi
1272 1531 1369 1567 causae
1383 1530 1516 1580 pli'ysi'cae
1533 1535 1668 1566 nomine
1685 1544 1757 1567 earn

368 1582 529 1630 intelligas
541 1610 550 1624 ‚
568 1592 801 1630 quaeprocreat
822 1587 984 1619 verum&
999 1581 1121 1617 realem
1131 1581 1285 1617 effectum
1301 1610 1310 1624 ,
1327 1580 1496 1616 fa'tendum
1514 1580 1557 1615 est
1579 1579 1678 1615 finem
1696 1578 1758 1616 effe

367 1629 490 1666 causam
506 1628 677 1678 phyficam.
697 1631 840 1674 Contra,
865 1630 886 1665 si
901 1643 937 1665 ea
955 1631 1092 1665 dicenda
1107 1644 1172 1666 non
1186 1630 1221 1667 fit
1235 1630 1326 1665 causa
1335 1629 1480 1679 physica,
1503 1641 1572 1677 quae
1583 1628 1711 1678 physice
1723 1634 1758 1666 δὲ

368 1679 497 1714 realiter
510 1690 575 1713 no‘n
592 1678 695 1715 influit
715 1682 749 1714 in
765 1679 937 1724 effeetum,
958 1679 1010 1714 sed
1035 1679 1201 1728 objestive
1221 1691 1348 1715 tantuin
1361 1708 1371 1724 ,
1397 1690 1453 1715 aut
1470 1678 1660 1715 moraliter:
1687 1690 1769 1714 tum-

370 1730 458 1765 enim
468 1726 555 1763 causa
568 1727 671 1764 finalis
687 1730 774 1766 inter
785 1727 927 1777 physicas
941 1731 1101 1765 numerari
1121 1742 1188 1764 non
1200 1728 1314 1764 debet,

881 1827 1030 1862 Secunda
1047 1827 1241 1875 C'onclufib„

404 1924 491 1960 Finis
506 1935 617 1962 movet
636 1924 972 1963 causameffeetricem
988 1939 1045 1976 per
1057 1926 1143 1962 suam
1162 1925 1346 1964 bonitatem
1357 1929 1542 1977 cognitam,
1560 1936 1627 1960 non
1637 1935 1693 1972 per
1703 1936 1757 1960 coe

371 1974 557 2023 gnitionem
577 1975 949 2024 formaliter-sumptam,
970 1989 1070 2024 eaque
1088 1979 1195 2013 motio
1215 1977 1327 2012 dicitur
1344 1976 1572 2026 metaphorica.

407 2024 488 2058 Haec
504 2024 665 2060 conclufio
682 2037 721 2060 ex
744 2028 780 2059 iis
803 2038 875 2071 quae
886 2026 972 2060 dieta
985 2024 1056 2060 sunt
1069 2054 1078 2068 ‚
1105 2024 1201 2061 facile
1215 2026 1386 2074 colligitur.
1407 2023 1551 2062 Primtlm
1570 2025 1657 2058 enim
1668 2026 1756 2060 aetus

370 2073 493 2119 primus
504 2071 606 2107 causae.
617 2072 719 2108 finalis
734 2074 777 2107 est
791 2072 920 2108 bonitas
936 2073 1019 2107 illius
1033 2075 1163 2121 cognita
1175 2102 1185 2116 ,
1198 2071 1260 2108 sive
1271 2073 1307 2108 fit
1317 2086 1392 2108 vera
1410 2103 1420 2117 ‚
1442 2072 1505 2108 fi've
1528 2070 1667 2120 speciem
1688 2085 1757 2109 tan-

373 2132 441 2155 tum
456 2118 577 2156 habeat
590 2120 747 2156 bonitatis
762 2136 769 2157 :
789 2134 846 2169 per
859 2121 941 2157 hume
954 2124 1041 2157 enim
1051 2125 1117 2157 vim
1131 2121 1232 2157 habet
1249 2122 1407 2159 influendi
1429 2124 1463 2157 in
1488 2120 1652 2158 effaetum.

410 2184 439 2205 2.
458 2170 618 2217 Cognitio
635 2171 681 2205 est'
696 2170 784 2206 velut
804 2170 979 2220 applicatio
997 2171 1086 2219 hujus
1116 2170 1234 2215 causae,
1254 2177 1289 2209 ει
1311 2171 1454 2206 conditio
1468 2171 1507 2205 ad
1525 2170 1684 2219 agendum
1708 2183 1757 2206 re*

374 2217 497 2265 quisita.
512 2219 547 2253 Id
558 2221 646 2254 enirn
662 2221 774 2268 expeti
784 2233 849 2255 non
863 2220 966 2265 potest
979 2249 988 2264 ‚
1013 2221 1101 2267 quod
1121 2223 1248 2268 penitus
1271 2223 1420 2269 ignotum
1439 2221 1492 2255 est.

419 2280 448 2300 2.
465 2269 550 2302 Finis
568 2282 634 2304 non
649 2281 763 2304 movet
781 2270 908 2303 ratione
933 2270 1128 2316 cognitionis
1142 2300 1151 2314 ‚
1175 2281 1273 2316 atque
1286 2297 1295 2312 ‚
1316 2281 1349 2303 ut
1377 2268 1571 2313 loquuntur,
1593 2282 1649 2318 per
1667 2267 1757 2303 suum

377 2313 436 2349 esse
453 2317 687 2354 intentionale:
707 2318 757 2353 sed
779 2331 836 2366 per
852 2317 940 2352 suum
954 2317 1013 2353 effe
1037 2319 1121 2352 reale
1140 2324 1172 2355 &
1187 2317 1396 2365 objectivnni.
1428 2319 1514 2352 Cum
1533 2321 1620 2353 enim
1643 2319 1756 2364 quaeri-

380 2373 428 2398 tut
442 2376 493 2400 cur
510 2365 632 2415 aliquid
649 2366 720 2412 fiat,
732 2369 874 2417 cognitio
892 2366 964 2405 finis
975 2380 1042 2404 non
1052 2366 1194 2415 affertur,
1203 2365 1255 2403 sed
1267 2380 1316 2404 res
1327 2366 1475 2417 ipsa,quae
1488 2380 1522 2405 ut
1540 2366 1613 2405 finis
1631 2367 1758 2414 expeti·
