1857 2745
393 149 453 186 276
830 139 1320 179 PHILOSQPHIA

391 191 453 227 tius
466 191 546 238 saepe
559 188 739 224 consideret
753 202 761 223 ι
782 187 966 223 intellectus
977 199 1087 224 tamen
1104 180 1212 229 {ninus
1232 189 1372 225 attendit
1384 187 1424 221 ad
1442 187 1550 237 legem
1564 190 1709 225 divinam
1721 217 1731 233 ,
1759 194 1795 228 &

390 241 429 274 ad
441 251 479 273 ea
491 250 559 284 quae
573 237 778 271 voluntatem
794 236 814 272 ὲ
826 236 974 284 perversa
988 239 1117 275 afflone
1130 250 1269 273 avocare
1280 235 1417 287 poffunt.
1434 238 1497 272 Sed
1507 237 1654 274 absolute
1665 251 1796 274 ‘eoncu-
1836 248 1839 249 ’

391 286 545 335 piscentia
557 286 753 321 antecedens
764 315 774 329 ‚
791 298 864 333 quae
875 298 1010 322 omnem
1020 289 1155 323 rationis
1173 286 1264 324 usum
1282 300 1349 323 non
1367 288 1526 335 pervertit
1541 315 1552 331 ‚
1576 287 1794 325 voluntarium

390 346 489 384 auget
531 337 616 371 otius
628 363 637 379 ‚
663 334 765 382 quam
791 337 916 375 minuit,
1703 373 1720 376 ,,

427 348 581 429 Οοηένηι.
599 387 686 419 Inter
698 395 825 419 metum
836 389 869 421 ὃς
884 383 1175 433 concupiscentiam
1194 386 1257 422 hoc
1275 385 1448 421 intercedit
1465 382 1653 419 discriminis
1673 384 1796 433 „quod

390 445 494 469 metus
505 431 540 468 fit
557 433 802 481 quodammodo
818 431 860 468 ab
877 445 1014 470 externo
1034 437 1193 484 principio
1207 465 1217 480 ,
1251 437 1406 470 nimirum
1438 433 1457 469 ἐι
1474 432 1561 468 malo
1591 436 1796 472 imminente.

391 485 483 519 Hinc
492 483 626 518 durante
638 494 729 517 metu
745 494 859 518 manet
873 483 1018 530 quaedam
1037 483 1214 519 voluntatis
1226 486 1455 533 repugnantia:
1473 494 1585 518 contra
1598 495 1698 531 atque
1714 495 1794 518 eve-

388 534 438 568 nit
449 534 481 566 in
489 531 829 581 concupiscentia,quae
844 533 1019 578 voluntatis
1034 535 1243 569 senitentiam
1253 546 1319 568 non
1334 532 1536 579 tollit‚eaque
1546 532 1588 566 est
1604 531 1624 567 a
1634 533 1796 580 principio

389 579 561 616 intrinseco
581 593 653 615 cum
665 584 855 629 cognitione
866 584 1019 617 eorumin
1034 580 1152 630 quibus
1167 583 1214 617 est
1226 584 1407 630 adtiozergo
1417 593 1453 615 ea
1468 592 1529 615 nec
1551 579 1715 622 tollit,nec
1731 583 1797 616 mi..

391 632 460 666 nuit
473 629 761 673 voluntarium,sed
773 642 870 679 auget
882 631 1285 680 potiusHincAtistoteles
1299 632 1444 678 ineptam
1455 630 1534 664 dicit
1544 627 1605 663 effe
1615 628 1795 665 excusatio..

392 691 470 714 nem
483 678 624 714 hominis
638 678 849 715 obtendentis
862 679 893 715 se
905 680 1099 716 adulterium
1114 678 1409 727 comniififfe‚quod
1422 680 1551 713 coaetus
1562 678 1581 713 a
1592 677 1796 722 libidine‚ve1

389 726 635 763 &delectatione
644 728 760 764 fuerit:
774 729 904 764 admitti
918 729 998 764 vero
1010 742 1081 764 eam
1101 726 1188 777 polse
1202 758 1212 772 ,
1234 741 1307 763 cnm
1321 731 1391 775 quis
1410 726 1551 763 officium
1566 725 1704 762 deseruit
1719 739 1798 776 gra«

389 779 486 811 vioris
501 778 700 812 incommodi
709 778 810 814 causa.
828 780 916 814 Nam
930 777 1190 826 concupiscentia
1199 780 1285 812 circa
1296 776 1418 812 bonum
1435 774 1580 811 sensibile
1596 787 1770 823 occupatur
1783 802 1794 819 ,

391 824 478 871 quod
498 837 593 874 auget
607 826 782 861 voluntatis
801 826 1072 875 propensionem3
1099 837 1202 862 metus
1229 838 1342 862 contra
1354 854 1364 869 ,
1390 829 1473 860 circa
1489 824 1611 860 malum
1631 823 1794 862 versatur:

392 873 469 909 hinc
481 876 601 909 minuit
618 873 847 911 voluntarium.

427 923 494 957 Sed
509 951 519 967 ,
534 926 658 970 inquies
671 950 682 962 ,
705 922 967 973 concupiscentia
986 925 1103 959 minuit
1121 925 1347 971 cognitionem
1367 936 1375 957 z
1403 934 1482 971 ergo
1501 923 1620 958 minuit
1638 921 1793 960 voluntaa'

389 982 485 1007 rium.

423 1020 512 1066 Resp.
522 1021 829 1070 Concupiscentiam
841 1023 989 1057 minuere
1001 1022 1224 1070 cognitionem
1234 1022 1304 1054 veri
1321 1019 1421 1062 boni,
1439 1031 1506 1056 non
1521 1018 1621 1053 fucati
1635 1026 1669 1057 &
1678 1033 1792 1058 emen-

391 1070 444 1102 titi
458 1095 467 1109 ,
485 1070 573 1115 quod
588 1070 738 1105 voluntas
753 1082 817 1117 prae
828 1069 1086 1117 concupiscentia
1096 1080 1175 1103 vero
1188 1074 1221 1104 &
1233 1068 1381 1116 legitimo
1390 1069 1571 1116 anteponit.
1586 1071 1699 1115 Qare
1709 1083 1792 1106 con-

390 1115 583 1164 cupiscentia
600 1129 698 1166 auget
712 1117 800 1152 fimul
810 1122 844 1152 &
855 1119 974 1151 minuit
985 1117 1231 1164 quodammodo
1246 1115 1466 1153 voluntarium
1479 1145 1490 1160 ,
1515 1116 1567 1152 sed
1583 1117 1708 1154 diverso
1725 1117 1791 1154 res.

388 1166 486 1211 pectu
504 1179 512 1200 z
536 1176 633 1214 auget
655 1163 901 1214 propensionem
914 1165 1090 1201 voluntatis
1106 1194 1115 1209 ‚
1133 1166 1250 1200 minuit
1264 1167 1501 1214 cognitionem.

422 1213 497 1258 Inst.
517 1216 721 1250 Incontinens
735 1217 803 1263 agit
819 1226 857 1249 ex
874 1212 1131 1262 concupiscentia
1147 1228 1158 1252 ,ε
1186 1212 1237 1248 sed
1260 1216 1328 1263 agit
1357 1225 1472 1249 contra
1495 1213 1674 1250 voluntatis
1696 1215 1790 1258 incE..

388 1264 568 1298 nationem:
579 1275 655 1312 ergo
671 1262 927 1312 concupiscentia
939 1262 1117 1298 voluntatis
1130 1262 1380 1298 inclinationem
1390 1276 1456 1298 non
1468 1274 1565 1311 auget
1575 1292 1583 1306 ,
1594 1263 1645 1298 sed
1657 1267 1784 1301 minuit.

426 1312 513 1360 Resp.
534 1313 800 1347 Incontinentem
817 1342 826 1356 ‚
850 1313 926 1347 dum
947 1311 1074 1347 libidini
1097 1310 1302 1359 obsequitur,
1326 1323 1438 1347 contra
1455 1311 1658 1348 voluntatem
1675 1314 1790 1349 condi-

394 1361 550 1395 tionalem
567 1389 576 1404 ,
601 1374 672 1408 quae
685 1360 835 1396 velle‘i'tas
845 1361 960 1395 dicitur
970 1367 1003 1398 δε,
1015 1362 1058 1397 est
1076 1358 1223 1396 inefficax
1233 1389 1243 1405 ‚
1258 1372 1353 1410 agere
1368 1374 1379 1397 z
1402 1360 1454 1395 sed
1468 1363 1492 1395 is
1507 1373 1574 1396 non
1591 1364 1659 1410 agit
1676 1370 1788 1398 contra

389 1408 594 1444 voluntatem
608 1409 787 1445 absolutam
802 1415 834 1446 &
852 1409 1028 1446 efficacem.

422 1460 631 1492 incontinens
650 1461 810 1505 experitur
821 1459 954 1505 quidem
971 1461 1004 1494 in
1021 1459 1151 1507 agendo
1164 1457 1325 1505 quandam
1339 1455 1515 1491 voluntatis
1527 1459 1786 1506 repugnantiam:

389 1503 443 1539 sed
463 1517 501 1539 ea
517 1519 583 1540 non
596 1517 662 1540 tam
674 1509 775 1541 oritur
787 1519 827 1541 ex
839 1506 904 1554 ipsa
916 1508 1046 1542 actione
1057 1535 1067 1550 ‚
1078 1507 1180 1554 quam
1191 1517 1230 1541 ex
1241 1504 1361 1540 effectu
1375 1533 1384 1547 ‚
1397 1507 1453 1551 qui
1470 1518 1603 1554 pravam
1620 1508 1786 1544 astionem

388 1552 594 1601 consequitur
603 1566 712 1602 praeter
721 1557 847 1604 agentis
862 1557 1092 1592 intentionem.
1107 1558 1188 1592 Non
1204 1565 1301 1604 poena
1320 1553 1488 1602 displicet,
1501 1568 1571 1592 non
1587 1557 1673 1595 actio
1684 1585 1694 1600 ‚
1713 1569 1786 1604 quae

389 1600 427 1636 fit
437 1614 475 1636 ex
485 1615 600 1651 magna
614 1602 789 1638 voluntatis
813 1601 1044 1652 propensione.

438 1653 585 1686 Fatemur
596 1663 705 1687 tamen
719 1661 890 1700 peccatum
905 1655 1073 1697 imminui,
1089 1665 1164 1689 cum
1183 1665 1221 1688 ex
1237 1653 1424 1689 vehementi
1446 1656 1546 1689 animi
1567 1652 1784 1701 perturbatio-

389 1710 430 1733 ne
448 1701 549 1734 oritur
568 1714 575 1735 :
590 1714 657 1735 non
666 1700 752 1749 quod
765 1702 805 1736 de
816 1700 879 1750 ipsa
890 1701 1102 1737 inclinatione
1117 1702 1194 1750 quid
1211 1702 1378 1745 detrahat,
1394 1701 1446 1737 sed
1466 1704 1542 1749 quia
1560 1704 1784 1751 cognitionem

389 1746 487 1794 ipsam
499 1748 631 1784 obducit
646 1766 654 1791 3
674 1761 800 1786 tantum
814 1753 900 1785 enim
911 1751 951 1785 de
962 1750 1148 1788 voluntario
1157 1750 1335 1786 detrahitur
1346 1780 1355 1793 ,
1370 1763 1527 1798 quantum
1542 1753 1648 1786 minus
1663 1754 1783 1787 rationi

389 1795 588 1844 relinquitur.
603 1799 702 1835 Unde
715 1802 768 1846 qui
778 1812 841 1848 ptae
857 1799 966 1846 aliqua
976 1802 1073 1834 animi
1087 1799 1333 1848 perturbatione
1351 1800 1474 1845 prorsus
1487 1799 1654 1843 insaniunt,
1672 1799 1781 1836 minus

388 1844 569 1881 voluntarie
578 1860 685 1897 agunt.
696 1851 748 1882 Sic
766 1860 874 1883 motus
895 1847 1101 1883 indeliberati
1115 1879 1124 1892 ,
1148 1851 1204 1896 qui
1222 1850 1330 1883 vocari
1351 1847 1454 1885 solent
1473 1848 1578 1896 primo
1596 1851 1688 1896 primi
1707 1877 1717 1891 ‚
1745 1860 1781 1884 ut

388 1906 460 1928 cum
480 1896 520 1929 ad
538 1901 676 1945 primum
696 1899 748 1931 irae
760 1909 887 1932 motum
900 1900 931 1932 in
943 1898 1122 1933 vindictam
1132 1899 1364 1945 prorumpimus
1374 1925 1383 1940 ,
1398 1910 1463 1931 non
1478 1897 1590 1932 suntin
1601 1897 1705 1931 nostra
1717 1910 1780 1945 po-

387 1943 521 1989 testate,
544 1959 604 1981 nec
622 1946 796 1982 voluntarii
814 1945 988 1982 habentur.

806 2044 1245 2081 DISPUTATIO
1294 2044 1346 2078 11.

781 2142 838 2174 De
865 2140 1013 2176 libertate
1039 2140 1076 2176 (θ’
1098 2140 1194 2176 libero
1215 2141 1362 2176 arbitrio.

389 2238 571 2318 SEquitur
585 2251 619 2274 ut
639 2242 679 2274 de
691 2238 845 2276 libertate
857 2269 867 2283 ,
884 2245 918 2277 &
931 2241 971 2274 de
983 2239 1088 2274 libero
1102 2240 1239 2275 hominis
1253 2239 1387 2274 arbitrio
1397 2239 1546 2275 dicamus.
1569 2239 1615 2273 Ac
1632 2237 1773 2288 primum

444 2286 483 2319 de
502 2287 661 2323 libertatis
675 2291 810 2324 notione
821 2319 830 2333 ,
842 2292 973 2324 nomine
989 2295 1022 2326 δι
1035 2288 1189 2324 divisione
1206 2301 1295 2332 3tum
1310 2289 1350 2322 de
1371 2287 1453 2322 illius
1469 2289 1634 2323 existentia
1647 2317 1655 2332 ‚
1673 2290 1774 2336 origi-

387 2346 430 2367 ne
442 2339 474 2368 &
486 2334 629 2383 subjeeto
644 2354 652 2380 ;
669 2350 815 2374 nec-non
824 2339 865 2373 de
877 2340 913 2372 iis
927 2351 994 2386 quae
1005 2337 1149 2373 libertati
1159 2348 1385 2386 opponuntur,
1404 2336 1497 2372 nobis
1521 2337 1680 2385 agendum
1700 2336 1768 2372 est:

385 2383 545 2429 postremo
559 2398 630 2434 quae
645 2386 679 2422 fit
700 2386 782 2423 illius
802 2399 933 2433 natura,
961 2400 1030 2435 quae
1045 2386 1214 2431 definitio,
1239 2398 1454 2434 exponemus,
