1857 2745
400 147 450 189 178
939 140 967 175 L
986 140 1021 175 O
1037 141 1067 175 G
1088 141 1102 173 1
1120 138 1150 175 C
1168 141 1206 174 AE

381 206 414 228 ra
433 221 443 236 ,
476 193 520 228 N.
541 191 631 227 Nam
650 200 685 224 ut
698 187 734 223 sit
745 200 841 231 vem,
855 186 928 223 satis
945 189 988 223 est
1003 187 1024 223 fi
1038 201 1075 223 ea
1087 187 1123 223 fit
1137 186 1311 237 aliquando
1321 185 1564 222 determinanda
1579 212 1589 230 ,
1611 195 1679 221 tum
1695 187 1725 223 in
1740 187 1782 231 ίέ,
1825 222 1829 226 ,

381 240 512 289 quando
531 239 653 282 existet,
664 250 731 273 tum
747 240 780 272 in
799 237 850 273 sua
865 236 972 282 causa,
995 250 1069 272 cum
1080 249 1118 272 ea
1134 237 1196 273 sese
1214 237 1490 271 determinaverit.
1518 237 1653 271 Interim
1670 247 1781 274 tamen

377 296 446 338 jam
466 289 510 323 est
528 287 663 324 definite
679 288 788 323 futura
801 316 809 327 ‚
825 285 929 334 sicque
945 286 965 323 ὲ.
982 290 1058 323 Deo
1071 287 1293 333 cognoscitur,
1309 287 1367 333 qui
1385 287 1479 320 novit
1495 286 1529 320 in
1541 296 1639 332 quam
1656 284 1686 319 se
1704 298 1780 334 par-

381 350 448 373 tem
463 335 552 372 causa
567 337 670 372 libera
685 336 972 373 inflestetDeinde
989 334 1157 384 objeihim
1171 338 1211 371 de
1224 336 1333 371 futuro
1347 335 1552 383 contingenti
1562 333 1605 368 est
1618 333 1778 369 determi-

379 399 493 423 natum
504 399 563 435 pro
578 398 724 435 tempore
737 385 932 431 futuro‚licet
944 400 1010 422 non
1025 386 1059 421 fit
1069 385 1318 421 determinatum
1332 395 1391 432 pro
1402 395 1550 432 tempore
1565 381 1778 432 presenti:un

383 437 425 471 est
437 436 575 484 vulgaris
597 434 779 486 tesp0ns103
797 448 851 471 aut
870 436 959 483 quod
973 436 1091 471 eodem
1105 436 1220 470 recidit
1235 463 1244 479 ‚
1265 433 1432 482 objectum
1455 445 1514 480 pro
1539 431 1683 467 ositioms
1709 444 1780 479 quae

381 486 425 524 est
437 483 570 520 definite
586 498 661 520 vera
674 515 683 530 ‚
698 486 740 520 est
759 486 1010 520 determinatum
1023 486 1150 520 tatione
1161 485 1314 533 temporis
1323 482 1415 530 quod
1424 445 1584 531 asigniKcat
1599 479 1777 530 propositio

380 548 448 571 non
459 546 567 569 autem
579 533 691 570 habita
708 536 832 569 ratione
844 534 973 569 alterius
988 536 1155 582 temporis.

411 583 548 629 Instant.
569 585 670 632 Qod
688 584 735 618 est
750 586 978 633 contingenter
989 583 1134 619 futurum
1144 611 1154 626 ,
1166 594 1234 617 non
1250 581 1293 616 est
1312 591 1436 615 certum
1447 583 1481 616 ὅ(
1493 578 1745 614 determinatum
1760 604 1779 625 ⁴,

390 632 514 680 alioqui
529 633 605 668 effer
622 632 793 669 necess'ario
817 633 970 669 futurum·
1763 664 1766 665 γ

417 683 505 731 Resp.
518 684 602 732 Neg.
618 693 684 717 ant.
724 682 820 718 Aliud
843 685 931 718 enim
943 683 986 717 est
1005 681 1128 729 aliquid
1147 693 1238 716 certo
1250 711 1259 725 ‚
1284 680 1371 716 aliud
1406 675 1581 713 necessario
1607 675 1669 712 effe
1688 677 1774 713 futu-

385 744 468 768 rum.
488 733 541 766 Sic
557 743 726 780 peccatum
741 731 926 767 Antichristi
943 742 1034 766 certo
1048 731 1309 767 &determinate
1322 759 1331 773 ‚
1351 740 1418 764 non
1440 725 1613 762 neceffario
1630 725 1776 764 futurum

383 780 428 815 est
441 809 451 824 ,
472 779 527 816 nili
540 793 578 816 ex
597 779 767 831 hypothesi
781 781 870 828 quod
895 792 1028 829 peccare
1044 778 1142 822 velit,
1157 792 1223 814 non
1235 778 1392 814 absolute.

413 830 676 878 Contra,inquies
688 859 695 869 ,
714 828 860 865 absolute
872 829 975 865 futura
990 829 1036 864 est
1046 828 1222 864 voluntatis
1239 827 1470 863 determinatio
1485 823 1524 858 ad
1535 828 1779 872 peccatuszr-

383 891 426 927 go
441 879 496 914 illa
514 878 679 915 neceffitas
695 892 761 915 non
787 879 833 913 est
849 891 976 914 tantum
998 891 1037 913 ex
1049 877 1222 926 hypothesi
1234 905 1243 920 ,
1264 876 1316 912 sed
1334 875 1493 910 absoluta.

417 928 507 977 Resp.
522 927 678 964 Absolute
695 928 835 963 futuram
852 926 913 962 effe
927 926 1103 962 voluntatis
1120 927 1429 961 determinationem
1441 952 1452 966 ,
1478 922 1531 958 sed
1548 937 1615 959 non
1626 925 1673 959 est
1685 923 1779 960 futu.'

382 989 417 1012 ra
428 976 612 1013 neceffitate
628 976 775 1012 absoluta
790 990 798 1013 ε
831 977 943 1012 dicitur
967 978 1055 1012 enim
1068 986 1117 1010 res
1132 973 1277 1010 absolute
1291 974 1417 1017 futura,
1440 984 1513 1007 curn
1531 986 1599 1008 non
1624 974 1666 1008 est
1686 986 1777 1008 mere

385 1024 561 1073 possibilis,
579 1038 634 1061 aut
649 1038 737 1061 mere
749 1026 974 1061 conditionata
986 1054 995 1068 ,
1025 1023 1128 1071 qualis
1146 1023 1200 1058 illa
1210 1022 1406 1072 propositio,
1423 1022 1635 1057 Antichristus
1656 1020 1778 1059 resistet

386 1076 582 1115 tentationi,
596 1073 618 1108 si
632 1074 733 1108 velit:
751 1086 915 1121 nunquam
925 1073 1174 1120 enimponenda
1185 1073 1228 1107 est
1236 1072 1290 1106 illa
1302 1071 1458 1106 conditio.
1483 1071 1585 1106 Unde
1601 1082 1776 1119 peccatum

386 1123 570 1158 Antichristi
580 1121 725 1156 absolute
735 1122 867 1169 quidem
879 1122 1022 1156 futurum
1033 1120 1075 1154 est
1085 1149 1094 1164 ,
1111 1133 1178 1155 non
1199 1119 1406 1156 neceffitium
1419 1148 1429 1163 ‚
1454 1117 1510 1154 nisi
1523 1131 1562 1154 ex
1582 1118 1753 1167 hypothesi
1764 1148 1775 1164 ,

386 1183 456 1219 quae
474 1184 539 1206 non
551 1172 716 1206 antecedit
727 1200 736 1214 ‚
754 1169 807 1205 sed
817 1170 1020 1217 consequitur
1038 1168 1223 1204 consensum
1237 1168 1435 1212 voluntatis,
1455 1180 1562 1216 neque
1579 1169 1663 1202 adeo
1675 1166 1776 1203 liber.

386 1222 444 1255 tati
456 1219 550 1255 obest
565 1237 573 1263 ;
595 1232 698 1268 eaque
713 1218 896 1268 hypothesis
912 1218 1109 1266 consequens
1131 1220 1302 1253 vocitatur.

422 1269 554 1313 Instant.
569 1270 719 1304 Futurum
735 1270 926 1318 contingens
937 1282 1005 1303 non
1017 1267 1123 1315 potest
1134 1266 1280 1302 absolute
1291 1267 1436 1301 futurum
1447 1263 1508 1300 esse
1517 1295 1526 1309 ‚
1552 1265 1605 1301 nisi
1628 1268 1661 1301 vi
1676 1264 1776 1301 liber.

386 1319 463 1352 tatis
481 1347 490 1363 ‚
511 1331 582 1365 quae
601 1319 644 1352 cst
660 1316 866 1354 indifferens:
884 1316 937 1352 sed
949 1330 998 1352 res
1021 1316 1090 1352 fieri
1107 1330 1173 1351 non
1188 1316 1293 1364 potest
1309 1316 1524 1349 determinate
1536 1315 1642 1350 futura
1654 1344 1664 1359 ,
1681 1317 1715 1351 vi
1733 1315 1776 1351 il-

389 1366 448 1401 lius
459 1368 546 1414 quod
560 1367 606 1401 est
624 1368 911 1402 indeterminatum
928 1372 961 1404 &
974 1364 1170 1402 indifferens:
1182 1368 1277 1413 Ergo,
1287 1370 1350 1402 &c.

421 1417 506 1463 Rqffi.
519 1418 606 1450 Rem
624 1429 688 1450 non
704 1415 776 1449 fieri
793 1417 1011 1450 determinate
1029 1415 1169 1449 futuram
1181 1417 1211 1449 vi
1231 1414 1315 1448 illius
1329 1413 1419 1460 quod
1437 1412 1483 1446 est
1501 1411 1687 1448 indifferens
1703 1411 1773 1459 pas-

385 1463 450 1498 siva
460 1493 469 1508 ‚
480 1476 516 1499 ut
529 1468 638 1507 aiunt,
655 1464 884 1509 indifferentia,
897 1465 940 1500 C.
950 1466 982 1499 vi
996 1463 1079 1498 illius
1097 1463 1184 1510 quod
1198 1464 1306 1498 active
1325 1463 1368 1496 est
1382 1460 1579 1504 indifferens,
1594 1466 1626 1498 ὃ(
1639 1458 1776 1510 seipsum

385 1513 584 1548 determinat
595 1540 602 1550 ,
621 1516 664 1549 N·

427 1563 514 1610 Opp.
535 1572 566 1606 3⁰
576 1563 666 1596 Sires
681 1559 758 1597 esset
769 1562 984 1597 determinate
994 1560 1102 1596 futura
1113 1590 1122 1604 ‚
1137 1561 1170 1595 id
1180 1559 1439 1609 utique'haberet
1455 1557 1507 1593 vel
1521 1571 1559 1594 ex
1570 1558 1600 1594 se
1617 1555 1684 1606 ipsa
1695 1586 1704 1600 ‚
1718 1554 1774 1593 vel

387 1622 426 1645 ex
444 1609 496 1645 sua
512 1610 600 1644 caiisa
612 1628 622 1654 3
633 1624 699 1646 non
714 1623 752 1646 ex
772 1611 802 1645 se
812 1610 879 1659 ipsa
892 1624 900 1646 t
913 1611 1058 1646 nondum
1072 1613 1160 1646 enirn
1174 1623 1223 1644 res
1238 1611 1340 1645 existit
1355 1639 1365 1654 ,
1382 1620 1482 1655 atque
1494 1620 1530 1642 uz
1547 1621 1585 1642 ex
1598 1607 1628 1642 se
1637 1620 1703 1641 non
1715 1606 1775 1641 ha-

387 1658 447 1693 bet
457 1659 544 1706 quod
563 1658 598 1693 sit
612 1689 621 1703 ‚
644 1662 687 1694 ita
703 1673 763 1695 nec
776 1661 863 1707 quod
879 1659 985 1694 futura
1005 1658 1051 1696 fit.
1077 1661 1158 1695 Non
1177 1672 1216 1694 ex
1234 1658 1349 1702 causis,
1374 1670 1445 1705 quae
1460 1657 1608 1692 nondum
1628 1655 1699 1690 sunt
1715 1655 1774 1688 de.

390 1710 584 1751 terminatae,
601 1708 650 1742 sed
666 1711 801 1744 omnino
810 1708 1029 1744 indifferentes
1042 1738 1051 1752 ,
1063 1719 1099 1742 ut
1116 1719 1213 1757 agant
1231 1707 1286 1742 vel
1302 1721 1368 1742 non
1382 1716 1479 1754 agant
1494 1719 1501 1739 :
1521 1717 1599 1754 ergo
1622 1717 1671 1738 tes
1684 1702 1773 1738 nullo

389 1757 490 1790 modo
506 1758 547 1791 est
564 1759 790 1793 dettrminata.
813 1756 885 1794 Nisi
904 1757 989 1793 forte
1006 1758 1046 1792 ad
1059 1755 1264 1792 voluntatem
1285 1756 1427 1792 divinam
1441 1782 1449 1796 ‚
1476 1766 1546 1800 quae
1570 1755 1715 1789 omnium
1729 1752 1774 1787 est

388 1807 494 1853 prima
511 1805 600 1840 causa
612 1835 619 1845 ,
645 1807 889 1856 confugiamus:
912 1806 995 1841 adeo
1015 1818 1051 1841 ut
1064 1810 1150 1842 Deus
1166 1819 1233 1841 non
1252 1808 1335 1853 prius
1359 1804 1469 1839 videat
1484 1815 1532 1836 res
1553 1801 1614 1838 effe
1630 1802 1773 1845 futuras,

389 1854 489 1902 quain
506 1855 586 1890 velit
598 1884 605 1893 ‚
621 1868 675 1890 aut
684 1856 836 1891 decernat
848 1867 899 1892 eas
918 1854 1039 1890 futuras
1050 1885 1059 1899 ,
1075 1866 1111 1890 ut
1126 1855 1328 1889 contendunt
1337 1853 1526 1893 Thomistae‚
1544 1854 1600 1897 qui
1617 1861 1693 1886 ante
1713 1850 1773 1882 de..

389 1915 511 1937 cretum
523 1904 668 1938 divinum
679 1905 800 1940 nullam
812 1917 881 1939 rem
895 1902 955 1938 effe
970 1905 1185 1938 determinate
1194 1903 1336 1936 futuram
1354 1901 1508 1934 acerrime
1523 1898 1712 1933 defendunt.
1722 1897 1773 1933 Ut

391 1952 411 1987 si
423 1955 510 2000 quis,
522 1954 668 2000 inquiunt
679 1980 687 1990 ‚
710 1964 802 1999 roget
817 1963 889 1986 uter
905 1952 1100 1998 litigantium
1117 1948 1240 1983 causam
1263 1948 1430 1991 obtineat,
1447 1947 1478 1980 id
1491 1949 1626 1982 omnino
1642 1945 1775 1983 definiri

390 2015 457 2037 non
468 2002 590 2050 potest,
611 2000 922 2048 antequamJudices
936 1998 1029 2033 litem
1039 1998 1228 2033 deciderint.
1246 1999 1300 2032 Sic
1313 2008 1486 2043 antequam
1500 1994 1771 2045 supreinusJudex

390 2051 590 2093 decreverit,
609 2049 688 2084 nihil
705 2050 751 2083 est
774 2060 864 2084 certo
884 2053 918 2085 δε
939 2047 1156 2082 determinate
1172 2047 1315 2082 futurum
1333 2059 1340 2080 :
1364 2058 1439 2081 narn
1459 2057 1498 2079 ex
1515 2050 1578 2091 ejus
1602 2044 1773 2080 voluntate

392 2099 514 2146 pendet
524 2111 559 2134 ut
575 2111 624 2133 res
639 2096 673 2132 sit
685 2098 791 2134 futura
803 2125 812 2140 ,
833 2097 886 2133 vel
907 2109 974 2132 non
990 2096 1106 2132 futura.
1143 2096 1252 2131 Multa
1270 2098 1304 2131 in
1323 2095 1406 2132 hanc
1423 2092 1613 2129 sententiam
1632 2092 1772 2129 affirunt

391 2149 564 2183 Thomistae
579 2177 588 2191 ‚
605 2161 675 2191 quae
690 2160 756 2196 nia„
766 2149 791 2181 is
812 2148 852 2181 ad
861 2145 1079 2195 Theologiam
1091 2148 1255 2194 pertinent
1266 2175 1274 2187 ‚
1291 2144 1390 2192 quam
1407 2143 1447 2178 ad
1467 2145 1630 2192 Logicam.
1656 2146 1772 2191 Itaque

392 2211 432 2234 ne
448 2209 536 2232 extra
553 2161 878 2245 praescriptosqlimites
889 2207 1110 2239 excurramus,
1126 2207 1191 2231 uno
1212 2193 1316 2230 verbo

428 2247 513 2293 Κεφ.
533 2250 616 2297 Qae
636 2245 773 2281 alibero
789 2246 932 2297 pendent
948 2244 1102 2288 arbitrio,
1128 2243 1167 2278 fic
1189 2244 1211 2280 ὲ
1232 2244 1342 2279 divina
1359 2254 1488 2289 quoque
1516 2240 1688 2276 voluntate
1712 2238 1774 2274 [iis-

394 2295 512 2343 pendi,
526 2308 560 2330 ut
574 2299 650 2331 citra
665 2294 754 2330 illam
776 2294 836 2330 effe
851 2308 917 2330 non
937 2292 1054 2343 possint
1076 2307 1083 2328 :
1104 2292 1156 2328 sed
1170 2305 1279 2329 tamen
1295 2291 1440 2327 voluntas
1454 2291 1555 2325 nostra
1579 2293 1624 2324 ita
1641 2288 1703 2324 sese
1728 2288 1770 2323 ad

394 2343 552 2391 agendum
564 2345 776 2387 decemuir-it,
789 2356 823 2379 ut
837 2347 925 2381 Deus
939 2355 1118 2388 concurrat,
1128 2357 1196 2380 non
1204 2352 1375 2393 praecurrat
1394 2369 1404 2384 ‚
1426 2351 1461 2375 ut
1471 2339 1525 2376 suo
1535 2339 1608 2376 loco
1622 2337 1771 2373 ostende-

395 2404 475 2427 mus.
