<?xml version="1.0" encoding="UTF-8"?>
<!DOCTYPE html PUBLIC "-//W3C//DTD XHTML 1.0 Transitional//EN"
    "http://www.w3.org/TR/xhtml1/DTD/xhtml1-transitional.dtd">
<html xmlns="http://www.w3.org/1999/xhtml" xml:lang="en" lang="en">
 <head>
  <title>
</title>
<meta http-equiv="Content-Type" content="text/html;charset=utf-8" />
  <meta name='ocr-system' content='tesseract 3.04.00' />
  <meta name='ocr-capabilities' content='ocr_page ocr_carea ocr_par ocr_line ocrx_word'/>
</head>
<body>
  <div class='ocr_page' id='page_1' title='image "./philosophiavetus01duhauoft_0626.png"; bbox 0 0 1857 2745; ppageno 0'>
   <div class='ocr_carea' id='block_1_1' title="bbox 332 137 1232 175">
    <p class='ocr_par' dir='ltr' id='par_1_1' title="bbox 332 137 1232 175">
     <span class='ocr_line' id='line_1_1' title="bbox 332 137 1232 175; baseline 0.002 -2"><span class='ocrx_word' id='word_1_1' title='bbox 332 141 400 175; x_wconf 76' lang='lat' dir='ltr'>v&lt;508</span> <span class='ocrx_word' id='word_1_2' title='bbox 756 137 1232 174; x_wconf 79' lang='lat' dir='ltr'>&#39;METAPHYSICAE</span> 
     </span>
    </p>
   </div>
   <div class='ocr_carea' id='block_1_2' title="bbox 849 233 1242 278">
    <p class='ocr_par' dir='ltr' id='par_1_2' title="bbox 849 233 1242 278">
     <span class='ocr_line' id='line_1_2' title="bbox 849 233 1242 278; baseline 0.008 -12"><span class='ocrx_word' id='word_1_3' title='bbox 849 233 1031 268; x_wconf 73' lang='lat' dir='ltr'>Solvuntur</span> <span class='ocrx_word' id='word_1_4' title='bbox 1044 234 1242 278; x_wconf 67' lang='lat' dir='ltr'>objemones..</span> 
     </span>
    </p>
   </div>
   <div class='ocr_carea' id='block_1_3' title="bbox 310 328 1719 2143">
    <p class='ocr_par' dir='ltr' id='par_1_3' title="bbox 320 328 1719 671">
     <span class='ocr_line' id='line_1_3' title="bbox 371 328 1719 382; baseline 0.007 -19"><span class='ocrx_word' id='word_1_5' title='bbox 371 331 458 379; x_wconf 81' lang='lat' dir='ltr'>Opp.</span> <span class='ocrx_word' id='word_1_6' title='bbox 472 338 500 366; x_wconf 76' lang='lat'>10</span> <span class='ocrx_word' id='word_1_7' title='bbox 517 330 636 366; x_wconf 82' lang='lat' dir='ltr'>Eadem</span> <span class='ocrx_word' id='word_1_8' title='bbox 655 342 703 364; x_wconf 84' lang='lat' dir='ltr'>res</span> <span class='ocrx_word' id='word_1_9' title='bbox 718 328 850 379; x_wconf 76' lang='lat' dir='ltr'>simplex</span> <span class='ocrx_word' id='word_1_10' title='bbox 858 330 1086 367; x_wconf 79' lang='lat' dir='ltr'>&amp;uniusmodi</span> <span class='ocrx_word' id='word_1_11' title='bbox 1107 347 1176 370; x_wconf 87' lang='lat' dir='ltr'>non</span> <span class='ocrx_word' id='word_1_12' title='bbox 1191 334 1294 382; x_wconf 87' lang='lat' dir='ltr'>potest</span> <span class='ocrx_word' id='word_1_13' title='bbox 1312 330 1370 367; x_wconf 74' lang='lat' dir='ltr'>fibi</span> <span class='ocrx_word' id='word_1_14' title='bbox 1392 330 1446 380; x_wconf 82' lang='lat' dir='ltr'>ipfi</span> <span class='ocrx_word' id='word_1_15' title='bbox 1460 331 1617 368; x_wconf 83' lang='lat' dir='ltr'>adversari</span> <span class='ocrx_word' id='word_1_16' title='bbox 1629 362 1639 377; x_wconf 94' lang='lat'>‚</span> <span class='ocrx_word' id='word_1_17' title='bbox 1665 346 1719 372; x_wconf 88' lang='lat' dir='ltr'>aut</span> 
     </span>
     <span class='ocr_line' id='line_1_4' title="bbox 333 378 1717 430; baseline 0.003 -17"><span class='ocrx_word' id='word_1_18' title='bbox 333 379 437 414; x_wconf 88' lang='lat' dir='ltr'>secum</span> <span class='ocrx_word' id='word_1_19' title='bbox 452 392 593 429; x_wconf 79' lang='lat' dir='ltr'>pugnare</span> <span class='ocrx_word' id='word_1_20' title='bbox 607 394 615 415; x_wconf 75' lang='lat' dir='ltr'>z</span> <span class='ocrx_word' id='word_1_21' title='bbox 632 378 685 413; x_wconf 89' lang='lat' dir='ltr'>sed</span> <span class='ocrx_word' id='word_1_22' title='bbox 696 381 804 415; x_wconf 84' lang='lat' dir='ltr'>anima</span> <span class='ocrx_word' id='word_1_23' title='bbox 812 379 978 414; x_wconf 88' lang='lat' dir='ltr'>rationalis</span> <span class='ocrx_word' id='word_1_24' title='bbox 995 386 1028 417; x_wconf 88' lang='lat'>&amp;</span> <span class='ocrx_word' id='word_1_25' title='bbox 1040 381 1179 418; x_wconf 86' lang='lat' dir='ltr'>sentiens</span> <span class='ocrx_word' id='word_1_26' title='bbox 1193 382 1251 418; x_wconf 81' lang='lat' dir='ltr'>fibi</span> <span class='ocrx_word' id='word_1_27' title='bbox 1261 394 1376 418; x_wconf 89' lang='lat' dir='ltr'>mutuo</span> <span class='ocrx_word' id='word_1_28' title='bbox 1386 394 1585 430; x_wconf 70' lang='lat' dir='ltr'>repugnant,</span> <span class='ocrx_word' id='word_1_29' title='bbox 1606 388 1639 420; x_wconf 90' lang='lat'>&amp;</span> <span class='ocrx_word' id='word_1_30' title='bbox 1654 397 1717 420; x_wconf 86' lang='lat' dir='ltr'>una</span> 
     </span>
     <span class='ocr_line' id='line_1_5' title="bbox 332 428 1718 481; baseline 0.001 -19"><span class='ocrx_word' id='word_1_31' title='bbox 332 428 428 463; x_wconf 83' lang='lat' dir='ltr'>alteri</span> <span class='ocrx_word' id='word_1_32' title='bbox 437 429 610 465; x_wconf 61' lang='lat' dir='ltr'>temeratur</span> <span class='ocrx_word' id='word_1_33' title='bbox 626 428 726 471; x_wconf 84' lang='lat' dir='ltr'>,dum</span> <span class='ocrx_word' id='word_1_34' title='bbox 743 440 815 463; x_wconf 80' lang='lat' dir='ltr'>caro</span> <span class='ocrx_word' id='word_1_35' title='bbox 829 431 1012 476; x_wconf 80' lang='lat' dir='ltr'><em>concupiscit</em></span> <span class='ocrx_word' id='word_1_36' title='bbox 1024 431 1335 481; x_wconf 72' lang='lat' dir='ltr'>adversusspirirum</span> <span class='ocrx_word' id='word_1_37' title='bbox 1352 459 1362 473; x_wconf 92' lang='lat'><strong>,</strong></span> <span class='ocrx_word' id='word_1_38' title='bbox 1383 429 1420 465; x_wconf 59' lang='grc' dir='ltr'>ὅ]</span> <span class='ocrx_word' id='word_1_39' title='bbox 1441 432 1575 479; x_wconf 79' lang='lat' dir='ltr'>spiritus</span> <span class='ocrx_word' id='word_1_40' title='bbox 1596 431 1718 467; x_wconf 83' lang='lat' dir='ltr'>adver..</span> 
     </span>
     <span class='ocr_line' id='line_1_6' title="bbox 320 478 1719 530; baseline 0.004 -21"><span class='ocrx_word' id='word_1_41' title='bbox 320 478 380 521; x_wconf 84' lang='lat' dir='ltr'>sus</span> <span class='ocrx_word' id='word_1_42' title='bbox 399 490 536 513; x_wconf 82' lang='lat' dir='ltr'>carnem.</span> <span class='ocrx_word' id='word_1_43' title='bbox 555 481 638 526; x_wconf 85' lang='lat' dir='ltr'>Ergo</span> <span class='ocrx_word' id='word_1_44' title='bbox 654 490 720 511; x_wconf 88' lang='lat' dir='ltr'>non</span> <span class='ocrx_word' id='word_1_45' title='bbox 742 490 805 512; x_wconf 82' lang='lat' dir='ltr'>una</span> <span class='ocrx_word' id='word_1_46' title='bbox 822 483 856 515; x_wconf 89' lang='lat'>&amp;</span> <span class='ocrx_word' id='word_1_47' title='bbox 877 478 990 512; x_wconf 84' lang='lat' dir='ltr'>eadem</span> <span class='ocrx_word' id='word_1_48' title='bbox 1016 479 1059 513; x_wconf 90' lang='lat' dir='ltr'>est</span> <span class='ocrx_word' id='word_1_49' title='bbox 1070 483 1180 515; x_wconf 81' lang='lat' dir='ltr'>anima</span> <span class='ocrx_word' id='word_1_50' title='bbox 1193 494 1260 528; x_wconf 88' lang='lat' dir='ltr'>quae</span> <span class='ocrx_word' id='word_1_51' title='bbox 1275 481 1332 515; x_wconf 84' lang='lat' dir='ltr'>hos</span> <span class='ocrx_word' id='word_1_52' title='bbox 1356 491 1464 514; x_wconf 85' lang='lat' dir='ltr'>motus</span> <span class='ocrx_word' id='word_1_53' title='bbox 1483 478 1623 515; x_wconf 84' lang='lat' dir='ltr'>diversos</span> <span class='ocrx_word' id='word_1_54' title='bbox 1643 494 1719 530; x_wconf 88' lang='lat' dir='ltr'>pro-</span> 
     </span>
     <span class='ocr_line' id='line_1_7' title="bbox 330 525 1718 577; baseline 0.004 -18"><span class='ocrx_word' id='word_1_55' title='bbox 330 538 554 575; x_wconf 83' lang='lat' dir='ltr'>creat,neque</span> <span class='ocrx_word' id='word_1_56' title='bbox 571 527 627 561; x_wconf 81' lang='lat' dir='ltr'>illa</span> <span class='ocrx_word' id='word_1_57' title='bbox 638 529 741 561; x_wconf 87' lang='lat' dir='ltr'>carnis</span> <span class='ocrx_word' id='word_1_58' title='bbox 752 532 785 563; x_wconf 72' lang='grc' dir='ltr'>δε</span> <span class='ocrx_word' id='word_1_59' title='bbox 800 526 923 574; x_wconf 78' lang='lat' dir='ltr'>spiritus</span> <span class='ocrx_word' id='word_1_60' title='bbox 942 525 1046 571; x_wconf 69' lang='lat' dir='ltr'>laeta,</span> <span class='ocrx_word' id='word_1_61' title='bbox 1061 536 1149 577; x_wconf 82' lang='lat' dir='ltr'><strong>cujus</strong></span> <span class='ocrx_word' id='word_1_62' title='bbox 1172 533 1269 565; x_wconf 85' lang='lat' dir='ltr'>toties</span> <span class='ocrx_word' id='word_1_63' title='bbox 1295 530 1447 563; x_wconf 77' lang='lat' dir='ltr'>meminit</span> <span class='ocrx_word' id='word_1_64' title='bbox 1463 528 1636 574; x_wconf 83' lang='lat' dir='ltr'>Apostolus</span> <span class='ocrx_word' id='word_1_65' title='bbox 1648 559 1659 573; x_wconf 92' lang='lat'>‚</span> <span class='ocrx_word' id='word_1_66' title='bbox 1683 536 1718 567; x_wconf 74' lang='grc' dir='ltr'>δι</span> 
     </span>
     <span class='ocr_line' id='line_1_8' title="bbox 329 574 1718 627; baseline 0.004 -18"><span class='ocrx_word' id='word_1_67' title='bbox 329 587 426 621; x_wconf 86' lang='lat' dir='ltr'>quam</span> <span class='ocrx_word' id='word_1_68' title='bbox 445 579 477 611; x_wconf 90' lang='lat' dir='ltr'>in</span> <span class='ocrx_word' id='word_1_69' title='bbox 489 575 583 612; x_wconf 86' lang='lat' dir='ltr'>nobis</span> <span class='ocrx_word' id='word_1_70' title='bbox 596 574 664 624; x_wconf 78' lang='lat' dir='ltr'>ipsis</span> <span class='ocrx_word' id='word_1_71' title='bbox 676 577 857 625; x_wconf 82' lang='lat' dir='ltr'>experimur</span> <span class='ocrx_word' id='word_1_72' title='bbox 870 603 879 617; x_wconf 85' lang='lat'><em>,</em></span> <span class='ocrx_word' id='word_1_73' title='bbox 895 576 1062 612; x_wconf 20' lang='lat' dir='ltr'>exieodem</span> <span class='ocrx_word' id='word_1_74' title='bbox 1073 580 1232 627; x_wconf 85' lang='lat' dir='ltr'>principio</span> <span class='ocrx_word' id='word_1_75' title='bbox 1243 577 1344 615; x_wconf 84' lang='lat' dir='ltr'>velex</span> <span class='ocrx_word' id='word_1_76' title='bbox 1360 577 1475 612; x_wconf 80' lang='lat' dir='ltr'>eadem</span> <span class='ocrx_word' id='word_1_77' title='bbox 1486 577 1591 613; x_wconf 87' lang='lat' dir='ltr'>forma</span> <span class='ocrx_word' id='word_1_78' title='bbox 1604 591 1718 614; x_wconf 46' lang='lat' dir='ltr'>mana*-</span> 
     </span>
     <span class='ocr_line' id='line_1_9' title="bbox 329 625 1072 671; baseline 0.009 -15"><span class='ocrx_word' id='word_1_79' title='bbox 329 635 364 657; x_wconf 80' lang='lat' dir='ltr'>te</span> <span class='ocrx_word' id='word_1_80' title='bbox 381 626 496 671; x_wconf 88' lang='lat' dir='ltr'>potest.</span> <span class='ocrx_word' id='word_1_81' title='bbox 1069 625 1072 628; x_wconf 70' lang='grc'>’</span> 
     </span>
    </p>

    <p class='ocr_par' dir='ltr' id='par_1_4' title="bbox 329 673 1715 811">
     <span class='ocr_line' id='line_1_10' title="bbox 363 673 1715 724; baseline 0.002 -16"><span class='ocrx_word' id='word_1_82' title='bbox 363 674 555 721; x_wconf 83' lang='lat' dir='ltr'><em>Responderi</em></span> <span class='ocrx_word' id='word_1_83' title='bbox 571 676 669 723; x_wconf 81' lang='lat' dir='ltr'>potest</span> <span class='ocrx_word' id='word_1_84' title='bbox 687 686 720 711; x_wconf 85' lang='lat'>10</span> <span class='ocrx_word' id='word_1_85' title='bbox 735 675 884 710; x_wconf 87' lang='lat' dir='ltr'>eamdem</span> <span class='ocrx_word' id='word_1_86' title='bbox 896 677 1039 711; x_wconf 86' lang='lat' dir='ltr'>animam</span> <span class='ocrx_word' id='word_1_87' title='bbox 1059 689 1115 724; x_wconf 87' lang='lat' dir='ltr'>per</span> <span class='ocrx_word' id='word_1_88' title='bbox 1126 677 1284 712; x_wconf 59' lang='lat' dir='ltr'>distinfims</span> <span class='ocrx_word' id='word_1_89' title='bbox 1294 675 1405 713; x_wconf 83' lang='lat' dir='ltr'>saltem</span> <span class='ocrx_word' id='word_1_90' title='bbox 1421 673 1600 711; x_wconf 86' lang='lat' dir='ltr'>virtualiter</span> <span class='ocrx_word' id='word_1_91' title='bbox 1611 675 1715 711; x_wconf 80' lang='lat' dir='ltr'>facul-</span> 
     </span>
     <span class='ocr_line' id='line_1_11' title="bbox 331 721 1715 772; baseline 0.001 -18"><span class='ocrx_word' id='word_1_92' title='bbox 331 731 410 756; x_wconf 81' lang='lat' dir='ltr'>tates</span> <span class='ocrx_word' id='word_1_93' title='bbox 421 721 476 757; x_wconf 87' lang='lat' dir='ltr'>fibi</span> <span class='ocrx_word' id='word_1_94' title='bbox 496 723 551 772; x_wconf 71' lang='lat' dir='ltr'>ipsi</span> <span class='ocrx_word' id='word_1_95' title='bbox 569 723 719 761; x_wconf 65' lang='lat' dir='ltr'>telu&amp;ati</span> <span class='ocrx_word' id='word_1_96' title='bbox 731 740 739 762; x_wconf 90' lang='lat'><strong>:</strong></span> <span class='ocrx_word' id='word_1_97' title='bbox 751 736 857 772; x_wconf 87' lang='lat' dir='ltr'>neque</span> <span class='ocrx_word' id='word_1_98' title='bbox 871 725 906 759; x_wconf 90' lang='lat' dir='ltr'>id</span> <span class='ocrx_word' id='word_1_99' title='bbox 919 728 1039 760; x_wconf 83' lang='lat' dir='ltr'>mitum</span> <span class='ocrx_word' id='word_1_100' title='bbox 1051 723 1113 760; x_wconf 83' lang='lat' dir='ltr'>effe</span> <span class='ocrx_word' id='word_1_101' title='bbox 1123 726 1236 769; x_wconf 85' lang='lat' dir='ltr'>debet,</span> <span class='ocrx_word' id='word_1_102' title='bbox 1254 737 1328 761; x_wconf 87' lang='lat' dir='ltr'>cum</span> <span class='ocrx_word' id='word_1_103' title='bbox 1339 726 1486 762; x_wconf 82' lang='lat' dir='ltr'>voluntas</span> <span class='ocrx_word' id='word_1_104' title='bbox 1497 722 1574 772; x_wconf 83' lang='lat' dir='ltr'>saepe</span> <span class='ocrx_word' id='word_1_105' title='bbox 1585 723 1715 759; x_wconf 86' lang='lat' dir='ltr'>intelle.</span> 
     </span>
     <span class='ocr_line' id='line_1_12' title="bbox 329 771 1281 811; baseline 0.013 -7"><span class='ocrx_word' id='word_1_106' title='bbox 329 771 394 804; x_wconf 63' lang='lat' dir='ltr'>&amp;ui</span> <span class='ocrx_word' id='word_1_107' title='bbox 420 772 580 807; x_wconf 86' lang='lat' dir='ltr'>adversari</span> <span class='ocrx_word' id='word_1_108' title='bbox 599 775 761 810; x_wconf 78' lang='lat' dir='ltr'>videatur.</span> <span class='ocrx_word' id='word_1_109' title='bbox 1279 808 1281 811; x_wconf 51' lang='lat'>&lt;</span> 
     </span>
    </p>

    <p class='ocr_par' dir='ltr' id='par_1_5' title="bbox 324 821 1714 1019">
     <span class='ocr_line' id='line_1_13' title="bbox 373 821 1714 872; baseline 0.002 -18"><span class='ocrx_word' id='word_1_110' title='bbox 373 821 563 868; x_wconf 62' lang='lat' dir='ltr'>Responderi</span> <span class='ocrx_word' id='word_1_111' title='bbox 573 823 673 869; x_wconf 79' lang='lat' dir='ltr'>potest</span> <span class='ocrx_word' id='word_1_112' title='bbox 691 838 721 859; x_wconf 27' lang='lat'>2¹*</span> <span class='ocrx_word' id='word_1_113' title='bbox 735 822 862 872; x_wconf 83' lang='lat' dir='ltr'>spiritus</span> <span class='ocrx_word' id='word_1_114' title='bbox 877 823 960 871; x_wconf 86' lang='lat' dir='ltr'>ipsos</span> <span class='ocrx_word' id='word_1_115' title='bbox 973 824 1029 870; x_wconf 85' lang='lat' dir='ltr'>qui</span> <span class='ocrx_word' id='word_1_116' title='bbox 1057 825 1173 858; x_wconf 86' lang='lat' dir='ltr'>mentis</span> <span class='ocrx_word' id='word_1_117' title='bbox 1199 825 1336 872; x_wconf 85' lang='lat' dir='ltr'>imperia</span> <span class='ocrx_word' id='word_1_118' title='bbox 1362 821 1515 856; x_wconf 84' lang='lat' dir='ltr'>deferunt</span> <span class='ocrx_word' id='word_1_119' title='bbox 1529 850 1539 864; x_wconf 90' lang='lat'>‚</span> <span class='ocrx_word' id='word_1_120' title='bbox 1561 834 1627 856; x_wconf 84' lang='lat' dir='ltr'>non</span> <span class='ocrx_word' id='word_1_121' title='bbox 1644 822 1714 857; x_wconf 76' lang='lat' dir='ltr'>des-</span> 
     </span>
     <span class='ocr_line' id='line_1_14' title="bbox 324 869 1713 921; baseline 0.003 -19"><span class='ocrx_word' id='word_1_122' title='bbox 324 870 437 915; x_wconf 86' lang='lat' dir='ltr'>potico</span> <span class='ocrx_word' id='word_1_123' title='bbox 461 872 598 919; x_wconf 83' lang='lat' dir='ltr'>imperio</span> <span class='ocrx_word' id='word_1_124' title='bbox 617 874 685 921; x_wconf 84' lang='lat' dir='ltr'>regi</span> <span class='ocrx_word' id='word_1_125' title='bbox 700 871 742 906; x_wconf 85' lang='lat' dir='ltr'>ab</span> <span class='ocrx_word' id='word_1_126' title='bbox 755 874 862 907; x_wconf 86' lang='lat' dir='ltr'>anima</span> <span class='ocrx_word' id='word_1_127' title='bbox 876 901 885 916; x_wconf 84' lang='lat'>‚</span> <span class='ocrx_word' id='word_1_128' title='bbox 896 877 930 909; x_wconf 84' lang='lat'>&amp;</span> <span class='ocrx_word' id='word_1_129' title='bbox 941 871 1006 905; x_wconf 83' lang='lat' dir='ltr'>alio</span> <span class='ocrx_word' id='word_1_130' title='bbox 1024 870 1161 920; x_wconf 73' lang='lat' dir='ltr'>persaepe</span> <span class='ocrx_word' id='word_1_131' title='bbox 1177 874 1247 908; x_wconf 85' lang='lat' dir='ltr'>duci</span> <span class='ocrx_word' id='word_1_132' title='bbox 1261 902 1272 916; x_wconf 89' lang='lat'>,</span> <span class='ocrx_word' id='word_1_133' title='bbox 1289 883 1345 907; x_wconf 85' lang='lat' dir='ltr'>aut</span> <span class='ocrx_word' id='word_1_134' title='bbox 1356 869 1397 905; x_wconf 86' lang='lat' dir='ltr'>ab</span> <span class='ocrx_word' id='word_1_135' title='bbox 1415 869 1553 918; x_wconf 76' lang='lat' dir='ltr'>objectis</span> <span class='ocrx_word' id='word_1_136' title='bbox 1565 899 1576 914; x_wconf 86' lang='lat'><em>,</em></span> <span class='ocrx_word' id='word_1_137' title='bbox 1596 882 1652 905; x_wconf 83' lang='lat' dir='ltr'>aut</span> <span class='ocrx_word' id='word_1_138' title='bbox 1670 869 1713 906; x_wconf 85' lang='lat' dir='ltr'>ab</span> 
     </span>
     <span class='ocr_line' id='line_1_15' title="bbox 325 915 1712 970; baseline 0.003 -20"><span class='ocrx_word' id='word_1_139' title='bbox 325 915 389 964; x_wconf 86' lang='lat' dir='ltr'>ipsa</span> <span class='ocrx_word' id='word_1_140' title='bbox 396 918 630 955; x_wconf 78' lang='lat' dir='ltr'>consuetudine</span> <span class='ocrx_word' id='word_1_141' title='bbox 642 950 652 964; x_wconf 87' lang='lat'>,</span> <span class='ocrx_word' id='word_1_142' title='bbox 666 926 698 958; x_wconf 70' lang='grc' dir='ltr'>δε</span> <span class='ocrx_word' id='word_1_143' title='bbox 708 923 851 970; x_wconf 86' lang='lat' dir='ltr'>corporis</span> <span class='ocrx_word' id='word_1_144' title='bbox 864 923 1020 969; x_wconf 80' lang='lat' dir='ltr'>temperie</span> <span class='ocrx_word' id='word_1_145' title='bbox 1035 950 1044 964; x_wconf 91' lang='lat'>‚</span> <span class='ocrx_word' id='word_1_146' title='bbox 1054 921 1159 967; x_wconf 75' lang='lat' dir='ltr'>quam</span> <span class='ocrx_word' id='word_1_147' title='bbox 1171 934 1261 957; x_wconf 74' lang='lat' dir='ltr'>nuens</span> <span class='ocrx_word' id='word_1_148' title='bbox 1278 921 1343 970; x_wconf 78' lang='lat' dir='ltr'>ipsa</span> <span class='ocrx_word' id='word_1_149' title='bbox 1359 918 1551 968; x_wconf 79' lang='lat' dir='ltr'>ptaescribit,</span> <span class='ocrx_word' id='word_1_150' title='bbox 1574 919 1659 954; x_wconf 88' lang='lat' dir='ltr'>unde</span> <span class='ocrx_word' id='word_1_151' title='bbox 1676 925 1712 958; x_wconf 87' lang='lat'>&amp;</span> 
     </span>
     <span class='ocr_line' id='line_1_16' title="bbox 325 967 1070 1019; baseline 0.005 -19"><span class='ocrx_word' id='word_1_152' title='bbox 325 970 444 1002; x_wconf 87' lang='lat' dir='ltr'>mentis</span> <span class='ocrx_word' id='word_1_153' title='bbox 455 967 642 1004; x_wconf 72' lang='lat' dir='ltr'>funffiones</span> <span class='ocrx_word' id='word_1_154' title='bbox 653 970 844 1019; x_wconf 69' lang='lat' dir='ltr'>ple-rumque</span> <span class='ocrx_word' id='word_1_155' title='bbox 859 968 1070 1005; x_wconf 77' lang='lat' dir='ltr'>conturbant.</span> 
     </span>
    </p>

    <p class='ocr_par' dir='ltr' id='par_1_6' title="bbox 321 1016 1711 1262">
     <span class='ocr_line' id='line_1_17' title="bbox 368 1016 1711 1068; baseline 0.001 -16"><span class='ocrx_word' id='word_1_156' title='bbox 368 1016 451 1065; x_wconf 85' lang='lat' dir='ltr'>Opp-</span> <span class='ocrx_word' id='word_1_157' title='bbox 467 1029 502 1052; x_wconf 85' lang='lat'>20</span> <span class='ocrx_word' id='word_1_158' title='bbox 516 1017 588 1054; x_wconf 83' lang='lat' dir='ltr'>Ubi</span> <span class='ocrx_word' id='word_1_159' title='bbox 599 1017 672 1054; x_wconf 74' lang='lat' dir='ltr'>sunt</span> <span class='ocrx_word' id='word_1_160' title='bbox 683 1022 888 1067; x_wconf 83' lang='lat' dir='ltr'>operationes</span> <span class='ocrx_word' id='word_1_161' title='bbox 898 1020 1013 1053; x_wconf 87' lang='lat' dir='ltr'>omnio</span> <span class='ocrx_word' id='word_1_162' title='bbox 1025 1018 1155 1054; x_wconf 71' lang='lat' dir='ltr'>diversae</span> <span class='ocrx_word' id='word_1_163' title='bbox 1165 1048 1174 1062; x_wconf 83' lang='lat'><strong>,</strong></span> <span class='ocrx_word' id='word_1_164' title='bbox 1184 1018 1233 1054; x_wconf 88' lang='lat' dir='ltr'>ibi</span> <span class='ocrx_word' id='word_1_165' title='bbox 1246 1018 1317 1054; x_wconf 85' lang='lat' dir='ltr'>sunt</span> <span class='ocrx_word' id='word_1_166' title='bbox 1334 1018 1482 1054; x_wconf 69' lang='lat' dir='ltr'>distin&amp;a</span> <span class='ocrx_word' id='word_1_167' title='bbox 1495 1019 1652 1068; x_wconf 83' lang='lat' dir='ltr'>principia</span> <span class='ocrx_word' id='word_1_168' title='bbox 1674 1024 1711 1057; x_wconf 74' lang='grc' dir='ltr'>δε</span> 
     </span>
     <span class='ocr_line' id='line_1_18' title="bbox 323 1061 1709 1116; baseline 0.002 -19"><span class='ocrx_word' id='word_1_169' title='bbox 323 1063 440 1099; x_wconf 81' lang='lat' dir='ltr'>formae</span> <span class='ocrx_word' id='word_1_170' title='bbox 455 1066 594 1102; x_wconf 83' lang='lat' dir='ltr'>diversae.</span> <span class='ocrx_word' id='word_1_171' title='bbox 612 1069 676 1102; x_wconf 85' lang='lat' dir='ltr'>Sed</span> <span class='ocrx_word' id='word_1_172' title='bbox 692 1070 814 1112; x_wconf 80' lang='lat' dir='ltr'>vivete,</span> <span class='ocrx_word' id='word_1_173' title='bbox 826 1068 943 1103; x_wconf 79' lang='lat' dir='ltr'>sentire</span> <span class='ocrx_word' id='word_1_174' title='bbox 956 1096 965 1110; x_wconf 90' lang='lat'>,</span> <span class='ocrx_word' id='word_1_175' title='bbox 978 1061 1158 1116; x_wconf 81' lang='lat' dir='ltr'>intelligere</span> <span class='ocrx_word' id='word_1_176' title='bbox 1168 1097 1178 1111; x_wconf 88' lang='lat'>,</span> <span class='ocrx_word' id='word_1_177' title='bbox 1192 1068 1260 1103; x_wconf 88' lang='lat' dir='ltr'>sunt</span> <span class='ocrx_word' id='word_1_178' title='bbox 1283 1070 1487 1115; x_wconf 83' lang='lat' dir='ltr'>operationes</span> <span class='ocrx_word' id='word_1_179' title='bbox 1502 1081 1638 1102; x_wconf 85' lang='lat' dir='ltr'>ommno</span> <span class='ocrx_word' id='word_1_180' title='bbox 1657 1069 1709 1103; x_wconf 85' lang='lat' dir='ltr'>di..</span> 
     </span>
     <span class='ocr_line' id='line_1_19' title="bbox 321 1112 1706 1164; baseline 0.003 -19"><span class='ocrx_word' id='word_1_181' title='bbox 321 1112 426 1156; x_wconf 71' lang='lat' dir='ltr'>versae,</span> <span class='ocrx_word' id='word_1_182' title='bbox 442 1127 512 1161; x_wconf 85' lang='lat' dir='ltr'>quae</span> <span class='ocrx_word' id='word_1_183' title='bbox 523 1118 556 1151; x_wconf 88' lang='lat' dir='ltr'>in</span> <span class='ocrx_word' id='word_1_184' title='bbox 567 1116 700 1152; x_wconf 86' lang='lat' dir='ltr'>homine</span> <span class='ocrx_word' id='word_1_185' title='bbox 714 1120 813 1160; x_wconf 79' lang='lat' dir='ltr'>etiam</span> <span class='ocrx_word' id='word_1_186' title='bbox 822 1117 901 1151; x_wconf 89' lang='lat' dir='ltr'>locis</span> <span class='ocrx_word' id='word_1_187' title='bbox 916 1117 1069 1151; x_wconf 67' lang='lat' dir='ltr'>distinetae</span> <span class='ocrx_word' id='word_1_188' title='bbox 1081 1117 1171 1152; x_wconf 83' lang='lat' dir='ltr'>sunt:</span> <span class='ocrx_word' id='word_1_189' title='bbox 1192 1130 1267 1151; x_wconf 83' lang='lat' dir='ltr'>nam</span> <span class='ocrx_word' id='word_1_190' title='bbox 1287 1116 1352 1152; x_wconf 81' lang='lat' dir='ltr'>olsa</span> <span class='ocrx_word' id='word_1_191' title='bbox 1363 1119 1476 1152; x_wconf 87' lang='lat' dir='ltr'>vivunt</span> <span class='ocrx_word' id='word_1_192' title='bbox 1498 1122 1531 1154; x_wconf 61' lang='grc' dir='ltr'>δέ</span> <span class='ocrx_word' id='word_1_193' title='bbox 1549 1129 1706 1164; x_wconf 74' lang='lat' dir='ltr'>vegetan-</span> 
     </span>
     <span class='ocr_line' id='line_1_20' title="bbox 321 1160 1705 1214; baseline 0.006 -20"><span class='ocrx_word' id='word_1_194' title='bbox 321 1171 370 1194; x_wconf 85' lang='lat' dir='ltr'>tur</span> <span class='ocrx_word' id='word_1_195' title='bbox 381 1175 468 1204; x_wconf 90' lang='lat' dir='ltr'>,non</span> <span class='ocrx_word' id='word_1_196' title='bbox 481 1163 623 1200; x_wconf 87' lang='lat' dir='ltr'>sentiunt</span> <span class='ocrx_word' id='word_1_197' title='bbox 637 1160 746 1200; x_wconf 66' lang='lat' dir='ltr'>tamen</span> <span class='ocrx_word' id='word_1_198' title='bbox 757 1165 882 1208; x_wconf 86' lang='lat' dir='ltr'>;0culus</span> <span class='ocrx_word' id='word_1_199' title='bbox 900 1165 989 1200; x_wconf 87' lang='lat' dir='ltr'>videt</span> <span class='ocrx_word' id='word_1_200' title='bbox 1000 1195 1010 1208; x_wconf 94' lang='lat'>,</span> <span class='ocrx_word' id='word_1_201' title='bbox 1028 1178 1093 1200; x_wconf 88' lang='lat' dir='ltr'>non</span> <span class='ocrx_word' id='word_1_202' title='bbox 1105 1166 1272 1214; x_wconf 84' lang='lat' dir='ltr'>intelligit.</span> <span class='ocrx_word' id='word_1_203' title='bbox 1291 1168 1375 1213; x_wconf 88' lang='lat' dir='ltr'>Ergo</span> <span class='ocrx_word' id='word_1_204' title='bbox 1385 1165 1449 1200; x_wconf 85' lang='lat' dir='ltr'>alia</span> <span class='ocrx_word' id='word_1_205' title='bbox 1464 1166 1511 1200; x_wconf 85' lang='lat' dir='ltr'>est</span> <span class='ocrx_word' id='word_1_206' title='bbox 1530 1164 1601 1200; x_wconf 82' lang='lat' dir='ltr'>offis</span> <span class='ocrx_word' id='word_1_207' title='bbox 1618 1193 1629 1208; x_wconf 89' lang='lat'>‚</span> <span class='ocrx_word' id='word_1_208' title='bbox 1642 1165 1705 1202; x_wconf 84' lang='lat' dir='ltr'>alia</span> 
     </span>
     <span class='ocr_line' id='line_1_21' title="bbox 324 1210 1158 1262; baseline 0.008 -20"><span class='ocrx_word' id='word_1_209' title='bbox 324 1210 411 1244; x_wconf 90' lang='lat' dir='ltr'>oculi</span> <span class='ocrx_word' id='word_1_210' title='bbox 427 1239 437 1252; x_wconf 90' lang='lat'><strong><em>‚</em></strong></span> <span class='ocrx_word' id='word_1_211' title='bbox 454 1211 518 1246; x_wconf 85' lang='lat' dir='ltr'>alia</span> <span class='ocrx_word' id='word_1_212' title='bbox 535 1213 677 1249; x_wconf 86' lang='lat' dir='ltr'>hominis</span> <span class='ocrx_word' id='word_1_213' title='bbox 693 1213 784 1262; x_wconf 77' lang='lat' dir='ltr'>ipsius</span> <span class='ocrx_word' id='word_1_214' title='bbox 798 1214 900 1248; x_wconf 81' lang='lat' dir='ltr'>forma</span> <span class='ocrx_word' id='word_1_215' title='bbox 920 1213 973 1248; x_wconf 93' lang='lat' dir='ltr'>vel</span> <span class='ocrx_word' id='word_1_216' title='bbox 996 1216 1113 1249; x_wconf 79' lang='lat' dir='ltr'>anima.</span> <span class='ocrx_word' id='word_1_217' title='bbox 1154 1258 1158 1261; x_wconf 37' lang='grc'><em>“</em></span> 
     </span>
    </p>

    <p class='ocr_par' dir='ltr' id='par_1_7' title="bbox 318 1259 1707 1452">
     <span class='ocr_line' id='line_1_22' title="bbox 356 1259 1707 1310; baseline 0.002 -15"><span class='ocrx_word' id='word_1_218' title='bbox 356 1259 442 1307; x_wconf 82' lang='lat' dir='ltr'>Resp.</span> <span class='ocrx_word' id='word_1_219' title='bbox 454 1260 524 1304; x_wconf 77' lang='lat' dir='ltr'>dist,</span> <span class='ocrx_word' id='word_1_220' title='bbox 535 1265 611 1306; x_wconf 85' lang='lat' dir='ltr'><em>maj.</em></span> <span class='ocrx_word' id='word_1_221' title='bbox 623 1261 764 1298; x_wconf 87' lang='lat' dir='ltr'>Diversae</span> <span class='ocrx_word' id='word_1_222' title='bbox 775 1264 981 1310; x_wconf 79' lang='lat' dir='ltr'>operationes</span> <span class='ocrx_word' id='word_1_223' title='bbox 1000 1261 1122 1295; x_wconf 75' lang='lat' dir='ltr'>diversa</span> <span class='ocrx_word' id='word_1_224' title='bbox 1143 1260 1267 1296; x_wconf 82' lang='lat' dir='ltr'>habent</span> <span class='ocrx_word' id='word_1_225' title='bbox 1282 1264 1434 1310; x_wconf 70' lang='lat' dir='ltr'>prindpia</span> <span class='ocrx_word' id='word_1_226' title='bbox 1456 1262 1635 1299; x_wconf 80' lang='lat' dir='ltr'>virtualiter</span> <span class='ocrx_word' id='word_1_227' title='bbox 1655 1265 1707 1300; x_wconf 88' lang='lat' dir='ltr'>di..</span> 
     </span>
     <span class='ocr_line' id='line_1_23' title="bbox 322 1307 1704 1357; baseline 0.007 -16"><span class='ocrx_word' id='word_1_228' title='bbox 322 1307 630 1352; x_wconf 71' lang='lat' dir='ltr'>stin&amp;a‚C.realiter</span> <span class='ocrx_word' id='word_1_229' title='bbox 643 1310 833 1353; x_wconf 56' lang='lat' dir='ltr'>diversam.</span> <span class='ocrx_word' id='word_1_230' title='bbox 846 1310 979 1357; x_wconf 84' lang='lat' dir='ltr'>Alioqui</span> <span class='ocrx_word' id='word_1_231' title='bbox 995 1309 1126 1345; x_wconf 82' lang='lat' dir='ltr'>infinitae</span> <span class='ocrx_word' id='word_1_232' title='bbox 1140 1312 1172 1344; x_wconf 80' lang='lat' dir='ltr'>in</span> <span class='ocrx_word' id='word_1_233' title='bbox 1184 1311 1300 1345; x_wconf 84' lang='lat' dir='ltr'>eodem</span> <span class='ocrx_word' id='word_1_234' title='bbox 1317 1310 1450 1346; x_wconf 84' lang='lat' dir='ltr'>homine</span> <span class='ocrx_word' id='word_1_235' title='bbox 1468 1309 1566 1346; x_wconf 89' lang='lat' dir='ltr'>essent</span> <span class='ocrx_word' id='word_1_236' title='bbox 1579 1316 1704 1351; x_wconf 81' lang='lat' dir='ltr'>animae.</span> 
     </span>
     <span class='ocr_line' id='line_1_24' title="bbox 320 1357 1702 1407; baseline 0.004 -17"><span class='ocrx_word' id='word_1_237' title='bbox 320 1358 372 1390; x_wconf 86' lang='lat' dir='ltr'>Sic</span> <span class='ocrx_word' id='word_1_238' title='bbox 389 1360 496 1392; x_wconf 86' lang='lat' dir='ltr'>anima</span> <span class='ocrx_word' id='word_1_239' title='bbox 518 1359 684 1394; x_wconf 84' lang='lat' dir='ltr'>rationalis</span> <span class='ocrx_word' id='word_1_240' title='bbox 712 1372 777 1394; x_wconf 90' lang='lat' dir='ltr'>non</span> <span class='ocrx_word' id='word_1_241' title='bbox 798 1360 845 1393; x_wconf 86' lang='lat' dir='ltr'>est</span> <span class='ocrx_word' id='word_1_242' title='bbox 864 1360 896 1393; x_wconf 89' lang='lat' dir='ltr'>in</span> <span class='ocrx_word' id='word_1_243' title='bbox 927 1357 1045 1394; x_wconf 82' lang='lat' dir='ltr'>offibus</span> <span class='ocrx_word' id='word_1_244' title='bbox 1058 1387 1067 1401; x_wconf 85' lang='lat'><strong><em>,</em></strong></span> <span class='ocrx_word' id='word_1_245' title='bbox 1080 1371 1134 1393; x_wconf 85' lang='lat' dir='ltr'>aut</span> <span class='ocrx_word' id='word_1_246' title='bbox 1154 1358 1253 1393; x_wconf 87' lang='lat' dir='ltr'>oculis</span> <span class='ocrx_word' id='word_1_247' title='bbox 1265 1387 1275 1402; x_wconf 86' lang='lat'>‚</span> <span class='ocrx_word' id='word_1_248' title='bbox 1293 1360 1402 1406; x_wconf 81' lang='lat' dir='ltr'>quoad</span> <span class='ocrx_word' id='word_1_249' title='bbox 1419 1362 1624 1407; x_wconf 82' lang='lat' dir='ltr'>operationes</span> <span class='ocrx_word' id='word_1_250' title='bbox 1639 1390 1650 1405; x_wconf 87' lang='lat'>,</span> <span class='ocrx_word' id='word_1_251' title='bbox 1667 1365 1702 1396; x_wconf 87' lang='lat' dir='ltr'>C.</span> 
     </span>
     <span class='ocr_line' id='line_1_25' title="bbox 318 1405 748 1452; baseline 0.002 -13"><span class='ocrx_word' id='word_1_252' title='bbox 318 1406 428 1452; x_wconf 89' lang='lat' dir='ltr'>quoad</span> <span class='ocrx_word' id='word_1_253' title='bbox 450 1405 661 1443; x_wconf 83' lang='lat' dir='ltr'>substantiam</span> <span class='ocrx_word' id='word_1_254' title='bbox 676 1436 685 1451; x_wconf 82' lang='lat'>‚</span> <span class='ocrx_word' id='word_1_255' title='bbox 698 1407 748 1441; x_wconf 92' lang='lat' dir='ltr'>N.</span> 
     </span>
    </p>

    <p class='ocr_par' dir='ltr' id='par_1_8' title="bbox 318 1454 1702 1601">
     <span class='ocr_line' id='line_1_26' title="bbox 352 1454 1702 1504; baseline 0.005 -17"><span class='ocrx_word' id='word_1_256' title='bbox 352 1454 484 1500; x_wconf 78' lang='lat' dir='ltr'>Instant.</span> <span class='ocrx_word' id='word_1_257' title='bbox 504 1458 621 1491; x_wconf 81' lang='lat' dir='ltr'>Anima</span> <span class='ocrx_word' id='word_1_258' title='bbox 641 1456 779 1492; x_wconf 88' lang='lat' dir='ltr'>sentiens</span> <span class='ocrx_word' id='word_1_259' title='bbox 792 1483 802 1498; x_wconf 94' lang='lat'>‚</span> <span class='ocrx_word' id='word_1_260' title='bbox 825 1467 882 1491; x_wconf 88' lang='lat' dir='ltr'>aut</span> <span class='ocrx_word' id='word_1_261' title='bbox 912 1457 1091 1504; x_wconf 73' lang='lat' dir='ltr'>vegetatrix</span> <span class='ocrx_word' id='word_1_262' title='bbox 1106 1456 1152 1489; x_wconf 86' lang='lat' dir='ltr'>est</span> <span class='ocrx_word' id='word_1_263' title='bbox 1171 1455 1314 1490; x_wconf 82' lang='lat' dir='ltr'>mortalis</span> <span class='ocrx_word' id='word_1_264' title='bbox 1328 1461 1362 1492; x_wconf 65' lang='grc' dir='ltr'>δέ</span> <span class='ocrx_word' id='word_1_265' title='bbox 1379 1455 1616 1504; x_wconf 83' lang='lat' dir='ltr'>corruptibilis,</span> <span class='ocrx_word' id='word_1_266' title='bbox 1634 1472 1702 1497; x_wconf 86' lang='lat' dir='ltr'>non</span> 
     </span>
     <span class='ocr_line' id='line_1_27' title="bbox 318 1505 1701 1553; baseline 0.005 -16"><span class='ocrx_word' id='word_1_267' title='bbox 318 1505 397 1538; x_wconf 87' lang='lat' dir='ltr'>item</span> <span class='ocrx_word' id='word_1_268' title='bbox 410 1507 520 1540; x_wconf 84' lang='lat' dir='ltr'>anima</span> <span class='ocrx_word' id='word_1_269' title='bbox 529 1506 704 1542; x_wconf 83' lang='lat' dir='ltr'>rationalis.</span> <span class='ocrx_word' id='word_1_270' title='bbox 719 1508 804 1553; x_wconf 80' lang='lat' dir='ltr'>Ergo</span> <span class='ocrx_word' id='word_1_271' title='bbox 815 1517 880 1540; x_wconf 89' lang='lat' dir='ltr'>non</span> <span class='ocrx_word' id='word_1_272' title='bbox 893 1506 935 1540; x_wconf 87' lang='lat' dir='ltr'>est</span> <span class='ocrx_word' id='word_1_273' title='bbox 948 1517 1011 1540; x_wconf 85' lang='lat' dir='ltr'>una</span> <span class='ocrx_word' id='word_1_274' title='bbox 1024 1509 1058 1541; x_wconf 72' lang='grc' dir='ltr'>δε</span> <span class='ocrx_word' id='word_1_275' title='bbox 1070 1505 1185 1539; x_wconf 84' lang='lat' dir='ltr'>eadem</span> <span class='ocrx_word' id='word_1_276' title='bbox 1198 1506 1307 1540; x_wconf 81' lang='lat' dir='ltr'>anima</span> <span class='ocrx_word' id='word_1_277' title='bbox 1320 1519 1328 1540; x_wconf 91' lang='lat'>:</span> <span class='ocrx_word' id='word_1_278' title='bbox 1343 1517 1416 1540; x_wconf 86' lang='lat' dir='ltr'>curn</span> <span class='ocrx_word' id='word_1_279' title='bbox 1430 1506 1517 1541; x_wconf 90' lang='lat' dir='ltr'>idem</span> <span class='ocrx_word' id='word_1_280' title='bbox 1534 1505 1623 1542; x_wconf 85' lang='lat' dir='ltr'>fimul</span> <span class='ocrx_word' id='word_1_281' title='bbox 1638 1507 1701 1544; x_wconf 79' lang='lat' dir='ltr'>effe</span> 
     </span>
     <span class='ocr_line' id='line_1_28' title="bbox 318 1552 896 1601; baseline 0.007 -15"><span class='ocrx_word' id='word_1_282' title='bbox 318 1553 455 1587; x_wconf 81' lang='lat' dir='ltr'>mortale</span> <span class='ocrx_word' id='word_1_283' title='bbox 466 1558 501 1589; x_wconf 90' lang='lat'>&amp;</span> <span class='ocrx_word' id='word_1_284' title='bbox 513 1555 698 1589; x_wconf 78' lang='lat' dir='ltr'>immortale</span> <span class='ocrx_word' id='word_1_285' title='bbox 709 1567 778 1589; x_wconf 85' lang='lat' dir='ltr'>non</span> <span class='ocrx_word' id='word_1_286' title='bbox 792 1552 896 1601; x_wconf 80' lang='lat' dir='ltr'>poffit.</span> 
     </span>
    </p>

    <p class='ocr_par' dir='ltr' id='par_1_9' title="bbox 315 1601 1700 1746">
     <span class='ocr_line' id='line_1_29' title="bbox 353 1601 1700 1650; baseline 0.002 -13"><span class='ocrx_word' id='word_1_287' title='bbox 353 1601 441 1650; x_wconf 84' lang='lat' dir='ltr'>Resp.</span> <span class='ocrx_word' id='word_1_288' title='bbox 451 1601 520 1646; x_wconf 61' lang='lat' dir='ltr'>dost.</span> <span class='ocrx_word' id='word_1_289' title='bbox 532 1614 599 1638; x_wconf 82' lang='lat' dir='ltr'>ant.</span> <span class='ocrx_word' id='word_1_290' title='bbox 615 1605 733 1638; x_wconf 85' lang='lat' dir='ltr'>Anima</span> <span class='ocrx_word' id='word_1_291' title='bbox 743 1602 883 1638; x_wconf 85' lang='lat' dir='ltr'>sentiens</span> <span class='ocrx_word' id='word_1_292' title='bbox 899 1602 942 1637; x_wconf 90' lang='lat' dir='ltr'>est</span> <span class='ocrx_word' id='word_1_293' title='bbox 955 1601 1174 1650; x_wconf 83' lang='lat' dir='ltr'>corruptibilis</span> <span class='ocrx_word' id='word_1_294' title='bbox 1185 1631 1195 1646; x_wconf 89' lang='lat'>‚</span> <span class='ocrx_word' id='word_1_295' title='bbox 1205 1615 1279 1637; x_wconf 79' lang='lat' dir='ltr'>eum</span> <span class='ocrx_word' id='word_1_296' title='bbox 1297 1601 1362 1637; x_wconf 82' lang='lat' dir='ltr'>sola</span> <span class='ocrx_word' id='word_1_297' title='bbox 1380 1602 1438 1646; x_wconf 86' lang='lat' dir='ltr'>est,</span> <span class='ocrx_word' id='word_1_298' title='bbox 1452 1605 1531 1638; x_wconf 84' lang='lat' dir='ltr'>utin</span> <span class='ocrx_word' id='word_1_299' title='bbox 1542 1603 1700 1650; x_wconf 84' lang='lat' dir='ltr'>brutis,C.</span> 
     </span>
     <span class='ocr_line' id='line_1_30' title="bbox 315 1650 1698 1697; baseline 0.005 -13"><span class='ocrx_word' id='word_1_300' title='bbox 315 1662 388 1686; x_wconf 82' lang='lat' dir='ltr'>cum</span> <span class='ocrx_word' id='word_1_301' title='bbox 401 1662 508 1685; x_wconf 86' lang='lat' dir='ltr'>autem</span> <span class='ocrx_word' id='word_1_302' title='bbox 517 1652 632 1688; x_wconf 89' lang='lat' dir='ltr'>eadem</span> <span class='ocrx_word' id='word_1_303' title='bbox 645 1650 923 1688; x_wconf 72' lang='lat' dir='ltr'>cstintelleetualis</span> <span class='ocrx_word' id='word_1_304' title='bbox 933 1681 944 1696; x_wconf 91' lang='lat'>‚</span> <span class='ocrx_word' id='word_1_305' title='bbox 963 1652 1015 1688; x_wconf 89' lang='lat' dir='ltr'>N.</span> <span class='ocrx_word' id='word_1_306' title='bbox 1025 1654 1112 1687; x_wconf 83' lang='lat' dir='ltr'>Tum</span> <span class='ocrx_word' id='word_1_307' title='bbox 1126 1655 1214 1687; x_wconf 86' lang='lat' dir='ltr'>enim</span> <span class='ocrx_word' id='word_1_308' title='bbox 1230 1651 1275 1686; x_wconf 90' lang='lat' dir='ltr'>est</span> <span class='ocrx_word' id='word_1_309' title='bbox 1286 1651 1477 1686; x_wconf 81' lang='lat' dir='ltr'>immortalis</span> <span class='ocrx_word' id='word_1_310' title='bbox 1487 1681 1498 1697; x_wconf 85' lang='lat'>‚</span> <span class='ocrx_word' id='word_1_311' title='bbox 1519 1666 1585 1689; x_wconf 88' lang='lat' dir='ltr'>non</span> <span class='ocrx_word' id='word_1_312' title='bbox 1600 1668 1640 1690; x_wconf 87' lang='lat' dir='ltr'>ex</span> <span class='ocrx_word' id='word_1_313' title='bbox 1651 1655 1698 1691; x_wconf 88' lang='lat' dir='ltr'>se·</span> 
     </span>
     <span class='ocr_line' id='line_1_31' title="bbox 317 1698 665 1746; baseline 0.02 -14"><span class='ocrx_word' id='word_1_314' title='bbox 317 1698 399 1746; x_wconf 84' lang='lat' dir='ltr'>ipsa,</span> <span class='ocrx_word' id='word_1_315' title='bbox 414 1698 466 1734; x_wconf 89' lang='lat' dir='ltr'>sed</span> <span class='ocrx_word' id='word_1_316' title='bbox 485 1712 524 1735; x_wconf 86' lang='lat' dir='ltr'>ex</span> <span class='ocrx_word' id='word_1_317' title='bbox 543 1713 665 1739; x_wconf 88' lang='lat' dir='ltr'>mente.</span> 
     </span>
    </p>

    <p class='ocr_par' dir='ltr' id='par_1_10' title="bbox 310 1749 1697 2143">
     <span class='ocr_line' id='line_1_32' title="bbox 352 1749 1697 1799; baseline 0.002 -14"><span class='ocrx_word' id='word_1_318' title='bbox 352 1749 434 1796; x_wconf 82' lang='lat' dir='ltr'>Opp·</span> <span class='ocrx_word' id='word_1_319' title='bbox 455 1761 486 1791; x_wconf 83' lang='lat'>3.</span> <span class='ocrx_word' id='word_1_320' title='bbox 510 1752 543 1784; x_wconf 88' lang='lat' dir='ltr'>in</span> <span class='ocrx_word' id='word_1_321' title='bbox 560 1750 651 1798; x_wconf 83' lang='lat' dir='ltr'>ipfius</span> <span class='ocrx_word' id='word_1_322' title='bbox 666 1752 806 1787; x_wconf 87' lang='lat' dir='ltr'>hominis</span> <span class='ocrx_word' id='word_1_323' title='bbox 822 1752 1084 1787; x_wconf 87' lang='lat' dir='ltr'>conformat-ione</span> <span class='ocrx_word' id='word_1_324' title='bbox 1104 1752 1244 1798; x_wconf 87' lang='lat' dir='ltr'>primum</span> <span class='ocrx_word' id='word_1_325' title='bbox 1264 1753 1463 1799; x_wconf 85' lang='lat' dir='ltr'>vegetatrice</span> <span class='ocrx_word' id='word_1_326' title='bbox 1475 1753 1584 1786; x_wconf 79' lang='lat' dir='ltr'>anima</span> <span class='ocrx_word' id='word_1_327' title='bbox 1597 1779 1608 1793; x_wconf 90' lang='lat'>,</span> <span class='ocrx_word' id='word_1_328' title='bbox 1626 1763 1697 1788; x_wconf 87' lang='lat' dir='ltr'>tum</span> 
     </span>
     <span class='ocr_line' id='line_1_33' title="bbox 312 1796 1695 1847; baseline 0.003 -16"><span class='ocrx_word' id='word_1_329' title='bbox 312 1796 472 1832; x_wconf 85' lang='lat' dir='ltr'>sentiente</span> <span class='ocrx_word' id='word_1_330' title='bbox 483 1827 492 1841; x_wconf 91' lang='lat'>,</span> <span class='ocrx_word' id='word_1_331' title='bbox 505 1810 575 1834; x_wconf 89' lang='lat' dir='ltr'>tum</span> <span class='ocrx_word' id='word_1_332' title='bbox 593 1799 745 1835; x_wconf 82' lang='lat' dir='ltr'>rationali</span> <span class='ocrx_word' id='word_1_333' title='bbox 754 1801 874 1836; x_wconf 86' lang='lat' dir='ltr'>foetum</span> <span class='ocrx_word' id='word_1_334' title='bbox 888 1800 1060 1835; x_wconf 84' lang='lat' dir='ltr'>informati</span> <span class='ocrx_word' id='word_1_335' title='bbox 1071 1813 1078 1834; x_wconf 91' lang='lat'><strong>:</strong></span> <span class='ocrx_word' id='word_1_336' title='bbox 1091 1811 1164 1833; x_wconf 88' lang='lat' dir='ltr'>cum</span> <span class='ocrx_word' id='word_1_337' title='bbox 1173 1811 1357 1834; x_wconf 81' lang='lat' dir='ltr'>autern-non</span> <span class='ocrx_word' id='word_1_338' title='bbox 1371 1801 1407 1834; x_wconf 84' lang='lat' dir='ltr'>fit</span> <span class='ocrx_word' id='word_1_339' title='bbox 1418 1799 1587 1847; x_wconf 83' lang='lat' dir='ltr'>probabile</span> <span class='ocrx_word' id='word_1_340' title='bbox 1598 1813 1695 1836; x_wconf 88' lang='lat' dir='ltr'>unam</span> 
     </span>
     <span class='ocr_line' id='line_1_34' title="bbox 314 1845 1692 1897; baseline 0.003 -18"><span class='ocrx_word' id='word_1_341' title='bbox 314 1848 440 1894; x_wconf 83' lang='lat' dir='ltr'>perire,</span> <span class='ocrx_word' id='word_1_342' title='bbox 463 1859 537 1881; x_wconf 87' lang='lat' dir='ltr'>cum</span> <span class='ocrx_word' id='word_1_343' title='bbox 557 1849 691 1884; x_wconf 84' lang='lat' dir='ltr'>advenit</span> <span class='ocrx_word' id='word_1_344' title='bbox 712 1848 833 1884; x_wconf 83' lang='lat' dir='ltr'>altera:</span> <span class='ocrx_word' id='word_1_345' title='bbox 851 1861 960 1897; x_wconf 86' lang='lat' dir='ltr'>neque</span> <span class='ocrx_word' id='word_1_346' title='bbox 979 1850 1067 1882; x_wconf 88' lang='lat' dir='ltr'>enim</span> <span class='ocrx_word' id='word_1_347' title='bbox 1088 1845 1210 1883; x_wconf 80' lang='lat' dir='ltr'>neceffe</span> <span class='ocrx_word' id='word_1_348' title='bbox 1220 1849 1261 1882; x_wconf 82' lang='lat' dir='ltr'>est</span> <span class='ocrx_word' id='word_1_349' title='bbox 1281 1851 1360 1883; x_wconf 79' lang='lat' dir='ltr'>mori</span> <span class='ocrx_word' id='word_1_350' title='bbox 1379 1848 1496 1883; x_wconf 75' lang='lat' dir='ltr'>animal</span> <span class='ocrx_word' id='word_1_351' title='bbox 1514 1847 1692 1897; x_wconf 83' lang='lat' dir='ltr'>priusquam</span> 
     </span>
     <span class='ocr_line' id='line_1_35' title="bbox 313 1895 1691 1945; baseline 0.002 -17"><span class='ocrx_word' id='word_1_352' title='bbox 313 1907 403 1930; x_wconf 87' lang='lat' dir='ltr'>mens</span> <span class='ocrx_word' id='word_1_353' title='bbox 412 1895 577 1931; x_wconf 85' lang='lat' dir='ltr'>rationalis</span> <span class='ocrx_word' id='word_1_354' title='bbox 590 1897 798 1933; x_wconf 82' lang='lat' dir='ltr'>infundatur:</span> <span class='ocrx_word' id='word_1_355' title='bbox 817 1898 918 1933; x_wconf 85' lang='lat' dir='ltr'>restat</span> <span class='ocrx_word' id='word_1_356' title='bbox 931 1909 968 1933; x_wconf 90' lang='lat' dir='ltr'>ut</span> <span class='ocrx_word' id='word_1_357' title='bbox 978 1900 1010 1933; x_wconf 89' lang='lat' dir='ltr'>in</span> <span class='ocrx_word' id='word_1_358' title='bbox 1028 1897 1159 1932; x_wconf 82' lang='lat' dir='ltr'>homine</span> <span class='ocrx_word' id='word_1_359' title='bbox 1169 1909 1235 1931; x_wconf 86' lang='lat' dir='ltr'>non</span> <span class='ocrx_word' id='word_1_360' title='bbox 1248 1909 1311 1932; x_wconf 85' lang='lat' dir='ltr'>una</span> <span class='ocrx_word' id='word_1_361' title='bbox 1323 1925 1331 1939; x_wconf 93' lang='lat'>,</span> <span class='ocrx_word' id='word_1_362' title='bbox 1348 1896 1400 1933; x_wconf 89' lang='lat' dir='ltr'>sed</span> <span class='ocrx_word' id='word_1_363' title='bbox 1416 1896 1519 1945; x_wconf 83' lang='lat' dir='ltr'>plures</span> <span class='ocrx_word' id='word_1_364' title='bbox 1543 1897 1602 1931; x_wconf 81' lang='lat' dir='ltr'>sint</span> <span class='ocrx_word' id='word_1_365' title='bbox 1619 1899 1691 1932; x_wconf 80' lang='lat' dir='ltr'>ani-</span> 
     </span>
     <span class='ocr_line' id='line_1_36' title="bbox 315 1947 1498 1981; baseline 0.002 -2"><span class='ocrx_word' id='word_1_366' title='bbox 315 1957 384 1981; x_wconf 81' lang='lat' dir='ltr'>mae.</span> <span class='ocrx_word' id='word_1_367' title='bbox 1495 1947 1498 1948; x_wconf 44' lang='lat'><em>⁷</em></span> 
     </span>
     <span class='ocr_line' id='line_1_37' title="bbox 361 1990 1690 2044; baseline 0.002 -18"><span class='ocrx_word' id='word_1_368' title='bbox 361 1995 556 2042; x_wconf 74' lang='lat' dir='ltr'>Respondent</span> <span class='ocrx_word' id='word_1_369' title='bbox 572 1995 717 2044; x_wconf 85' lang='lat' dir='ltr'>plerique</span> <span class='ocrx_word' id='word_1_370' title='bbox 743 1999 776 2032; x_wconf 90' lang='lat' dir='ltr'>in</span> <span class='ocrx_word' id='word_1_371' title='bbox 791 1997 929 2032; x_wconf 82' lang='lat' dir='ltr'>hominis</span> <span class='ocrx_word' id='word_1_372' title='bbox 941 1995 1202 2031; x_wconf 83' lang='lat' dir='ltr'>conformatione</span> <span class='ocrx_word' id='word_1_373' title='bbox 1220 1993 1325 2042; x_wconf 84' lang='lat' dir='ltr'>plures</span> <span class='ocrx_word' id='word_1_374' title='bbox 1335 1993 1397 2029; x_wconf 82' lang='lat' dir='ltr'>effe</span> <span class='ocrx_word' id='word_1_375' title='bbox 1412 1995 1532 2036; x_wconf 83' lang='lat' dir='ltr'>animas</span> <span class='ocrx_word' id='word_1_376' title='bbox 1544 2004 1615 2038; x_wconf 84' lang='lat' dir='ltr'>quae</span> <span class='ocrx_word' id='word_1_377' title='bbox 1633 1990 1690 2028; x_wconf 83' lang='lat' dir='ltr'>fibi</span> 
     </span>
     <span class='ocr_line' id='line_1_38' title="bbox 311 2040 1689 2094; baseline 0.001 -18"><span class='ocrx_word' id='word_1_378' title='bbox 311 2041 483 2078; x_wconf 74' lang='lat' dir='ltr'>succedunt</span> <span class='ocrx_word' id='word_1_379' title='bbox 494 2057 583 2080; x_wconf 85' lang='lat' dir='ltr'>:cum</span> <span class='ocrx_word' id='word_1_380' title='bbox 594 2056 702 2080; x_wconf 86' lang='lat' dir='ltr'>autem</span> <span class='ocrx_word' id='word_1_381' title='bbox 718 2046 783 2081; x_wconf 83' lang='lat' dir='ltr'>haec</span> <span class='ocrx_word' id='word_1_382' title='bbox 795 2058 912 2094; x_wconf 82' lang='lat' dir='ltr'>magna</span> <span class='ocrx_word' id='word_1_383' title='bbox 928 2042 965 2078; x_wconf 86' lang='lat' dir='ltr'>fit</span> <span class='ocrx_word' id='word_1_384' title='bbox 984 2044 1119 2091; x_wconf 85' lang='lat' dir='ltr'>quaestio</span> <span class='ocrx_word' id='word_1_385' title='bbox 1130 2071 1139 2085; x_wconf 87' lang='lat'><strong>‚</strong></span> <span class='ocrx_word' id='word_1_386' title='bbox 1155 2048 1189 2079; x_wconf 89' lang='lat'>&amp;</span> <span class='ocrx_word' id='word_1_387' title='bbox 1209 2043 1304 2078; x_wconf 84' lang='lat' dir='ltr'>valde</span> <span class='ocrx_word' id='word_1_388' title='bbox 1329 2042 1460 2078; x_wconf 84' lang='lat' dir='ltr'>obscura</span> <span class='ocrx_word' id='word_1_389' title='bbox 1472 2070 1482 2084; x_wconf 91' lang='lat'><em>,</em></span> <span class='ocrx_word' id='word_1_390' title='bbox 1499 2041 1576 2089; x_wconf 86' lang='lat' dir='ltr'>quid</span> <span class='ocrx_word' id='word_1_391' title='bbox 1591 2040 1689 2077; x_wconf 77' lang='lat' dir='ltr'>nobis</span> 
     </span>
     <span class='ocr_line' id='line_1_39' title="bbox 310 2091 1292 2143; baseline 0 -17"><span class='ocrx_word' id='word_1_392' title='bbox 310 2091 458 2131; x_wconf 76' lang='lat' dir='ltr'>videatur</span> <span class='ocrx_word' id='word_1_393' title='bbox 474 2121 484 2136; x_wconf 88' lang='lat'>‚</span> <span class='ocrx_word' id='word_1_394' title='bbox 500 2093 598 2141; x_wconf 82' lang='lat' dir='ltr'>paulo</span> <span class='ocrx_word' id='word_1_395' title='bbox 611 2093 795 2143; x_wconf 87' lang='lat' dir='ltr'>diligentius</span> <span class='ocrx_word' id='word_1_396' title='bbox 805 2094 852 2129; x_wconf 83' lang='lat' dir='ltr'>est</span> <span class='ocrx_word' id='word_1_397' title='bbox 871 2091 1111 2141; x_wconf 84' lang='lat' dir='ltr'>explicandum.</span> <span class='ocrx_word' id='word_1_398' title='bbox 1131 2093 1180 2126; x_wconf 85' lang='lat' dir='ltr'>Sit</span> <span class='ocrx_word' id='word_1_399' title='bbox 1197 2093 1292 2140; x_wconf 81' lang='lat' dir='ltr'>igitur</span> 
     </span>
    </p>
   </div>
   <div class='ocr_carea' id='block_1_4' title="bbox 832 2189 1140 2235">
    <p class='ocr_par' dir='ltr' id='par_1_11' title="bbox 832 2189 1140 2235">
     <span class='ocr_line' id='line_1_40' title="bbox 832 2189 1140 2235; baseline -0.003 -9"><span class='ocrx_word' id='word_1_400' title='bbox 832 2192 947 2227; x_wconf 82' lang='lat' dir='ltr'>Tertia</span> <span class='ocrx_word' id='word_1_401' title='bbox 966 2189 1140 2235; x_wconf 72' lang='lat' dir='ltr'>ConclttfiO.</span> 
     </span>
    </p>
   </div>
   <div class='ocr_carea' id='block_1_5' title="bbox 313 2284 1683 2371">
    <p class='ocr_par' dir='ltr' id='par_1_12' title="bbox 313 2284 1683 2371">
     <span class='ocr_line' id='line_1_41' title="bbox 313 2284 1683 2371; baseline -0.003 -45"><span class='ocrx_word' id='word_1_402' title='bbox 313 2289 388 2371; x_wconf 79' lang='lat' dir='ltr'>IN</span> <span class='ocrx_word' id='word_1_403' title='bbox 403 2293 582 2327; x_wconf 79' lang='lat' dir='ltr'>viventium</span> <span class='ocrx_word' id='word_1_404' title='bbox 599 2294 809 2341; x_wconf 77' lang='lat' dir='ltr'>generatione</span> <span class='ocrx_word' id='word_1_405' title='bbox 830 2289 934 2338; x_wconf 86' lang='lat' dir='ltr'>plures</span> <span class='ocrx_word' id='word_1_406' title='bbox 947 2290 1062 2324; x_wconf 77' lang='lat' dir='ltr'>anima:</span> <span class='ocrx_word' id='word_1_407' title='bbox 1079 2302 1147 2324; x_wconf 91' lang='lat' dir='ltr'>non</span> <span class='ocrx_word' id='word_1_408' title='bbox 1161 2290 1204 2324; x_wconf 83' lang='lat' dir='ltr'>ita</span> <span class='ocrx_word' id='word_1_409' title='bbox 1227 2285 1283 2320; x_wconf 86' lang='lat' dir='ltr'>fibi</span> <span class='ocrx_word' id='word_1_410' title='bbox 1303 2298 1416 2321; x_wconf 84' lang='lat' dir='ltr'>mutuo</span> <span class='ocrx_word' id='word_1_411' title='bbox 1440 2284 1630 2330; x_wconf 85' lang='lat' dir='ltr'>succedunt,</span> <span class='ocrx_word' id='word_1_412' title='bbox 1647 2298 1683 2322; x_wconf 88' lang='lat' dir='ltr'>ut</span> 
     </span>
    </p>
   </div>
   <div class='ocr_carea' id='block_1_6' title="bbox 345 2339 1678 2437">
    <p class='ocr_par' dir='ltr' id='par_1_13' title="bbox 345 2339 1678 2437">
     <span class='ocr_line' id='line_1_42' title="bbox 354 2339 1639 2394; baseline 0.005 -23"><span class='ocrx_word' id='word_1_413' title='bbox 354 2352 416 2373; x_wconf 80' lang='lat' dir='ltr'>una</span> <span class='ocrx_word' id='word_1_414' title='bbox 428 2341 624 2377; x_wconf 83' lang='lat' dir='ltr'>adveniente</span> <span class='ocrx_word' id='word_1_415' title='bbox 635 2352 747 2390; x_wconf 87' lang='lat' dir='ltr'>pereat</span> <span class='ocrx_word' id='word_1_416' title='bbox 762 2339 873 2374; x_wconf 85' lang='lat' dir='ltr'>altera.</span> <span class='ocrx_word' id='word_1_417' title='bbox 1215 2383 1223 2394; x_wconf 30' lang='lat' dir='ltr'>x</span> <span class='ocrx_word' id='word_1_418' title='bbox 1300 2386 1304 2390; x_wconf 92' lang='lat'>.</span> <span class='ocrx_word' id='word_1_419' title='bbox 1491 2385 1495 2390; x_wconf 94' lang='lat'>.</span> <span class='ocrx_word' id='word_1_420' title='bbox 1635 2385 1639 2388; x_wconf 28' lang='grc' dir='ltr'>ι</span> 
     </span>
     <span class='ocr_line' id='line_1_43' title="bbox 345 2384 1678 2437; baseline -0.002 -16"><span class='ocrx_word' id='word_1_421' title='bbox 345 2387 503 2424; x_wconf 76' lang='lat' dir='ltr'>Probatur</span> <span class='ocrx_word' id='word_1_422' title='bbox 523 2390 680 2437; x_wconf 79' lang='lat' dir='ltr'>conclusio.</span> <span class='ocrx_word' id='word_1_423' title='bbox 695 2391 731 2426; x_wconf 89' lang='lat' dir='ltr'>Id</span> <span class='ocrx_word' id='word_1_424' title='bbox 753 2390 889 2427; x_wconf 84' lang='lat' dir='ltr'>omnino</span> <span class='ocrx_word' id='word_1_425' title='bbox 909 2386 1038 2423; x_wconf 75' lang='lat' dir='ltr'>videtur</span> <span class='ocrx_word' id='word_1_426' title='bbox 1052 2385 1193 2422; x_wconf 81' lang='lat' dir='ltr'>alienum</span> <span class='ocrx_word' id='word_1_427' title='bbox 1212 2398 1232 2420; x_wconf 86' lang='lat' dir='ltr'>a</span> <span class='ocrx_word' id='word_1_428' title='bbox 1246 2395 1390 2427; x_wconf 78' lang='lat' dir='ltr'>ratione,</span> <span class='ocrx_word' id='word_1_429' title='bbox 1408 2384 1574 2418; x_wconf 75' lang='lat' dir='ltr'>hommem</span> <span class='ocrx_word' id='word_1_430' title='bbox 1593 2395 1678 2430; x_wconf 68' lang='lat' dir='ltr'>prius</span> 
     </span>
    </p>
   </div>
  </div>
 </body>
</html>
