1857 2745
406 149 473 190 478
803 134 1369 179 ..METAPHYsicfflx

404 193 586 229 iiibstantiae
602 190 732 226 effluvia
744 192 798 224 vix
812 188 924 225 referri
937 186 1077 237 polsunr.
1100 191 1152 224 Sic
1167 189 1246 238 lapis
1263 189 1474 239 nephriticus,
1493 201 1529 225 ut
1545 191 1651 228 multis
1662 196 1794 244 expeti.

404 243 524 277 mentis
534 251 736 288 compertum
751 249 866 287 putant
878 266 888 280 ,
899 237 966 274 solo
982 239 1134 275 conta-stu
1149 239 1277 273 dolores
1291 239 1487 288 nephriticos
1499 239 1626 276 inhibet
1638 242 1694 278 :fic
1707 245 1794 280 mul.

410 292 435 325 ti
459 289 579 337 lapides
589 299 814 337 erumpentem
827 286 1009 336 [anguinem
1025 286 1151 323 sistunt:
1168 287 1207 325 fic
1220 288 1433 338 hydrargyrus
1444 300 1535 336 aquae
1548 291 1693 326 incodkus
1709 292 1793 330 nihil

409 340 448 373 de
466 337 515 373 sua
529 337 699 373 substantia
712 339 852 373 amittit:
866 341 901 373 &
919 347 1030 372 tamen
1044 347 1129 383 aqua
1137 338 1188 371 cui
1205 337 1347 373 incodkus
1366 337 1427 372 fuit
1445 364 1454 380 ‚
1472 349 1642 385 puerorum
1662 352 1790 379 vermes

408 399 533 424 enecat.
552 386 660 422 Multa
670 389 704 422 in
721 387 883 430 hancrem
896 385 1004 422 afferri
1026 382 1152 433 polsunt
1172 397 1243 433 quae
1264 388 1320 422 vix
1341 399 1397 435 per
1417 385 1552 423 effluxus
1573 386 1790 428 substantiales

408 438 620 485 explicantur.
640 437 853 486 Qamquani
862 434 895 468 id
907 446 1038 482 quoque
1048 435 1254 469 concedimus
1265 463 1275 478 ,
1289 435 1460 482 qualitates
1477 437 1598 471 activas
1615 465 1626 481 ‚
1646 436 1667 472 si
1685 440 1791 476 minus

407 498 520 520 omnes
532 515 541 530 ‚
558 484 671 520 saltem
689 496 806 533 magna
820 496 857 519 ex
871 495 961 531 parte
976 486 1051 518 cum
1064 481 1201 519 effluviis
1215 483 1404 531 quibusdam
1416 495 1600 520 atomorum
1609 515 1618 530 ‚
1632 498 1689 522 aut
1703 486 1792 536 spiri-

408 546 496 570 tuum
507 547 578 582 quae
603 546 620 568 e
642 531 828 583 corporibus
846 531 916 581 ipsis
929 532 1000 567 sunt
1018 533 1170 581 decerpta
1182 561 1193 576 ,
1220 532 1281 567 esse
1299 533 1506 580 conjunfikas3
1527 546 1598 581 quae
1622 547 1702 571 vero
1722 536 1791 574 sunt

397 582 535 631 'paffivae
556 587 591 620 &
618 585 756 627 inertes,
773 593 807 617 ut
824 581 998 617 humiditas
1011 610 1020 625 ,
1043 579 1162 617 siccitas
1179 610 1190 625 ‚
1209 582 1342 618 durities
1356 611 1367 626 ‚
1385 580 1569 618 fl,xibilitas
1583 611 1594 628 ,
1611 585 1692 620 nihil
1719 585 1790 622 fere

404 631 474 668 sunt
486 644 602 681 praeter
619 633 734 667 modos
758 660 769 674 ,
788 642 844 666 aut
862 631 1052 667 affectiones
1075 630 1260 667 substantiae.

440 682 523 730 Opp.
537 695 564 717 2·
583 681 792 727 Qalitatum
802 682 963 729 originem
977 679 1065 716 nulla
1078 682 1198 716 mentis
1211 682 1390 729 agitatione
1402 682 1540 732 intelligi
1555 681 1656 732 poise,
1669 683 1788 721 nedum

405 731 566 778 explicari.
585 731 667 765 Non
683 732 770 765 enim
778 732 950 779 gignuntur
961 759 970 773 ,
985 742 1058 764 cum
1076 741 1116 764 ex
1137 732 1274 765 materia
1294 743 1361 765 non
1376 732 1543 776 constent3
1560 744 1624 767 non
1644 731 1789 768 educun-

406 790 454 813 tur
471 777 642 828 &subjetsto
655 807 664 822 ,
679 781 787 828 inquo
803 792 869 814 non
881 781 955 814 aem
968 781 1104 814 inerant.
1128 780 1235 825 Atque
1246 790 1282 813 ut
1291 778 1465 826 qualitates
1479 794 1550 827 quae
1569 780 1717 816 modales
1736 783 1788 816 di.

405 839 529 872 cuntur,
543 839 578 864 ut
594 827 704 877 figura,
715 831 783 863 imo
794 833 827 865 &
838 827 1012 863 humiditas
1022 856 1032 871 ,
1043 838 1096 862 aut
1106 825 1410 871 ficcita5,educantur
1424 830 1440 865 ὲ
1452 828 1594 878 [ιώ]εὲὶο
1604 858 1616 873 ,
1644 842 1712 866 non
1723 832 1788 866 uti-

402 889 467 924 que
480 877 651 925 qualitates
667 876 852 921 a&iiosae,ut
861 877 948 912 calor
961 889 1000 911 ex
1011 889 1106 924 aqua,
1119 876 1170 911 lux
1181 889 1219 911 ex
1240 878 1324 911 a'e're.
1337 877 1448 912 Restat
1459 880 1555 927 igitur
1574 890 1609 913 ut
1624 891 1680 926 per
1695 891 1788 914 crea..

404 927 529 962 tionem
548 927 786 975 producantur:
805 938 905 973 atque
914 938 950 961 ut
967 925 1097 961 fortaffe
1108 926 1142 959 id
1152 937 1264 959 verum
1275 924 1311 960 sit
1325 925 1366 959 de
1379 926 1591 973 qualitatibus
1602 956 1612 970 ‚
1621 939 1692 974 quae
1715 928 1787 963 sunt

402 973 654 1023 supernaturales
665 1005 673 1019 ‚
683 975 763 1011 illud
772 986 884 1010 tamen
893 975 933 1009 de
951 975 1069 1009 caeteris
1078 973 1246 1008 dicinullo
1256 973 1356 1008 modo
1370 975 1479 1022 potest
1494 989 1502 1011 τ
1521 988 1598 1011 nam
1615 974 1785 1012 absurdum

402 1025 530 1060 viderur
545 1026 705 1067 calorem,
716 1027 952 1072 autimpetuni,
968 1035 1023 1058 aut
1040 1022 1151 1058 lumen
1164 1022 1183 1058 ἐι
1194 1021 1262 1057 solo
1280 1025 1355 1057 Deo
1369 1026 1490 1067 creari,
1505 1037 1579 1060 cuni
1592 1037 1697 1060 rerum
1707 1037 1786 1074 pro..

403 1076 560 1108 creationi
585 1088 652 1109 non
665 1073 765 1108 desint
779 1073 873 1107 causae
886 1071 1055 1108 naturales-

438 1123 525 1170 Resp.
541 1122 615 1157 huic
640 1133 833 1170 argumento
863 1132 1038 1166 utcumque
1064 1119 1263 1156 satisfa&um
1287 1120 1359 1156 fore
1385 1123 1418 1171 in
1434 1121 1564 1170 Physica
1596 1136 1604 1158 :
1637 1123 1782 1159 tollenda

402 1182 527 1205 tantum
537 1171 579 1205 est
593 1172 808 1218 homonymia
827 1182 900 1216 quae
912 1168 992 1204 latet
1006 1171 1038 1204 in
1060 1180 1140 1203 voce
1151 1170 1342 1206 eduffionis.
1369 1172 1457 1206 Nam
1470 1170 1489 1204 fi
1511 1183 1548 1205 ea
1564 1178 1689 1207 tantum
1707 1174 1784 1208 edu-

399 1231 534 1262 cuntur,
553 1232 622 1267 quae
642 1231 792 1254 eruuntur
807 1220 823 1254 ὲ
840 1217 1064 1266 subje&0,solae
1076 1217 1246 1264 qualitates
1265 1231 1336 1265 qua:
1361 1221 1439 1253 citra
1460 1218 1634 1269 subjeetum
1653 1224 1780 1270 concipi

398 1281 465 1303 non
480 1267 605 1316 polsuiit
618 1298 626 1311 ‚
638 1280 776 1316 quaeque
787 1266 856 1302 sunt
877 1279 1002 1302 tantum
1023 1267 1114 1301 modi
1132 1265 1325 1311 substantiae‚
1341 1270 1471 1316 proprie
1495 1270 1693 1314 educuntur,
1713 1284 1780 1306 non

399 1320 480 1352 item
498 1329 614 1352 creterae
632 1347 641 1360 ,
663 1330 733 1364 quae
750 1318 850 1364 tnagis
869 1318 1105 1364 propagatione
1124 1327 1318 1363 generantur
1337 1346 1346 1360 ,
1371 1329 1469 1363 quam
1485 1318 1679 1362 eduCtione·,
1698 1331 1780 1366 quas

400 1378 510 1402 tamen
528 1379 568 1401 eo
580 1365 665 1402 sensu
676 1366 768 1400 educi
782 1366 915 1399 dicimus
928 1393 938 1408 ,
953 1365 1041 1411 quod
1057 1363 1136 1399 fiant
1150 1365 1235 1408 actu,
1247 1378 1320 1399 cum
1340 1377 1436 1400 antea
1449 1365 1546 1400 essent
1561 1367 1779 1414 potestate,uti

397 1417 439 1449 de
456 1414 633 1450 formarum
653 1413 843 1463 origine-suo
860 1413 933 1447 loco
950 1413 1132 1448 dicendum.

438 1464 572 1508 Instant.
591 1463 777 1510 Qalitates
793 1474 834 1497 ex
862 1474 927 1497 uno
946 1464 978 1496 in
1006 1460 1277 1510 aliudsnbjestum
1299 1463 1436 1510 migrare
1450 1474 1515 1497 non
1534 1460 1679 1510 possunt:
1701 1476 1780 1515 ergo

397 1515 632 1561 propagatione
647 1512 710 1561 ipsa
727 1525 792 1547 non
809 1522 1025 1559 procreantur.

433 1563 521 1607 Resp.
538 1564 594 1598 vix
608 1561 706 1595 ullam
723 1561 829 1596 afferri
847 1559 934 1609 polse
946 1559 1140 1606 qualitatem
1151 1589 1158 1602 ,
1173 1571 1243 1606 quae
1262 1557 1401 1594 solitarie
1412 1589 1421 1603 ‚
1435 1566 1468 1597 &
1479 1561 1559 1594 citra
1571 1559 1777 1598 substantiam

395 1608 539 1656 aliquam
560 1610 756 1646 diffiiiidatur
770 1608 848 1645 :nifi
862 1609 946 1644 forte
958 1611 1115 1657 impetum
1127 1608 1227 1656 ipsum
1240 1637 1249 1652 ,
1261 1620 1316 1643 aut
1327 1620 1453 1644 motum
1467 1611 1621 1658 excipias,
1637 1612 1691 1657 qui
1702 1623 1779 1658 pro-

396 1661 465 1705 prie
476 1671 514 1693 ex
528 1672 594 1694 uno
605 1660 748 1707 subjecto
759 1663 792 1694 in
807 1659 893 1694 aliud
906 1671 974 1694 non
991 1657 1222 1700 comnieat,sed
1237 1657 1334 1692 alium
1344 1660 1516 1706 impetum,
1532 1670 1587 1693 aut
1599 1670 1724 1694 motum
1737 1659 1776 1694 fi.

396 1707 428 1741 bi
440 1707 572 1743 similem
582 1722 624 1744 ex
631 1710 724 1743 certis
735 1708 776 1743 ab
788 1708 923 1743 authore
937 1719 1057 1742 naturae
1073 1707 1197 1742 sancitis
1211 1705 1333 1754 legibus
1351 1719 1510 1755 procreat.
1536 1711 1589 1743 De
1609 1706 1727 1744 lumine
1741 1714 1777 1746 ὅ(

394 1756 501 1791 calore
524 1758 644 1793 idoneo
666 1758 740 1792 loco
754 1758 871 1793 dicturi
889 1756 1002 1793 sumuS.

434 1807 470 1837 V
468 1818 561 1854 rgent
573 1821 580 1842 :
593 1819 784 1854 quocunque
797 1807 931 1841 nomine
949 1805 1084 1840 donetur
1098 1804 1151 1839 illa
1167 1803 1332 1852 qualitatis
1338 1806 1511 1888 fprodiicstio
1521 1835 1530 1848 ,
1543 1817 1598 1840 aut
1611 1817 1774 1855 propaga..

396 1856 442 1888 tio
454 1883 462 1896 ,
478 1868 515 1889 ea
528 1856 581 1890 vel
591 1856 679 1891 nulla
695 1857 758 1897 est5
777 1855 830 1889 vel
849 1854 930 1890 nihil
945 1858 1006 1889 erit
1018 1854 1072 1890 nisi
1091 1857 1229 1888 creatio:
1245 1866 1317 1888 nam
1363 1865 1374 1887 t
1388 1853 1555 1890 secundum
1578 1866 1709 1889 omnem
1721 1866 1776 1890 en-

395 1906 434 1936 tis
447 1907 618 1943 rationem.
653 1906 782 1941 Deinde
801 1906 919 1938 entitas
935 1903 989 1938 illa
1003 1903 1166 1951 qualitatis
1179 1933 1187 1946 ‚
1206 1914 1415 1949 quaecumque
1433 1916 1469 1936 ea
1487 1902 1523 1936 fir
1538 1930 1546 1943 ‚
1577 1905 1609 1938 in
1636 1901 1667 1935 se
1685 1900 1772 1938 stium

394 1951 495 1987 habet
513 1953 592 1990 effe:
611 1967 687 2003 ergo
701 1953 832 1989 subfistxt
844 1982 852 1996 ,
866 1958 899 1990 δε
913 1966 970 2002 per
986 1952 1015 1987 se
1028 1965 1168 1996 creatur,
1182 1965 1252 1986 cum
1267 1963 1304 1985 ex
1315 1954 1449 1986 materia
1459 1957 1491 1989 δε
1502 1951 1607 1986 forma
1618 1963 1683 1985 non
1693 1963 1772 1988 con-

392 2001 453 2035 stet
464 2030 473 2044 ,
483 2015 589 2049 neque
606 2005 689 2038 adeo
703 2014 882 2052 generetur.
1758 2018 1761 2019 ⁷

426 2050 515 2099 Resp,
529 2064 597 2100 neg.
614 2064 682 2088 ant.
704 2054 772 2087 Res
785 2055 870 2086 enim
885 2064 953 2086 non
968 2062 1103 2093 creatur,
1122 2061 1192 2096 quae
1212 2063 1249 2085 ex
1264 2051 1324 2085 alia
1334 2050 1379 2085 sui
1397 2047 1485 2083 fimili
1497 2050 1658 2096 originem
1671 2049 1768 2094 ducit,

392 2103 426 2133 &
442 2099 480 2132 ad
498 2104 582 2147 cujus
601 2101 850 2149 productionem
859 2098 1033 2148 subjeetum
1044 2098 1142 2148 ipsum
1155 2098 1323 2147 conspirat.
1337 2101 1427 2135 Nam
1439 2097 1468 2130 id
1485 2096 1594 2131 fiiltem
1613 2098 1768 2132 deterrui-

390 2159 445 2181 nat
454 2147 628 2183 effectricis
647 2149 741 2184 causae
757 2151 1070 2194 affloneiii,eamqiie
1082 2148 1239 2184 sustentat.
1253 2150 1299 2183 Ac
1312 2148 1386 2181 licet
1399 2145 1534 2192 qualitas
1550 2145 1635 2180 suum
1648 2145 1768 2182 habeat

390 2196 531 2236 asemon
544 2198 663 2233 idcirco
685 2198 834 2234 subsistit:
852 2210 958 2244 neque
970 2197 1045 2233 ideo
1063 2196 1234 2233 substantia
1246 2198 1308 2231 dici
1330 2195 1435 2244 potest
1449 2224 1457 2236 ‚
1473 2196 1559 2242 quod
1581 2197 1612 2228 in
1631 2194 1660 2229 se
1681 2194 1767 2230 suam

390 2244 510 2280 habeat
523 2248 728 2283 existentiam
744 2262 834 2285 :cuni
846 2248 1007 2282 existentia
1017 2247 1058 2282 ab
1076 2245 1140 2295 ipsa
1151 2249 1287 2280 entitate
1300 2258 1365 2280 non
1382 2244 1417 2279 fit
1435 2245 1598 2286 distinera3
1614 2255 1720 2290 neque
1732 2247 1766 2279 in

390 2306 427 2326 ea
439 2297 517 2330 utin
532 2295 671 2343 subjecto
683 2301 865 2342 recipiatur.
876 2299 949 2333 Nec
960 2296 1090 2332 demum
1103 2295 1181 2330 illud
1195 2293 1361 2328 absurdum
1376 2295 1478 2327 videri
1497 2291 1614 2336 debet,
1633 2292 1653 2328 fi
1674 2305 1765 2339 quae-

392 2342 464 2375 dim
483 2342 599 2379 (intres
610 2346 692 2381 adeo
710 2347 842 2383 infirma:
860 2352 891 2383 ὃ(
911 2358 1039 2389 tenues,
1051 2357 1085 2380 ut
1102 2357 1157 2394 per
1174 2343 1203 2378 se
1217 2342 1380 2379 consistere
1396 2341 1623 2390 iiequeant,sed
1635 2341 1702 2376 aliis
1713 2353 1765 2376 re-

392 2389 448 2423 bus
459 2391 568 2439 infixit,
593 2395 689 2444 iisque
704 2395 916 2433 sustineantur.
