1857 2745
299 125 357 161 618
730 120 1217 157 METAPHYSICAE
1289 156 1294 161 ,

293 170 450 222 ptaesentis
460 198 469 212 ‚
484 173 518 206 δε
529 170 704 205 interiturae
715 170 896 216 imaginem
903 168 1080 204 elaborare.
1095 171 1223 204 Veritas
1233 180 1350 206 aeterna
1363 170 1486 218 semper
1500 169 1577 204 inest
1593 182 1685 205 men-

300 224 323 256 ti
335 238 344 264 3
356 219 408 254 sed
425 228 515 252 mens
528 230 593 251 non
616 216 737 265 semper
751 216 805 265 ipsi
825 229 917 252 vacat
929 234 938 262 3
952 216 1109 252 senfibili'a
1128 216 1251 266 possunt
1275 219 1396 263 videri,
1416 224 1450 256 ὃ(
1467 231 1533 254 non
1547 217 1660 253 habeti
1677 233 1692 254 :2

297 269 352 304 sed
367 269 540 301 veritatem
569 265 667 300 habet
681 295 691 309 ,
719 266 859 314 quisquis
879 267 981 303 videt.
1005 266 1099 303 Nihil
1116 271 1283 316 cognatius
1304 270 1435 303 veritati
1454 267 1553 315 quam
1573 280 1693 310 mens3.

297 315 384 352 nulla
395 312 476 349 vero
490 316 630 362 imagine
650 314 863 363 repraesentari
874 316 994 364 potest,
1015 315 1101 351 nulla
1115 313 1231 360 species
1247 330 1320 351 eam
1337 319 1455 352 imitati
1468 345 1478 359 ‚
1500 315 1563 350 sola
1583 316 1627 350 est
1643 315 1694 351 sur

298 363 416 400 similis.
431 364 530 400 Unde
542 362 657 410 species
676 376 782 398 creata
794 394 802 407 ‚
817 363 836 398 si
850 377 919 410 quae
932 363 968 399 fit
981 393 991 407 ‚
1014 377 1085 399 eam
1104 363 1271 400 obscurare
1291 367 1411 414 potest,
1436 377 1503 400 non
1521 364 1694 401 illustrare.

338 416 458 460 Neque
472 423 580 446 tamen
592 413 613 445 ii
623 411 726 447 sumus
739 442 747 455 ,
773 417 829 460 qui
845 416 952 449 Deum
969 416 1001 448 in
1011 414 1070 448 hac
1081 415 1147 447 vita
1159 414 1180 449 ἐι
1196 414 1293 449 nobis
1307 415 1411 449 videri
1420 416 1518 449 etiam
1533 426 1588 460 per
1605 413 1690 448 subi-

303 475 369 505 tas,
389 460 594 498 &intercisas
611 459 844 497 coruscationes
855 461 1061 498 arbitremur,
1086 464 1190 497 Nemo
1209 466 1290 497 enim
1302 491 1309 502 ‚
1336 465 1440 510 inquit
1463 461 1528 509 ipse
1539 490 1549 505 ‚
1569 475 1617 495 me
1634 465 1689 496 ‘m‘-v

301 510 390 546 debit
410 510 448 544 &⁴
466 512 569 546 vivet.
591 510 728 559 Qanta
746 523 868 558 quanta
884 509 920 546 fit
939 510 992 546 lux
1009 511 1064 546 illa
1076 511 1194 546 divinae
1207 523 1408 560 naturaequae
1421 509 1519 546 nobis
1533 509 1691 559 splendet,

302 572 374 595 eam
386 572 451 594 non
463 557 518 593 nisi
531 560 653 594 minute
667 589 675 602 ‚
696 559 829 606 oblique
840 588 850 604 ‚
863 566 897 597 δε
910 559 1082 608 caliginose
1092 560 1238 596 videmus
1249 563 1281 596 in
1292 561 1350 595 hac
1371 562 1451 596 vita.
1470 562 1559 596 Nam
1573 570 1609 593 ur
1618 559 1696 606 pul-⁷

303 610 378 644 chre
388 610 448 641 Vir
459 620 534 642 mox
547 606 690 642 laudatus
701 638 710 652 ‚
732 608 808 643 fidei
819 608 985 657 disciplina
995 612 1127 657 aenigma
1141 609 1203 650 est3
1223 621 1373 645 creaturae
1387 608 1539 656 cujusque
1552 607 1604 643 vel
1616 620 1693 656 prae-

305 656 498 693 stantiffimae
510 656 753 705 tepraesentatio
762 657 924 706 speculum
937 648 1093 708 estQd
1103 656 1123 692 fi
1133 669 1241 693 autem
1253 657 1287 693 fit
1302 659 1450 705 quaedam
1462 656 1697 693 intelleetionis*

304 706 490 742 scintillatio
505 733 515 748 ‚
532 717 606 739 raro
616 718 654 740 ea
664 709 826 754 contingit
839 736 848 750 ‚
868 712 903 744 δε
917 706 1328 749 estinonientane331initil
1346 708 1440 742 datur
1457 735 1467 749 ,
1488 711 1519 742 &
1530 704 1692 740 subtrahi-

305 767 366 791 tur.
381 758 424 789 Ea
436 754 561 789 claritas
572 783 582 798 ‚
601 767 658 789 aut
675 755 782 804 fulgor
797 755 1052 803 phantasmatum
1064 756 1205 802 undique
1230 754 1439 792 insilientium
1456 754 1594 802 caligine
1613 766 1694 789 con..

304 804 464 839 funditur.
476 805 664 851 Repentina
680 804 848 853 fulgurant
856 804 977 840 lumina
992 819 1000 840 2
1020 818 1085 841 nox
1104 816 1214 840 tamen
1230 806 1282 841 est.
1304 805 1406 852 Qiod
1417 803 1438 839 ὲ.
1451 803 1549 851 longe
1563 802 1693 851 suspica-

305 865 375 888 mur
387 882 396 896 ‚
421 866 489 888 non
499 852 645 887 videmus
661 869 669 895 3
692 865 801 888 coram
818 854 866 888 est
883 859 917 890 &
936 853 1148 902 splendidum,
1161 851 1211 888 sed
1225 855 1380 889 accedere
1396 864 1540 901 oportet3
1554 864 1613 887 nec
1627 863 1699 887 tam·

307 904 487 945 intuemur,
513 900 611 948 quam
633 902 673 936 ad
696 903 890 938 intuendum
905 904 1100 938 invitamur:
1124 914 1164 937 ex
1189 915 1280 951 parte
1302 904 1389 937 enim
1402 899 1621 949 cognoscimus
1635 929 1644 946 ‚
1659 912 1700 936 uu

309 951 408 985 docet
426 950 603 998 Apostolus.

335 999 505 1047 Qidquid
522 1001 666 1034 veritaris
678 997 773 1034 nobis
781 997 972 1049 affulget,ex
984 1003 1061 1036 Deo
1072 1001 1118 1035 est
1132 1015 1140 1037 :
1156 1013 1215 1035 nec
1228 1012 1336 1038 tamen
1350 1003 1456 1036 Deum
1469 999 1590 1034 idcirco
1606 997 1699 1032 videa

311 1050 482 1084 mus.Nam
496 1048 661 1084 daemones
678 1050 824 1084 veritatis
833 1049 958 1098 regulas
971 1050 1275 1087 contuentur-Unde
1289 1049 1445 1096 ejusmodi
1457 1050 1576 1083 veritas
1594 1048 1695 1095 magis

312 1098 437 1132 auditur
453 1125 461 1139 ,
486 1096 584 1143 quam
600 1099 749 1133 cernitur.
770 1100 861 1133 Hinc
875 1100 958 1146 Aug.
975 1099 1072 1132 docet
1090 1098 1150 1135 l.2..
1162 1099 1202 1133 de
1220 1097 1309 1133 serm.
1335 1100 1419 1133 DAn
1439 1108 1562 1139 monte,
1581 1097 1703 1131 mirum·

312 1159 379 1180 non
394 1145 454 1179 esse
464 1146 552 1191 quod
566 1149 654 1180 Deus
668 1146 800 1180 testante
812 1145 954 1195 hb.J0b.
965 1159 1036 1181 cum
1051 1146 1184 1183 diabolo
1199 1146 1235 1182 fit
1250 1147 1370 1182 locutus
1381 1176 1390 1190 ‚
1407 1159 1478 1180 cum
1496 1147 1618 1180 animas
1637 1147 1697 1179 im—

310 1197 439 1242 piorum
453 1194 601 1239 quotidie
620 1193 816 1239 alloquatur.
831 1195 970 1230 Etserm.
984 1202 1027 1230 16.
1044 1196 1084 1229 de
1098 1195 1225 1231 diverfis
1244 1197 1384 1230 advertit
1398 1197 1429 1229 in
1450 1192 1601 1242 lib.Job.
1621 1205 1698 1227 cau·

314 1241 434 1277 tiffime
455 1243 518 1275 dici
541 1240 628 1289 quod
649 1241 796 1276 diabolus
821 1244 852 1277 in
873 1242 1079 1291 conspedtum
1096 1246 1158 1279 Dei
1176 1246 1319 1287 venerit,
1338 1257 1404 1279 non
1421 1245 1509 1277 Deus
1523 1255 1554 1276 in
1565 1240 1699 1290 conspe-

313 1292 401 1325 &um
416 1288 547 1326 diaboli.
570 1292 648 1325 Non
661 1292 748 1324 enim
765 1292 789 1323 is
805 1291 896 1326 videt
911 1295 1042 1334 Deum,
1060 1304 1096 1326 ac
1106 1304 1211 1328 totum
1228 1292 1305 1327 illud
1321 1305 1421 1341 genus
1432 1291 1562 1326 videndi
1576 1294 1711 1333 Deum,

312 1341 352 1373 de
375 1352 439 1386 quo
460 1338 545 1386 ,saepe
559 1341 640 1385 Aug.
675 1339 721 1372 est
755 1338 969 1386 symbolicum
991 1353 999 1374 ε
1032 1339 1103 1374 sunt
1123 1344 1211 1376 euim
1235 1340 1388 1387 spiritalia
1411 1339 1558 1387 symbola
1578 1338 1697 1387 quibus

312 1391 405 1425 Deus
430 1389 554 1421 eminus
570 1386 774 1434 conspicitur·

348 1436 429 1471 Illud
445 1434 522 1470 vero
540 1439 624 1469 inter
637 1436 753 1471 Adami
769 1434 927 1471 visionem
945 1442 979 1474 &
995 1436 1136 1472 nostram
1156 1436 1341 1473 discriminis
1364 1436 1424 1473 effe
1447 1436 1699 1474 existimatTho-

316 1484 461 1521 massmus
480 1514 489 1527 ,
507 1483 593 1532 quod
607 1483 661 1518 illa
678 1485 718 1518 ad
734 1484 864 1520 libitum
875 1488 1024 1533 perennis
1037 1484 1097 1520 esse
1112 1485 1209 1534 poffit
1219 1486 1309 1522 nullo
1320 1486 1578 1536 phantasmatum
1591 1486 1700 1529 fluCtu,

316 1534 369 1570 vel
381 1546 527 1568 curatum
540 1533 615 1567 aestu
631 1532 848 1582 obstrepente.
872 1536 955 1569 Haec
967 1533 1045 1569 vero
1059 1535 1101 1569 est
1115 1537 1457 1579 momentanea‚statim
1467 1534 1700 1571 recurrentibus

317 1581 563 1631 phmtasmatis,
579 1594 648 1616 rara
661 1610 671 1624 ,
693 1587 726 1618 &
739 1582 942 1620 difficillimae
962 1585 1111 1631 Utraque
1124 1595 1233 1619 tamen
1255 1585 1359 1619 videri
1379 1586 1481 1633 potest
1499 1583 1675 1632 symbolica
1685 1602 1703 1628 -3

317 1630 405 1667 nulla
423 1630 556 1676 quidem
566 1629 748 1678 interposita
766 1634 908 1680 imagine
920 1661 929 1676 ‚
951 1630 1004 1668 sed
1025 1632 1090 1681 ipsa
1102 1632 1339 1682 longinquitate
1359 1633 1532 1682 caliginem
1548 1633 1702 1669 inducen-

319 1693 351 1714 te
369 1708 377 1721 ‚
399 1691 457 1714 nec
476 1682 583 1714 Deum
598 1678 684 1714 sicuti
696 1681 741 1714 est
756 1681 867 1716 videre
878 1685 1101 1730 permittente-

350 1728 450 1764 Unde
469 1740 504 1762 ut
526 1727 581 1776 ipfi
603 1730 738 1776 quidem
752 1730 902 1774 videtur,
923 1733 1129 1780 Peripatetici
1147 1734 1289 1767 animam
1311 1733 1486 1768 humanam
1503 1733 1543 1766 ad
1561 1732 1700 1766 materiae

319 1778 522 1812 conditiones
540 1778 747 1825 dejecerunt,
778 1784 812 1815 &
834 1791 944 1814 mente
956 1779 1118 1823 carnalem
1137 1780 1307 1816 hominem
1328 1781 1476 1817 fecerunt
1498 1798 1507 1824 ;
1539 1780 1702 1816 Platonici

319 1838 413 1861 carne
426 1825 613 1861 mentalem.
633 1829 677 1861 Hi
692 1826 851 1863 finxerunt
860 1827 1029 1863 hominem
1046 1828 1150 1876 qualis
1169 1828 1231 1863 esse
1246 1830 1348 1865 debet
1359 1858 1368 1872 ‚
1387 1836 1420 1867 ὃς
1434 1829 1535 1877 qualis
1550 1829 1610 1864 fuit
1625 1839 1701 1863 ante

317 1875 419 1922 quam
437 1873 611 1911 laberetur.
627 1875 678 1910 llli
691 1888 839 1911 naturam
854 1890 920 1913 non
932 1878 1138 1913 distinxerunt
1157 1877 1176 1914 ὲ
1192 1890 1288 1926 poena
1299 1908 1308 1922 ,
1331 1881 1551 1922 integritatem
1567 1877 1587 1912 ὲ
1600 1879 1699 1911 ruina.

321 1922 423 1981 Qffl
439 1936 530 1959 mens
540 1923 671 1972 superne
686 1926 854 1961 irradietur
866 1956 875 1970 ,
893 1926 982 1974 quod
996 1929 1112 1963 cuneta
1123 1940 1189 1962 non
1205 1928 1363 1977 intelligat
1382 1919 1438 1976 pet
1460 1924 1679 1976 phantasmata
1691 1954 1701 1969 ‚

319 1973 407 2021 quod
418 1971 552 2008 sensibus
567 1973 751 2010 dominetur
763 2004 772 2017 ,
786 1975 850 2009 haec
862 1976 989 2011 videtur
1002 1976 1145 2024 suprema
1158 1976 1210 2011 lex
1222 1988 1345 2011 naturae
1356 2006 1365 2020 ,
1385 1982 1419 2013 ὅ(
1437 1977 1477 2010 ad
1487 1976 1584 2010 animi
1599 1974 1704 2023 digni*

320 2034 421 2057 tatem
438 2024 609 2058 uertinete.
624 2026 667 2059 At
680 2023 759 2059 vero
772 2023 859 2070 quod
874 2037 965 2059 mens
978 2025 1156 2072 corporalia
1182 2025 1323 2073 primuni
1348 2024 1487 2061 consulat
1500 2052 1509 2066 ,
1533 2023 1602 2057 haec
1615 2023 1710 2058 forte·

322 2071 368 2105 est
385 2070 506 2104 ordinis
531 2071 735 2118 perversitas,
756 2078 790 2108 &
808 2084 922 2107 naturae
940 2074 1104 2114 aetzritudo.
1120 2077 1157 2108 In
1174 2075 1283 2108 medio
1294 2073 1391 2123 posita
1410 2086 1474 2108 non
1489 2074 1594 2120 potuit
1612 2071 1701 2115 labi,
1738 2101 1741 2104 .

321 2121 400 2166 quin
412 2120 450 2152 ad
462 2117 576 2153 infima
593 2120 812 2155 descenderet.
825 2118 1038 2165 Erraverunt,
1056 2124 1163 2168 inquit
1175 2152 1184 2164 ‚
1204 2123 1378 2165 Platonici,
1396 2121 1448 2156 sed
1469 2119 1676 2155 excusabilius
1690 2148 1702 2162 ‚

323 2167 412 2214 quod
430 2167 556 2214 culpam
575 2168 713 2204 hominis
726 2183 791 2204 non
802 2171 942 2204 vid-“rint
957 2188 965 2213 ;
986 2183 1170 2206 erraverunt
1183 2173 1406 2220 Peripatetici,
1425 2169 1475 2204 sed
1495 2170 1631 2212 foedius,
1645 2168 1707 2216 qui*

323 2218 515 2265 dignitatem
525 2219 638 2253 animre
650 2218 735 2265 quisi
754 2218 821 2252 luto
844 2217 1036 2266 asperserunt
1051 2250 1058 2259 ,
1078 2233 1115 2254 ,ις
1133 2232 1276 2256 mentem
1292 2222 1417 2267 corpori
1431 2217 1701 2265 subjicere‚quam

325 2277 435 2313 corpus
459 2268 560 2299 menti
582 2269 744 2303 vindicare
764 2267 954 2304 maluerunt.
989 2268 1113 2304 Verum
1143 2271 1183 2303 ad
1214 2270 1392 2304 institutum
1419 2269 1563 2303 nostrum
1589 2267 1702 2301 redea-

330 2326 408 2348 nius.

364 2363 450 2409 Opp.
464 2365 531 2411 Qi
543 2364 743 2401 contendunt
752 2378 809 2401 nos
821 2377 957 2414 corpora
967 2378 1023 2414 per
1035 2365 1150 2416 species
1165 2365 1327 2406 distincitas
1340 2365 1381 2402 ab
1398 2365 1468 2415 ipsis
1480 2365 1701 2414 perceptioni-

1841 0 1857 112 ...ζ-μζ
