1857 2745
382 130 435 162 ¹70
910 111 937 146 L
961 111 996 146 O
1026 111 1055 147 G
1085 111 1100 144 1
1130 110 1160 146 C
1184 113 1224 147 AE
1250 110 1255 115 ”

353 198 362 206 ‚
395 201 404 207 ⁵
425 173 464 210 ς’.
486 164 575 199 Idem
594 164 662 197 fere
673 160 826 209 judicium
840 157 1010 194 ferendum
1029 160 1071 195 est
1084 160 1123 194 de
1141 158 1304 198 abstraCto
1323 160 1644 209 percipiendimodo:
1658 176 1776 200 caven-

363 203 460 249 *dum
477 214 600 260 quippe
611 210 656 245 est
670 222 711 245 ne
721 208 893 243 abstraeiis
909 214 943 245 &
961 208 1046 244 male
1057 208 1205 245 definitas
1226 212 1377 246 notiones
1389 238 1399 253 ,
1417 209 1512 246 rebus
1530 210 1600 260 ipsis
1613 213 1776 263 negleffis

383 264 518 297 omnino
535 259 782 308 persequamur,
796 270 867 306 quae
882 257 962 294 nihil
989 257 1067 307 saepe
1084 271 1256 308 procreant
1285 273 1384 307 quam
1417 272 1515 296 vanas
1532 266 1772 300 contentiones.

385 310 522 348 Dandai
548 312 610 345 itur
628 309 675 343 est
693 321 794 357 opera
812 320 853 344 ne
871 306 1071 357 praecisiones
1086 308 1149 344 illae
1160 308 1387 358 metaphysicae
1406 308 1532 359 longius
1547 324 1646 359 quam
1659 325 1715 362 par
1725 311 1776 358 fit,

385 372 443 395 nos
459 359 480 395 a
497 323 593 395 reffiiis
607 357 678 407 ipsis
691 357 867 393 abducant.
887 360 976 395 Nam
991 370 1026 393 ut
1039 370 1089 393 res
1100 359 1200 393 oculis
1221 362 1378 395 cernimus
1390 388 1400 403 ,
1412 372 1485 394 cum
1507 362 1588 395 radii
1601 361 1644 397 ab
1657 363 1777 399 eodem
1800 400 1803 402 ,

384 409 507 458 objesti
530 411 653 459 Ρυηέὶο
669 409 867 456 prodeuntes
882 409 914 443 in
927 406 1031 443 fundo
1045 407 1127 443 oculi
1139 408 1356 457 colliguntur:
1371 414 1381 454 (
1401 408 1485 443 secus
1504 412 1612 460 imago
1628 414 1661 447 in
1679 412 1778 448 oculo

383 460 514 508 depie‘ta
530 465 563 496 ὃ(
579 458 656 494 visio
674 457 740 506 ipsa
760 456 893 493 confusa
911 459 972 493 erit
990 463 1023 494 δε
1048 457 1253 507 perturbata:
1270 461 1282 502 )
1306 461 1358 493 Sic
1371 471 1463 494 mens
1478 473 1546 495 non
1563 463 1608 496 ita
1621 460 1742 509 procul
1759 459 1781 496 ὲ
1809 476 1813 477 ’

383 508 479 544 rebus
494 507 563 558 ipsis
578 521 636 558 per
648 506 904 543 abstractionem
929 507 976 542 est
998 509 1198 543 removenda
1218 537 1227 551 ,
1251 520 1285 543 ut
1305 508 1462 543 distinstae
1490 522 1597 544 rerum
1621 511 1780 559 imagines

381 560 416 594 in
454 571 527 594 eam
556 560 734 593 convenire
756 570 823 592 non
853 555 980 606 possint.
1019 556 1260 593 Communibus
1286 557 1419 605 quidem
1453 563 1487 596 ὃ(
1511 559 1624 607 logicis
1640 558 1779 595 vocibus

382 609 546 644 interdum
573 607 620 642 est
650 606 808 642 utendum
834 622 842 642 3
871 611 957 654 cujus
985 608 1112 656 generis
1139 607 1210 642 sunt
1232 609 1398 654 quantitas
1416 636 1426 650 ,
1459 620 1561 656 genus
1578 637 1588 652 ,
1607 607 1726 657 species
1745 614 1782 646 &

379 657 453 693 aliae
464 657 627 707 plurimae:
645 652 698 691 sed
712 669 778 691 non
796 658 953 692 continuo
964 654 1062 691 nobis
1073 655 1318 705 persuadeamus
1334 668 1387 691 eas
1399 656 1551 693 omnibus
1563 657 1658 693 rebus
1677 657 1782 707 expli-

381 708 491 742 caudis
503 705 658 743 sufficere.
682 708 771 743 Nam
783 705 804 740 si
815 708 886 753 quis
899 719 950 740 me
960 718 1055 754 roget
1065 718 1119 741 cur
1133 705 1179 740 sol
1192 720 1225 742 v.
1239 718 1270 753 g.
1281 705 1383 741 lutum
1395 707 1540 749 induret,
1552 719 1665 742 ceram
1677 707 1784 742 emol-

380 755 458 801 liat,
470 762 504 794 &
521 757 602 792 alios
613 755 744 791 subinde
770 754 906 791 effeetus
921 767 1092 803 procreet3
1106 767 1166 790 nec
1183 755 1287 798 inihi,
1307 766 1367 790 nec
1384 754 1430 790 illi
1450 755 1662 791 satisfecerim
1673 784 1684 799 ‚
1707 769 1784 792 cum

380 805 579 856 respondero
588 808 623 842 in
639 804 703 840 sole
716 807 782 840 vim
798 803 858 840 eise
870 834 879 849 ,
899 816 954 840 aut
971 804 1164 840 facultatem
1181 804 1348 839 indurandi
1366 803 1424 839 luti
1437 832 1448 847 ,
1463 818 1542 840 cerae
1564 804 1784 842 emolliendae.

384 856 535 904 Cumque
555 854 694 891 diversas
709 856 741 889 in
753 866 949 902 unaquaque
960 866 994 888 re
1005 883 1014 897 ,
1026 866 1061 890 ut
1074 856 1106 889 in
1123 856 1197 902 igne
1207 865 1262 888 aut
1275 852 1341 888 sole
1357 856 1511 889 entitates
1522 882 1532 897 ,
1548 867 1621 902 quae
1637 865 1688 889 tot
1701 853 1784 890 effe.

382 907 451 941 &us
467 916 655 954 procreant,
667 901 827 938 effinoam
839 932 849 947 ,
865 916 932 939 non
946 903 1065 938 idcirco
1079 903 1163 937 clare
1189 908 1222 939 δέ
1240 903 1385 938 distinete
1404 914 1553 940 naturam
1568 908 1631 952 ejus
1677 903 1783 947 etspe-

383 956 473 992 &am
489 953 648 990 habuero.
665 933 908 1001 Nihil-'quidem
920 952 939 988 ὲ
954 954 1092 987 veritate
1103 951 1248 987 alienum
1260 951 1412 994 dixerim,
1422 964 1497 988 cum
1507 955 1540 988 in
1553 955 1630 1002 igne
1645 916 1782 989 siculta-

380 1017 428 1040 tes
444 1004 556 1039 urendi
572 1033 582 1046 ,
595 1001 772 1038 exsiccandi
787 1013 843 1037 aut
857 1001 1043 1037 resolvendi
1060 1014 1195 1049 corpora
1212 999 1309 1036 inesse
1324 999 1478 1036 asseram:
1495 1001 1549 1038 sed
1580 1003 1647 1038 istae
1677 1015 1776 1038 voces

381 1052 485 1089 nullas
496 1055 529 1087 in
538 1064 651 1087 mente
666 1051 833 1085 distincias
848 1051 935 1099 ideas
951 1053 1103 1085 excitant.
1121 1050 1219 1086 Nihil
1236 1050 1322 1087 forte
1332 1049 1455 1086 habent
1467 1050 1632 1096 falsitatis,
1655 1049 1709 1086 sed
1733 1054 1784 1087 ni-

383 1101 430 1137 hil
443 1100 537 1148 plane
559 1098 758 1149 significant,
775 1111 882 1146 neque
900 1111 959 1133 nos
976 1097 1119 1134 efficiunt
1129 1099 1304 1135 doctiores.

418 1151 454 1184 Id
473 1152 570 1198 igitur
589 1151 730 1184 maxime
744 1149 973 1196 perceptiones
990 1147 1114 1183 nostras
1126 1147 1302 1184 confundit
1313 1177 1322 1192 ,
1339 1153 1373 1186 &
1388 1161 1521 1185 omnem
1540 1161 1624 1197 pene
1643 1152 1676 1185 in
1690 1149 1784 1186 disci-

386 1198 480 1249 plinis
492 1196 688 1247 progressum
705 1209 886 1232 remoratur
898 1226 907 1240 ,
918 1197 1006 1244 quod
1029 1209 1120 1232 mens
1139 1197 1178 1231 ad
1195 1199 1347 1232 notiones
1364 1199 1517 1245 quasdam
1537 1199 1704 1247 generales
1732 1202 1779 1234 ci-

388 1252 450 1284 tius
461 1261 560 1296 quam
574 1261 628 1296 par
639 1246 674 1283 sit
686 1277 695 1291 ,
706 1246 827 1283 evolet.
853 1248 943 1283 Nam
961 1245 1060 1282 fixum
1073 1246 1230 1293 quiddam
1241 1252 1274 1283 &
1287 1246 1459 1283 immobile
1471 1251 1555 1283 circa
1571 1248 1661 1295 quod
1681 1248 1774 1285 volvi

387 1294 493 1348 possit,
513 1297 702 1346 plerumque
717 1295 859 1332 affectat.
877 1297 963 1332 Cum
976 1294 1195 1332 anotionibus
1210 1295 1434 1332 determinatis
1453 1298 1494 1332 ad
1515 1297 1617 1346 magis
1634 1310 1784 1334 commu-

388 1361 445 1384 nes
458 1346 613 1396 paulatim
625 1352 658 1383 &
673 1345 786 1381 ordim
804 1345 1007 1394 progreditur
1021 1374 1031 1388 ,
1045 1357 1094 1380 res
1106 1346 1221 1392 utique
1235 1343 1321 1379 bene
1330 1344 1361 1380 se
1374 1345 1497 1382 habet:
1517 1357 1584 1381 tum
1603 1349 1691 1382 enim
1710 1360 1785 1396 qua:

388 1398 428 1431 ad
447 1398 525 1431 ideae
534 1395 665 1443 alicujus
677 1393 1000 1443 comprehensionem
1010 1393 1280 1443 pertinent‚velut
1293 1406 1351 1443 per
1361 1407 1467 1441 partes
1483 1397 1786 1443 examinat-,quidve

389 1446 512 1482 habeat
525 1457 599 1480 cum
613 1444 705 1479 rebus
716 1443 774 1477 sibi
787 1446 932 1493 cognatis
945 1456 1118 1479 commune
1128 1473 1137 1487 ,
1154 1448 1187 1479 &
1210 1444 1243 1478 in
1260 1456 1328 1490 quo
1343 1443 1385 1478 ab
1399 1446 1434 1478 iis
1445 1442 1603 1487 dissideat,
1617 1446 1784 1492 expendit.

390 1497 500 1542 Atque
516 1497 599 1529 inter
607 1493 858 1536 abstrafflones,
874 1505 946 1540 quae
966 1492 1110 1527 formalis
1124 1491 1224 1540 vulgo
1235 1492 1360 1535 dicitur,
1376 1505 1441 1539 qua
1449 1492 1572 1527 scilicet
1587 1495 1633 1527 tei
1644 1492 1786 1529 attribu-

392 1556 425 1579 ta
435 1542 573 1578 seorsum
583 1541 846 1590 spe&antur,plus
861 1540 964 1576 habet
972 1541 1122 1576 utilitatis
1135 1570 1145 1586 ,
1159 1553 1258 1588 quam
1267 1539 1439 1577 abstractio
1450 1541 1650 1579 universalis⁸
1661 1545 1714 1578 sic
1725 1555 1785 1592 pet

391 1591 568 1629 formalem
579 1592 621 1626 ab
628 1592 833 1629 straffionem
844 1593 880 1626 in
887 1602 967 1625 auro
977 1591 1114 1638 pondus,
1129 1590 1288 1633 colorem,
1303 1589 1465 1626 fixitatem
1479 1590 1641 1639 sigillatim
1662 1604 1786 1641 expen-

392 1643 506 1679 dimus.
531 1644 568 1676 In
584 1641 679 1676 rebus
699 1639 834 1689 physicis
857 1639 1029 1676 abstrafflo
1043 1638 1227 1675 universalis
1252 1639 1476 1676 confusionem
1502 1639 1581 1689 saepe
1606 1643 1788 1690 ingenerat.

393 1692 483 1726 Cum
498 1693 586 1725 enim
597 1691 682 1725 ideas
698 1690 893 1725 detrahimus
904 1718 913 1732 ‚
932 1702 1004 1736 quae
1020 1702 1089 1724 rem
1099 1689 1327 1732 determinant,
1338 1701 1433 1738 vagas
1445 1689 1636 1737 plerumque
1651 1695 1684 1727 &
1699 1689 1786 1726 male

394 1743 582 1775 terminatas
592 1753 699 1775 rerum
717 1741 869 1774 notiones
884 1737 1103 1774 abstrahendo
1114 1735 1307 1787 effingimus,
1326 1739 1380 1772 Sic
1397 1740 1466 1773 auri
1480 1738 1623 1774 formam
1644 1751 1698 1774 aut
1715 1739 1784 1774 dif.

393 1790 568 1826 ferentiam
579 1792 633 1824 vix
647 1788 807 1837 possumus
819 1790 930 1824 animo
941 1787 1104 1836 consequi.
1125 1787 1188 1823 Sed
1198 1787 1237 1822 de
1247 1787 1294 1822 his
1307 1798 1530 1833 tantum,nunc
1544 1788 1584 1823 de
1591 1788 1727 1837 judicio,
1745 1794 1781 1827 δε

392 1839 481 1875 illius
496 1852 610 1876 norma
627 1851 728 1888 pauca
744 1838 882 1874 dicenda
897 1836 980 1874 sunt.

749 1917 1298 1960 DISPUTVATIO
1356 1917 1422 1957 11.

819 2003 875 2034 De
890 2002 1110 2035 enuntiatione
1129 2028 1138 2042 ,
1156 1998 1194 2034 cs*
1217 1999 1346 2042 jndicio.

398 2085 662 2171 DEmateria
679 2081 814 2130 quidem
829 2081 1055 2132 propositionis
1069 2110 1078 2124 ,
1088 2079 1140 2115 seu
1153 2082 1194 2117 de
1205 2083 1349 2118 terminis
1370 2081 1492 2117 dietum
1511 2080 1553 2116 est
1567 2109 1576 2124 ,
1592 2093 1675 2117 nunc
1688 2082 1729 2115 de
1745 2080 1786 2116 il-

498 2133 557 2168 lius
572 2133 678 2169 forma
689 2137 722 2170 δε
732 2144 845 2168 natura
858 2132 1044 2168 dicendum.
1061 2131 1149 2166 Cum
1162 2144 1273 2168 autem
1286 2143 1323 2166 ea
1334 2129 1370 2165 sit
1382 2129 1502 2178 duplex
1512 2159 1521 2173 ,
1537 2132 1677 2165 exterior
1689 2136 1722 2167 &
1733 2133 1786 2166 in-

397 2183 551 2226 terior,de
566 2195 699 2230 utraque
714 2183 886 2231 agendum.
902 2184 954 2218 Sic
967 2194 1077 2218 tamen
1087 2193 1122 2216 ut
1135 2194 1205 2229 quae
1223 2185 1256 2216 in
1267 2180 1462 2228 compendio
1478 2179 1545 2214 fuse
1562 2178 1631 2214 sunt
1644 2178 1786 2225 explica„-

400 2246 431 2267 ω
444 2262 453 2275 ,
467 2246 532 2268 non
541 2244 734 2281 regeramus,
760 2233 835 2266 Hoc
848 2234 946 2281 igitur
959 2232 1033 2267 loco
1049 2244 1087 2266 ea
1100 2234 1260 2280 praecipue
1277 2242 1349 2278 quae
1368 2229 1406 2263 ad
1420 2232 1594 2264 veritatem
1607 2234 1640 2265 &
1666 2226 1785 2263 falsita-

402 2293 468 2316 tem
482 2281 707 2330 propositionis
729 2294 797 2316 tum
810 2283 971 2318 interioris
984 2311 993 2325 ,
1009 2293 1078 2316 tum
1091 2283 1258 2316 exterioris
1274 2282 1439 2328 pertinent
1453 2308 1462 2321 ,
1481 2277 1550 2313 sunt
1569 2277 1760 2325 exponenda
1774 2289 1784 2312 :

401 2330 477 2365 [Cim
489 2330 609 2378 reliqua
628 2331 695 2367 fere
706 2343 777 2379 quae
794 2331 834 2366 ad
845 2331 1097 2382 propositionem
1112 2330 1266 2380 spectant,
1280 2334 1347 2378 jam
1363 2328 1488 2364 fuerint
1498 2328 1700 2378 pertradiata.

1772 2360 1784 2374 d
