<?xml version="1.0" encoding="UTF-8"?>
<!DOCTYPE html PUBLIC "-//W3C//DTD XHTML 1.0 Transitional//EN"
    "http://www.w3.org/TR/xhtml1/DTD/xhtml1-transitional.dtd">
<html xmlns="http://www.w3.org/1999/xhtml" xml:lang="en" lang="en">
 <head>
  <title>
</title>
<meta http-equiv="Content-Type" content="text/html;charset=utf-8" />
  <meta name='ocr-system' content='tesseract 3.04.00' />
  <meta name='ocr-capabilities' content='ocr_page ocr_carea ocr_par ocr_line ocrx_word'/>
</head>
<body>
  <div class='ocr_page' id='page_1' title='image "./philosophiavetus01duhauoft_0384.png"; bbox 0 0 1857 2745; ppageno 0'>
   <div class='ocr_carea' id='block_1_1' title="bbox 390 121 1843 2424">
    <p class='ocr_par' dir='ltr' id='par_1_1' title="bbox 395 121 1694 171">
     <span class='ocr_line' id='line_1_1' title="bbox 395 121 1694 171; baseline -0.002 -9"><span class='ocrx_word' id='word_1_1' title='bbox 395 132 453 171; x_wconf 79' lang='lat'>366</span> <span class='ocrx_word' id='word_1_2' title='bbox 836 121 1289 160; x_wconf 74' lang='lat' dir='ltr'>PHILOSOPHIA</span> <span class='ocrx_word' id='word_1_3' title='bbox 1692 166 1694 169; x_wconf 32' lang='grc' dir='ltr'>Ι</span> 
     </span>
    </p>

    <p class='ocr_par' dir='ltr' id='par_1_2' title="bbox 394 170 1835 514">
     <span class='ocr_line' id='line_1_2' title="bbox 439 170 1780 222; baseline 0.001 -14"><span class='ocrx_word' id='word_1_4' title='bbox 439 176 486 209; x_wconf 85' lang='lat' dir='ltr'>Ae</span> <span class='ocrx_word' id='word_1_5' title='bbox 498 172 656 209; x_wconf 81' lang='lat' dir='ltr'>librorum</span> <span class='ocrx_word' id='word_1_6' title='bbox 670 170 795 218; x_wconf 65' lang='lat' dir='ltr'>‘quibas</span> <span class='ocrx_word' id='word_1_7' title='bbox 810 170 1001 219; x_wconf 72' lang='lat' dir='ltr'>prophetias</span> <span class='ocrx_word' id='word_1_8' title='bbox 1010 170 1278 219; x_wconf 63' lang='lat' dir='ltr'>&#39;compleetunt&#39;ut</span> <span class='ocrx_word' id='word_1_9' title='bbox 1290 170 1454 222; x_wconf 68' lang='lat' dir='ltr'>catalogus</span> <span class='ocrx_word' id='word_1_10' title='bbox 1469 171 1600 222; x_wconf 83' lang='lat' dir='ltr'>Regum</span> <span class='ocrx_word' id='word_1_11' title='bbox 1614 172 1780 214; x_wconf 75' lang='lat' dir='ltr'>Persarum</span> 
     </span>
     <span class='ocr_line' id='line_1_3' title="bbox 398 217 1835 274; baseline 0.003 -18"><span class='ocrx_word' id='word_1_12' title='bbox 398 220 600 268; x_wconf 79' lang='lat' dir='ltr'>temporibus</span> <span class='ocrx_word' id='word_1_13' title='bbox 612 219 672 253; x_wconf 88' lang='lat' dir='ltr'>fuit</span> <span class='ocrx_word' id='word_1_14' title='bbox 685 217 860 255; x_wconf 74' lang='lat' dir='ltr'>absolutus.</span> <span class='ocrx_word' id='word_1_15' title='bbox 883 220 938 256; x_wconf 91' lang='lat' dir='ltr'>Ne</span> <span class='ocrx_word' id='word_1_16' title='bbox 953 218 1038 255; x_wconf 75' lang='lat' dir='ltr'>forte</span> <span class='ocrx_word' id='word_1_17' title='bbox 1055 222 1124 266; x_wconf 88' lang='lat' dir='ltr'>quis</span> <span class='ocrx_word' id='word_1_18' title='bbox 1137 232 1193 255; x_wconf 90' lang='lat' dir='ltr'>eos</span> <span class='ocrx_word' id='word_1_19' title='bbox 1204 220 1307 270; x_wconf 89' lang='lat' dir='ltr'>longo</span> <span class='ocrx_word' id='word_1_20' title='bbox 1327 221 1399 269; x_wconf 86' lang='lat' dir='ltr'>post</span> <span class='ocrx_word' id='word_1_21' title='bbox 1416 232 1564 269; x_wconf 85' lang='lat' dir='ltr'>ternpore</span> <span class='ocrx_word' id='word_1_22' title='bbox 1581 224 1787 274; x_wconf 75' lang='lat' dir='ltr'>conscriptos</span> <span class='ocrx_word' id='word_1_23' title='bbox 1833 250 1835 255; x_wconf 86' lang='lat'><em>.</em></span> 
     </span>
     <span class='ocr_line' id='line_1_4' title="bbox 395 266 1778 318; baseline 0.003 -12"><span class='ocrx_word' id='word_1_24' title='bbox 395 269 573 306; x_wconf 66' lang='lat' dir='ltr'>cavilletur.</span> <span class='ocrx_word' id='word_1_25' title='bbox 611 270 649 304; x_wconf 87' lang='lat' dir='ltr'>Et</span> <span class='ocrx_word' id='word_1_26' title='bbox 671 279 759 304; x_wconf 86' lang='lat' dir='ltr'>cette</span> <span class='ocrx_word' id='word_1_27' title='bbox 774 267 872 305; x_wconf 83' lang='lat' dir='ltr'>Mosis</span> <span class='ocrx_word' id='word_1_28' title='bbox 892 266 994 303; x_wconf 88' lang='lat' dir='ltr'>libros</span> <span class='ocrx_word' id='word_1_29' title='bbox 1009 266 1135 317; x_wconf 84' lang='lat' dir='ltr'>semper</span> <span class='ocrx_word' id='word_1_30' title='bbox 1143 269 1249 317; x_wconf 88' lang='lat' dir='ltr'>Judaei</span> <span class='ocrx_word' id='word_1_31' title='bbox 1267 281 1358 305; x_wconf 90' lang='lat' dir='ltr'>tanto</span> <span class='ocrx_word' id='word_1_32' title='bbox 1378 271 1411 305; x_wconf 90' lang='lat' dir='ltr'>in</span> <span class='ocrx_word' id='word_1_33' title='bbox 1426 269 1555 305; x_wconf 86' lang='lat' dir='ltr'>honore</span> <span class='ocrx_word' id='word_1_34' title='bbox 1569 270 1752 309; x_wconf 85' lang='lat' dir='ltr'>habuerunt</span> <span class='ocrx_word' id='word_1_35' title='bbox 1766 302 1778 318; x_wconf 91' lang='lat'><em>‚</em></span> 
     </span>
     <span class='ocr_line' id='line_1_5' title="bbox 394 316 1777 366; baseline 0.004 -14"><span class='ocrx_word' id='word_1_36' title='bbox 394 329 430 352; x_wconf 89' lang='lat' dir='ltr'>ut</span> <span class='ocrx_word' id='word_1_37' title='bbox 445 317 593 366; x_wconf 82' lang='lat' dir='ltr'>religioni</span> <span class='ocrx_word' id='word_1_38' title='bbox 609 319 648 351; x_wconf 89' lang='lat' dir='ltr'>iis</span> <span class='ocrx_word' id='word_1_39' title='bbox 667 316 790 359; x_wconf 83' lang='lat' dir='ltr'>fuerit,</span> <span class='ocrx_word' id='word_1_40' title='bbox 814 317 868 352; x_wconf 89' lang='lat' dir='ltr'>vel</span> <span class='ocrx_word' id='word_1_41' title='bbox 880 316 986 352; x_wconf 81' lang='lat' dir='ltr'>unum</span> <span class='ocrx_word' id='word_1_42' title='bbox 1010 319 1137 366; x_wconf 85' lang='lat' dir='ltr'>apicem</span> <span class='ocrx_word' id='word_1_43' title='bbox 1153 331 1355 354; x_wconf 87' lang='lat' dir='ltr'>commutare</span> <span class='ocrx_word' id='word_1_44' title='bbox 1381 334 1389 355; x_wconf 91' lang='lat'><strong>:</strong></span> <span class='ocrx_word' id='word_1_45' title='bbox 1412 320 1495 353; x_wconf 80' lang='lat' dir='ltr'>adeo</span> <span class='ocrx_word' id='word_1_46' title='bbox 1515 331 1551 354; x_wconf 91' lang='lat' dir='ltr'>ut</span> <span class='ocrx_word' id='word_1_47' title='bbox 1571 319 1684 356; x_wconf 87' lang='lat' dir='ltr'>nullius</span> <span class='ocrx_word' id='word_1_48' title='bbox 1701 322 1777 359; x_wconf 69' lang='lat' dir='ltr'>libzi.</span> 
     </span>
     <span class='ocr_line' id='line_1_6' title="bbox 397 365 1776 418; baseline 0.001 -16"><span class='ocrx_word' id='word_1_49' title='bbox 397 367 573 406; x_wconf 76' lang='lat' dir='ltr'>authoritas</span> <span class='ocrx_word' id='word_1_50' title='bbox 587 368 695 415; x_wconf 77' lang='lat' dir='ltr'>magis</span> <span class='ocrx_word' id='word_1_51' title='bbox 714 366 966 415; x_wconf 78' lang='lat' dir='ltr'>constet.Qiod</span> <span class='ocrx_word' id='word_1_52' title='bbox 984 367 1025 401; x_wconf 82' lang='lat' dir='ltr'>de</span> <span class='ocrx_word' id='word_1_53' title='bbox 1044 365 1113 401; x_wconf 78' lang='lat' dir='ltr'>aliis</span> <span class='ocrx_word' id='word_1_54' title='bbox 1123 380 1257 416; x_wconf 74' lang='lat' dir='ltr'>vquoque</span> <span class='ocrx_word' id='word_1_55' title='bbox 1277 368 1367 403; x_wconf 79' lang='lat' dir='ltr'>sacris</span> <span class='ocrx_word' id='word_1_56' title='bbox 1390 366 1554 403; x_wconf 83' lang='lat' dir='ltr'>codicibus</span> <span class='ocrx_word' id='word_1_57' title='bbox 1574 369 1639 403; x_wconf 89' lang='lat' dir='ltr'>dici</span> <span class='ocrx_word' id='word_1_58' title='bbox 1653 371 1776 418; x_wconf 74' lang='lat' dir='ltr'>potest:</span> 
     </span>
     <span class='ocr_line' id='line_1_7' title="bbox 395 414 1828 467; baseline 0.001 -16"><span class='ocrx_word' id='word_1_59' title='bbox 395 428 467 463; x_wconf 75' lang='lat' dir='ltr'>quae</span> <span class='ocrx_word' id='word_1_60' title='bbox 483 418 570 451; x_wconf 83' lang='lat' dir='ltr'>enirn</span> <span class='ocrx_word' id='word_1_61' title='bbox 584 417 761 464; x_wconf 84' lang='lat' dir='ltr'>genuinum</span> <span class='ocrx_word' id='word_1_62' title='bbox 776 415 837 450; x_wconf 79' lang='lat' dir='ltr'>effe</span> <span class='ocrx_word' id='word_1_63' title='bbox 845 416 975 464; x_wconf 70' lang='lat' dir='ltr'>alicujus</span> <span class='ocrx_word' id='word_1_64' title='bbox 988 414 1137 452; x_wconf 70' lang='lat' dir='ltr'>Authoris</span> <span class='ocrx_word' id='word_1_65' title='bbox 1147 415 1265 452; x_wconf 81' lang='lat' dir='ltr'>librum</span> <span class='ocrx_word' id='word_1_66' title='bbox 1282 416 1422 467; x_wconf 85' lang='lat' dir='ltr'>probant</span> <span class='ocrx_word' id='word_1_67' title='bbox 1434 446 1445 461; x_wconf 87' lang='lat'><em>,</em></span> <span class='ocrx_word' id='word_1_68' title='bbox 1467 416 1534 452; x_wconf 84' lang='lat' dir='ltr'>haec</span> <span class='ocrx_word' id='word_1_69' title='bbox 1554 416 1660 453; x_wconf 79' lang='lat' dir='ltr'>multo</span> <span class='ocrx_word' id='word_1_70' title='bbox 1673 422 1777 455; x_wconf 78' lang='lat' dir='ltr'>maxi.</span> <span class='ocrx_word' id='word_1_71' title='bbox 1825 448 1828 452; x_wconf 78' lang='grc'>,</span> 
     </span>
     <span class='ocr_line' id='line_1_8' title="bbox 399 463 1834 514; baseline 0 -14"><span class='ocrx_word' id='word_1_72' title='bbox 399 478 454 500; x_wconf 88' lang='lat' dir='ltr'>me</span> <span class='ocrx_word' id='word_1_73' title='bbox 472 478 546 500; x_wconf 86' lang='lat' dir='ltr'>curn</span> <span class='ocrx_word' id='word_1_74' title='bbox 560 466 601 500; x_wconf 91' lang='lat' dir='ltr'>de</span> <span class='ocrx_word' id='word_1_75' title='bbox 614 463 706 503; x_wconf 87' lang='lat' dir='ltr'>sacris</span> <span class='ocrx_word' id='word_1_76' title='bbox 720 463 810 503; x_wconf 84' lang='lat' dir='ltr'>libris</span> <span class='ocrx_word' id='word_1_77' title='bbox 824 467 952 514; x_wconf 53' lang='lat' dir='ltr'>agitur3</span> <span class='ocrx_word' id='word_1_78' title='bbox 976 464 1086 500; x_wconf 84' lang='lat' dir='ltr'>valere</span> <span class='ocrx_word' id='word_1_79' title='bbox 1103 464 1236 504; x_wconf 87' lang='lat' dir='ltr'>debent.</span> <span class='ocrx_word' id='word_1_80' title='bbox 1832 500 1834 502; x_wconf 76' lang='grc'>,</span> 
     </span>
    </p>

    <p class='ocr_par' dir='ltr' id='par_1_3' title="bbox 390 513 1843 1347">
     <span class='ocr_line' id='line_1_9' title="bbox 435 513 1843 564; baseline -0.001 -14"><span class='ocrx_word' id='word_1_81' title='bbox 435 517 524 551; x_wconf 86' lang='lat' dir='ltr'>Nam</span> <span class='ocrx_word' id='word_1_82' title='bbox 536 526 570 549; x_wconf 92' lang='lat' dir='ltr'>ut</span> <span class='ocrx_word' id='word_1_83' title='bbox 585 513 717 562; x_wconf 84' lang='lat' dir='ltr'>pulchre</span> <span class='ocrx_word' id='word_1_84' title='bbox 731 515 931 554; x_wconf 84' lang='lat' dir='ltr'>demonstrat</span> <span class='ocrx_word' id='word_1_85' title='bbox 946 513 1079 549; x_wconf 85' lang='lat' dir='ltr'>Illustris</span> <span class='ocrx_word' id='word_1_86' title='bbox 1092 514 1387 551; x_wconf 80' lang='lat' dir='ltr'>AuthorHuetius.</span> <span class='ocrx_word' id='word_1_87' title='bbox 1400 517 1428 549; x_wconf 91' lang='lat' dir='ltr'>Is</span> <span class='ocrx_word' id='word_1_88' title='bbox 1445 517 1602 564; x_wconf 84' lang='lat' dir='ltr'>genuinus</span> <span class='ocrx_word' id='word_1_89' title='bbox 1610 514 1780 554; x_wconf 72' lang='lat' dir='ltr'>habendus</span> <span class='ocrx_word' id='word_1_90' title='bbox 1818 519 1843 549; x_wconf 65' lang='grc' dir='ltr'>ἃ,</span> 
     </span>
     <span class='ocr_line' id='line_1_10' title="bbox 397 562 1789 614; baseline 0.004 -17"><span class='ocrx_word' id='word_1_91' title='bbox 397 565 441 599; x_wconf 88' lang='lat' dir='ltr'>est</span> <span class='ocrx_word' id='word_1_92' title='bbox 452 563 535 598; x_wconf 90' lang='lat' dir='ltr'>liber</span> <span class='ocrx_word' id='word_1_93' title='bbox 547 576 644 611; x_wconf 86' lang='lat' dir='ltr'>quern</span> <span class='ocrx_word' id='word_1_94' title='bbox 659 566 805 612; x_wconf 81' lang='lat' dir='ltr'>proxime</span> <span class='ocrx_word' id='word_1_95' title='bbox 822 562 1048 611; x_wconf 74' lang='lat' dir='ltr'><strong>subsequentes</strong></span> <span class='ocrx_word' id='word_1_96' title='bbox 1061 575 1171 599; x_wconf 86' lang='lat' dir='ltr'>aetates</span> <span class='ocrx_word' id='word_1_97' title='bbox 1183 576 1220 599; x_wconf 90' lang='lat' dir='ltr'>ut</span> <span class='ocrx_word' id='word_1_98' title='bbox 1244 567 1423 614; x_wconf 84' lang='lat' dir='ltr'>genuinum</span> <span class='ocrx_word' id='word_1_99' title='bbox 1437 576 1648 613; x_wconf 74' lang='lat' dir='ltr'>agnoverunt,</span> <span class='ocrx_word' id='word_1_100' title='bbox 1681 566 1789 610; x_wconf 36' lang='lat' dir='ltr'>Unde·</span> 
     </span>
     <span class='ocr_line' id='line_1_11' title="bbox 396 613 1834 661; baseline 0.002 -14"><span class='ocrx_word' id='word_1_101' title='bbox 396 615 485 648; x_wconf 85' lang='lat' dir='ltr'>enim</span> <span class='ocrx_word' id='word_1_102' title='bbox 497 624 533 648; x_wconf 91' lang='lat' dir='ltr'>ut</span> <span class='ocrx_word' id='word_1_103' title='bbox 551 615 595 647; x_wconf 86' lang='lat' dir='ltr'>ait</span> <span class='ocrx_word' id='word_1_104' title='bbox 609 614 694 661; x_wconf 85' lang='lat' dir='ltr'>Aug.</span> <span class='ocrx_word' id='word_1_105' title='bbox 712 613 729 648; x_wconf 91' lang='lat' dir='ltr'>l.</span> <span class='ocrx_word' id='word_1_106' title='bbox 742 628 778 660; x_wconf 77' lang='lat'>3¹·</span> <span class='ocrx_word' id='word_1_107' title='bbox 788 625 818 648; x_wconf 90' lang='lat' dir='ltr'>c.</span> <span class='ocrx_word' id='word_1_108' title='bbox 830 617 857 645; x_wconf 89' lang='lat'>6.</span> <span class='ocrx_word' id='word_1_109' title='bbox 868 624 983 651; x_wconf 80' lang='lat' dir='ltr'>contra</span> <span class='ocrx_word' id='word_1_110' title='bbox 1000 613 1144 649; x_wconf 81' lang='lat' dir='ltr'>Faustum</span> <span class='ocrx_word' id='word_1_111' title='bbox 1156 641 1166 656; x_wconf 87' lang='lat'>,</span> <span class='ocrx_word' id='word_1_112' title='bbox 1176 626 1340 649; x_wconf 65' lang='lat' dir='ltr'>noverunt</span> <span class='ocrx_word' id='word_1_113' title='bbox 1352 614 1505 649; x_wconf 73' lang='lat' dir='ltr'>‘homines</span> <span class='ocrx_word' id='word_1_114' title='bbox 1518 613 1618 649; x_wconf 85' lang='lat' dir='ltr'>libros</span> <span class='ocrx_word' id='word_1_115' title='bbox 1633 613 1695 649; x_wconf 78' lang='lat' dir='ltr'>effe</span> <span class='ocrx_word' id='word_1_116' title='bbox 1707 615 1792 659; x_wconf 56' lang='lat' dir='ltr'>Plau,</span> <span class='ocrx_word' id='word_1_117' title='bbox 1832 617 1834 624; x_wconf 91' lang='lat'>&#39;</span> 
     </span>
     <span class='ocr_line' id='line_1_12' title="bbox 390 654 1837 712; baseline 0.001 -14"><span class='ocrx_word' id='word_1_118' title='bbox 390 664 507 705; x_wconf 66' lang='lat' dir='ltr'>tonis,</span> <span class='ocrx_word' id='word_1_119' title='bbox 531 662 708 700; x_wconf 83' lang='lat' dir='ltr'>Aristotelis</span> <span class='ocrx_word' id='word_1_120' title='bbox 725 690 736 705; x_wconf 86' lang='lat'>‚</span> <span class='ocrx_word' id='word_1_121' title='bbox 765 663 961 706; x_wconf 83' lang='lat' dir='ltr'>Ciceronis,</span> <span class='ocrx_word' id='word_1_122' title='bbox 993 663 1028 695; x_wconf 87' lang='lat' dir='ltr'>m&#39;</span> <span class='ocrx_word' id='word_1_123' title='bbox 1039 675 1051 695; x_wconf 76' lang='grc' dir='ltr'>ι</span> <span class='ocrx_word' id='word_1_124' title='bbox 1075 663 1184 696; x_wconf 74' lang='lat' dir='ltr'>eadem</span> <span class='ocrx_word' id='word_1_125' title='bbox 1209 673 1383 712; x_wconf 79' lang='lat' dir='ltr'>temporum</span> <span class='ocrx_word' id='word_1_126' title='bbox 1403 661 1530 708; x_wconf 79' lang='lat' dir='ltr'>fibimet</span> <span class='ocrx_word' id='word_1_127' title='bbox 1545 661 1795 710; x_wconf 66' lang='lat' dir='ltr'>fitccedmtium‘</span> <span class='ocrx_word' id='word_1_128' title='bbox 1831 654 1837 666; x_wconf 64' lang='lat'><strong><em>¹</em></strong></span> 
     </span>
     <span class='ocr_line' id='line_1_13' title="bbox 398 710 1820 760; baseline 0.003 -16"><span class='ocrx_word' id='word_1_129' title='bbox 398 710 618 755; x_wconf 75' lang='lat' dir='ltr'>contestatione</span> <span class='ocrx_word' id='word_1_130' title='bbox 627 715 786 753; x_wconf 67' lang='lat' dir='ltr'>continua.</span> <span class='ocrx_word' id='word_1_131' title='bbox 804 714 917 759; x_wconf 84' lang='lat' dir='ltr'>Itaque</span> <span class='ocrx_word' id='word_1_132' title='bbox 927 713 1089 760; x_wconf 83' lang='lat' dir='ltr'>genuinos</span> <span class='ocrx_word' id='word_1_133' title='bbox 1104 710 1165 746; x_wconf 78' lang='lat' dir='ltr'>effe</span> <span class='ocrx_word' id='word_1_134' title='bbox 1181 724 1236 746; x_wconf 86' lang='lat' dir='ltr'>eos</span> <span class='ocrx_word' id='word_1_135' title='bbox 1248 741 1259 756; x_wconf 85' lang='lat'>‚</span> <span class='ocrx_word' id='word_1_136' title='bbox 1289 711 1330 746; x_wconf 91' lang='lat' dir='ltr'>de</span> <span class='ocrx_word' id='word_1_137' title='bbox 1349 710 1470 759; x_wconf 88' lang='lat' dir='ltr'>quibus</span> <span class='ocrx_word' id='word_1_138' title='bbox 1490 712 1626 748; x_wconf 66' lang='lat' dir='ltr'>diximus</span> <span class='ocrx_word' id='word_1_139' title='bbox 1641 740 1653 755; x_wconf 88' lang='lat'><em>,</em></span> <span class='ocrx_word' id='word_1_140' title='bbox 1674 710 1791 754; x_wconf 56' lang='lat' dir='ltr'>Molis</span> <span class='ocrx_word' id='word_1_141' title='bbox 1817 710 1820 738; x_wconf 72' lang='grc' dir='ltr'>’ἶ</span> 
     </span>
     <span class='ocr_line' id='line_1_14' title="bbox 396 758 1794 809; baseline 0.003 -16"><span class='ocrx_word' id='word_1_142' title='bbox 396 758 497 794; x_wconf 88' lang='lat' dir='ltr'>libros</span> <span class='ocrx_word' id='word_1_143' title='bbox 515 788 525 803; x_wconf 90' lang='lat'>‚</span> <span class='ocrx_word' id='word_1_144' title='bbox 549 772 589 795; x_wconf 88' lang='lat' dir='ltr'>ex</span> <span class='ocrx_word' id='word_1_145' title='bbox 613 772 653 795; x_wconf 86' lang='lat' dir='ltr'>eo</span> <span class='ocrx_word' id='word_1_146' title='bbox 666 760 775 809; x_wconf 87' lang='lat' dir='ltr'>-liquet</span> <span class='ocrx_word' id='word_1_147' title='bbox 793 760 846 796; x_wconf 87' lang='lat' dir='ltr'>vel</span> <span class='ocrx_word' id='word_1_148' title='bbox 863 762 1004 795; x_wconf 83' lang='lat' dir='ltr'>maxime</span> <span class='ocrx_word' id='word_1_149' title='bbox 1018 788 1028 803; x_wconf 94' lang='lat'><strong><em>,</em></strong></span> <span class='ocrx_word' id='word_1_150' title='bbox 1049 761 1139 808; x_wconf 90' lang='lat' dir='ltr'>quod</span> <span class='ocrx_word' id='word_1_151' title='bbox 1161 772 1214 796; x_wconf 89' lang='lat' dir='ltr'>eos</span> <span class='ocrx_word' id='word_1_152' title='bbox 1229 763 1381 795; x_wconf 84' lang='lat' dir='ltr'>continua</span> <span class='ocrx_word' id='word_1_153' title='bbox 1399 760 1478 795; x_wconf 87' lang='lat' dir='ltr'>serie</span> <span class='ocrx_word' id='word_1_154' title='bbox 1493 772 1606 796; x_wconf 85' lang='lat' dir='ltr'>aetates</span> <span class='ocrx_word' id='word_1_155' title='bbox 1620 760 1705 796; x_wconf 87' lang='lat' dir='ltr'>Mofi</span> <span class='ocrx_word' id='word_1_156' title='bbox 1721 758 1794 797; x_wconf 62' lang='lat' dir='ltr'>ad-‘</span> 
     </span>
     <span class='ocr_line' id='line_1_15' title="bbox 395 807 1792 859; baseline 0.003 -17"><span class='ocrx_word' id='word_1_157' title='bbox 395 807 573 858; x_wconf 85' lang='lat' dir='ltr'>scripserint</span> <span class='ocrx_word' id='word_1_158' title='bbox 586 826 595 853; x_wconf 79' lang='lat'>3</span> <span class='ocrx_word' id='word_1_159' title='bbox 609 820 645 847; x_wconf 88' lang='lat' dir='ltr'>ut</span> <span class='ocrx_word' id='word_1_160' title='bbox 655 809 732 847; x_wconf 82' lang='lat' dir='ltr'>alias</span> <span class='ocrx_word' id='word_1_161' title='bbox 744 812 886 845; x_wconf 86' lang='lat' dir='ltr'>rationes</span> <span class='ocrx_word' id='word_1_162' title='bbox 908 811 1061 845; x_wconf 83' lang='lat' dir='ltr'>omittam</span> <span class='ocrx_word' id='word_1_163' title='bbox 1074 809 1116 843; x_wconf 79' lang='lat' dir='ltr'>ab</span> <span class='ocrx_word' id='word_1_164' title='bbox 1133 811 1272 844; x_wconf 85' lang='lat' dir='ltr'>externis</span> <span class='ocrx_word' id='word_1_165' title='bbox 1291 809 1478 844; x_wconf 87' lang='lat' dir='ltr'>testimoniis</span> <span class='ocrx_word' id='word_1_166' title='bbox 1500 809 1683 857; x_wconf 83' lang='lat' dir='ltr'>desumptas</span> <span class='ocrx_word' id='word_1_167' title='bbox 1701 812 1792 859; x_wconf 74' lang='lat' dir='ltr'>quasv</span> 
     </span>
     <span class='ocr_line' id='line_1_16' title="bbox 396 856 1781 907; baseline 0 -14"><span class='ocrx_word' id='word_1_168' title='bbox 396 860 444 893; x_wconf 78' lang='lat' dir='ltr'>vir</span> <span class='ocrx_word' id='word_1_169' title='bbox 456 856 576 893; x_wconf 78' lang='lat' dir='ltr'>Clariis.</span> <span class='ocrx_word' id='word_1_170' title='bbox 589 861 622 892; x_wconf 87' lang='lat' dir='ltr'>in</span> <span class='ocrx_word' id='word_1_171' title='bbox 633 858 911 894; x_wconf 87' lang='lat' dir='ltr'>demonstratione</span> <span class='ocrx_word' id='word_1_172' title='bbox 922 858 1118 906; x_wconf 82' lang='lat' dir='ltr'>Evangelica</span> <span class='ocrx_word' id='word_1_173' title='bbox 1131 857 1197 893; x_wconf 85' lang='lat' dir='ltr'>fuse</span> <span class='ocrx_word' id='word_1_174' title='bbox 1211 863 1244 894; x_wconf 69' lang='grc' dir='ltr'>δε</span> <span class='ocrx_word' id='word_1_175' title='bbox 1258 859 1355 893; x_wconf 71' lang='grc' dir='ltr'>ἀοόὶε</span> <span class='ocrx_word' id='word_1_176' title='bbox 1369 857 1578 906; x_wconf 83' lang='lat' dir='ltr'>persequitur.</span> <span class='ocrx_word' id='word_1_177' title='bbox 1598 860 1707 907; x_wconf 87' lang='lat' dir='ltr'>Atque</span> <span class='ocrx_word' id='word_1_178' title='bbox 1720 872 1781 895; x_wconf 81' lang='lat' dir='ltr'>eae.</span> 
     </span>
     <span class='ocr_line' id='line_1_17' title="bbox 399 905 1824 956; baseline 0.004 -16"><span class='ocrx_word' id='word_1_179' title='bbox 399 907 474 942; x_wconf 82' lang='lat' dir='ltr'>dem</span> <span class='ocrx_word' id='word_1_180' title='bbox 486 908 677 943; x_wconf 80' lang='lat' dir='ltr'>rationesad</span> <span class='ocrx_word' id='word_1_181' title='bbox 686 908 830 956; x_wconf 81' lang='lat' dir='ltr'>reliquos</span> <span class='ocrx_word' id='word_1_182' title='bbox 844 910 962 942; x_wconf 86' lang='lat' dir='ltr'>veteris</span> <span class='ocrx_word' id='word_1_183' title='bbox 973 912 1005 943; x_wconf 70' lang='grc' dir='ltr'>ὃ(</span> <span class='ocrx_word' id='word_1_184' title='bbox 1015 908 1096 942; x_wconf 90' lang='lat' dir='ltr'>novi</span> <span class='ocrx_word' id='word_1_185' title='bbox 1106 908 1306 942; x_wconf 87' lang='lat' dir='ltr'>Testamenti</span> <span class='ocrx_word' id='word_1_186' title='bbox 1322 905 1423 941; x_wconf 86' lang='lat' dir='ltr'>libros</span> <span class='ocrx_word' id='word_1_187' title='bbox 1436 919 1526 953; x_wconf 85' lang='lat' dir='ltr'>aeque</span> <span class='ocrx_word' id='word_1_188' title='bbox 1543 909 1782 955; x_wconf 73' lang='lat' dir='ltr'>pertinennve-</span> <span class='ocrx_word' id='word_1_189' title='bbox 1822 951 1824 953; x_wconf 27' lang='lat'>¹</span> 
     </span>
     <span class='ocr_line' id='line_1_18' title="bbox 395 954 1824 1005; baseline 0.002 -15"><span class='ocrx_word' id='word_1_190' title='bbox 395 954 467 991; x_wconf 74' lang='lat' dir='ltr'>rum</span> <span class='ocrx_word' id='word_1_191' title='bbox 491 969 533 991; x_wconf 87' lang='lat' dir='ltr'>eae</span> <span class='ocrx_word' id='word_1_192' title='bbox 542 958 625 1005; x_wconf 88' lang='lat' dir='ltr'>apud</span> <span class='ocrx_word' id='word_1_193' title='bbox 640 960 798 993; x_wconf 85' lang='lat' dir='ltr'>eximium</span> <span class='ocrx_word' id='word_1_194' title='bbox 811 956 996 991; x_wconf 81' lang='lat' dir='ltr'>Authorem</span> <span class='ocrx_word' id='word_1_195' title='bbox 1011 955 1076 1002; x_wconf 83' lang='lat' dir='ltr'>legi</span> <span class='ocrx_word' id='word_1_196' title='bbox 1090 954 1372 1003; x_wconf 67' lang='lat' dir='ltr'>poliunt-Idunum</span> <span class='ocrx_word' id='word_1_197' title='bbox 1387 967 1516 1002; x_wconf 77' lang='lat' dir='ltr'>nequeo</span> <span class='ocrx_word' id='word_1_198' title='bbox 1527 958 1782 1004; x_wconf 80' lang='lat' dir='ltr'>praetermittere,</span> <span class='ocrx_word' id='word_1_199' title='bbox 1822 967 1824 970; x_wconf 86' lang='grc'><strong>’</strong></span> 
     </span>
     <span class='ocr_line' id='line_1_19' title="bbox 396 1002 1824 1053; baseline 0.001 -15"><span class='ocrx_word' id='word_1_200' title='bbox 396 1004 438 1038; x_wconf 87' lang='lat' dir='ltr'>de</span> <span class='ocrx_word' id='word_1_201' title='bbox 449 1005 538 1040; x_wconf 90' lang='lat' dir='ltr'>libris</span> <span class='ocrx_word' id='word_1_202' title='bbox 554 1003 879 1049; x_wconf 82' lang='lat' dir='ltr'>noviTestamenti,fi</span> <span class='ocrx_word' id='word_1_203' title='bbox 889 1016 1007 1053; x_wconf 86' lang='lat' dir='ltr'>paucos</span> <span class='ocrx_word' id='word_1_204' title='bbox 1023 1006 1199 1052; x_wconf 82' lang='lat' dir='ltr'>exceperis,</span> <span class='ocrx_word' id='word_1_205' title='bbox 1218 1005 1259 1038; x_wconf 90' lang='lat' dir='ltr'>de</span> <span class='ocrx_word' id='word_1_206' title='bbox 1277 1003 1396 1051; x_wconf 90' lang='lat' dir='ltr'>quibus</span> <span class='ocrx_word' id='word_1_207' title='bbox 1406 1002 1486 1041; x_wconf 81' lang='lat' dir='ltr'>olim</span> <span class='ocrx_word' id='word_1_208' title='bbox 1503 1004 1689 1041; x_wconf 72' lang='lat' dir='ltr'>‚dubitatum</span> <span class='ocrx_word' id='word_1_209' title='bbox 1707 1005 1781 1049; x_wconf 82' lang='lat' dir='ltr'>fuit,</span> <span class='ocrx_word' id='word_1_210' title='bbox 1822 1007 1824 1031; x_wconf 72' lang='lat'><strong>5</strong></span> 
     </span>
     <span class='ocr_line' id='line_1_20' title="bbox 397 1051 1824 1101; baseline 0.003 -14"><span class='ocrx_word' id='word_1_211' title='bbox 397 1053 518 1090; x_wconf 84' lang='lat' dir='ltr'>nullam</span> <span class='ocrx_word' id='word_1_212' title='bbox 532 1054 783 1091; x_wconf 77' lang='lat' dir='ltr'>controversiam</span> <span class='ocrx_word' id='word_1_213' title='bbox 799 1055 924 1090; x_wconf 89' lang='lat' dir='ltr'>moveri</span> <span class='ocrx_word' id='word_1_214' title='bbox 936 1051 1022 1100; x_wconf 83' lang='lat' dir='ltr'>polse</span> <span class='ocrx_word' id='word_1_215' title='bbox 1038 1066 1046 1087; x_wconf 76' lang='grc' dir='ltr'><strong>ε</strong></span> <span class='ocrx_word' id='word_1_216' title='bbox 1070 1065 1144 1086; x_wconf 90' lang='lat' dir='ltr'>cum</span> <span class='ocrx_word' id='word_1_217' title='bbox 1163 1052 1301 1100; x_wconf 88' lang='lat' dir='ltr'>aequales</span> <span class='ocrx_word' id='word_1_218' title='bbox 1325 1064 1509 1100; x_wconf 86' lang='lat' dir='ltr'>temporum</span> <span class='ocrx_word' id='word_1_219' title='bbox 1524 1055 1574 1101; x_wconf 83' lang='lat' dir='ltr'>Ap</span> <span class='ocrx_word' id='word_1_220' title='bbox 1624 1053 1792 1091; x_wconf 74' lang='lat' dir='ltr'>elicorum¹</span> <span class='ocrx_word' id='word_1_221' title='bbox 1822 1055 1824 1058; x_wconf 73' lang='grc'><strong>’</strong></span> 
     </span>
     <span class='ocr_line' id='line_1_21' title="bbox 398 1100 1784 1151; baseline 0.001 -15"><span class='ocrx_word' id='word_1_222' title='bbox 398 1107 433 1138; x_wconf 86' lang='lat'>&amp;</span> <span class='ocrx_word' id='word_1_223' title='bbox 452 1105 489 1137; x_wconf 88' lang='lat' dir='ltr'>iis</span> <span class='ocrx_word' id='word_1_224' title='bbox 500 1103 703 1151; x_wconf 85' lang='lat' dir='ltr'>temporibus</span> <span class='ocrx_word' id='word_1_225' title='bbox 720 1105 858 1151; x_wconf 86' lang='lat' dir='ltr'>proximi</span> <span class='ocrx_word' id='word_1_226' title='bbox 871 1102 1055 1136; x_wconf 82' lang='lat' dir='ltr'>testimonia</span> <span class='ocrx_word' id='word_1_227' title='bbox 1069 1113 1108 1138; x_wconf 76' lang='lat' dir='ltr'>ex</span> <span class='ocrx_word' id='word_1_228' title='bbox 1122 1103 1157 1135; x_wconf 88' lang='lat' dir='ltr'>iis</span> <span class='ocrx_word' id='word_1_229' title='bbox 1172 1101 1310 1149; x_wconf 82' lang='lat' dir='ltr'>plutima</span> <span class='ocrx_word' id='word_1_230' title='bbox 1323 1100 1481 1138; x_wconf 81' lang='lat' dir='ltr'>afferant:</span> <span class='ocrx_word' id='word_1_231' title='bbox 1501 1115 1520 1136; x_wconf 89' lang='grc' dir='ltr'>ιι</span> <span class='ocrx_word' id='word_1_232' title='bbox 1578 1102 1700 1138; x_wconf 85' lang='lat' dir='ltr'>lemens</span> <span class='ocrx_word' id='word_1_233' title='bbox 1709 1105 1784 1139; x_wconf 85' lang='lat' dir='ltr'>Ro.-</span> 
     </span>
     <span class='ocr_line' id='line_1_22' title="bbox 397 1149 1782 1200; baseline 0 -15"><span class='ocrx_word' id='word_1_234' title='bbox 397 1163 508 1186; x_wconf 78' lang='lat' dir='ltr'>manus</span> <span class='ocrx_word' id='word_1_235' title='bbox 522 1154 556 1187; x_wconf 90' lang='lat' dir='ltr'>in</span> <span class='ocrx_word' id='word_1_236' title='bbox 566 1151 698 1200; x_wconf 84' lang='lat' dir='ltr'>epistola</span> <span class='ocrx_word' id='word_1_237' title='bbox 707 1153 746 1186; x_wconf 82' lang='lat' dir='ltr'>ad</span> <span class='ocrx_word' id='word_1_238' title='bbox 757 1150 947 1186; x_wconf 83' lang='lat' dir='ltr'>Corinthios</span> <span class='ocrx_word' id='word_1_239' title='bbox 957 1178 966 1192; x_wconf 86' lang='lat'>‚</span> <span class='ocrx_word' id='word_1_240' title='bbox 980 1151 1118 1198; x_wconf 84' lang='lat' dir='ltr'>ignatius</span> <span class='ocrx_word' id='word_1_241' title='bbox 1133 1149 1258 1198; x_wconf 85' lang='lat' dir='ltr'>paffim,</span> <span class='ocrx_word' id='word_1_242' title='bbox 1267 1149 1463 1198; x_wconf 82' lang='lat' dir='ltr'>Polycarpus</span> <span class='ocrx_word' id='word_1_243' title='bbox 1480 1153 1512 1186; x_wconf 85' lang='lat' dir='ltr'>in</span> <span class='ocrx_word' id='word_1_244' title='bbox 1527 1152 1614 1200; x_wconf 86' lang='lat' dir='ltr'>epist.</span> <span class='ocrx_word' id='word_1_245' title='bbox 1626 1152 1666 1186; x_wconf 82' lang='lat' dir='ltr'>ad</span> <span class='ocrx_word' id='word_1_246' title='bbox 1678 1155 1782 1188; x_wconf 82' lang='lat' dir='ltr'>Smir-</span> 
     </span>
     <span class='ocr_line' id='line_1_23' title="bbox 396 1199 1782 1249; baseline -0.001 -14"><span class='ocrx_word' id='word_1_247' title='bbox 396 1200 506 1236; x_wconf 88' lang='lat' dir='ltr'>nenses</span> <span class='ocrx_word' id='word_1_248' title='bbox 519 1230 528 1244; x_wconf 86' lang='lat'>‚</span> <span class='ocrx_word' id='word_1_249' title='bbox 552 1203 665 1249; x_wconf 86' lang='lat' dir='ltr'>Papias</span> <span class='ocrx_word' id='word_1_250' title='bbox 678 1229 687 1243; x_wconf 94' lang='lat'><em>‚</em></span> <span class='ocrx_word' id='word_1_251' title='bbox 703 1201 843 1249; x_wconf 88' lang='lat' dir='ltr'>Justinus</span> <span class='ocrx_word' id='word_1_252' title='bbox 860 1201 1009 1246; x_wconf 74' lang='lat' dir='ltr'>Manyr,</span> <span class='ocrx_word' id='word_1_253' title='bbox 1032 1201 1167 1233; x_wconf 76' lang='lat' dir='ltr'>Irenaetis</span> <span class='ocrx_word' id='word_1_254' title='bbox 1178 1228 1187 1242; x_wconf 94' lang='lat'>,</span> <span class='ocrx_word' id='word_1_255' title='bbox 1203 1199 1443 1248; x_wconf 77' lang='lat' dir='ltr'>AthenagoraS,</span> <span class='ocrx_word' id='word_1_256' title='bbox 1464 1199 1618 1236; x_wconf 85' lang='lat' dir='ltr'>Clemens</span> <span class='ocrx_word' id='word_1_257' title='bbox 1639 1199 1782 1237; x_wconf 80' lang='lat' dir='ltr'>Alexan-</span> 
     </span>
     <span class='ocr_line' id='line_1_24' title="bbox 396 1247 1781 1298; baseline 0.003 -16"><span class='ocrx_word' id='word_1_258' title='bbox 396 1250 522 1293; x_wconf 88' lang='lat' dir='ltr'>drinus‚</span> <span class='ocrx_word' id='word_1_259' title='bbox 547 1250 766 1285; x_wconf 81' lang='lat' dir='ltr'>Tertullianus</span> <span class='ocrx_word' id='word_1_260' title='bbox 787 1264 795 1284; x_wconf 73' lang='grc' dir='ltr'><strong>ε</strong></span> <span class='ocrx_word' id='word_1_261' title='bbox 819 1251 876 1297; x_wconf 91' lang='lat' dir='ltr'>qui</span> <span class='ocrx_word' id='word_1_262' title='bbox 887 1247 1001 1296; x_wconf 71' lang='lat' dir='ltr'>pallini</span> <span class='ocrx_word' id='word_1_263' title='bbox 1011 1249 1119 1285; x_wconf 74' lang='lat' dir='ltr'>‚citant</span> <span class='ocrx_word' id='word_1_264' title='bbox 1131 1260 1268 1294; x_wconf 81' lang='lat' dir='ltr'>quatuor</span> <span class='ocrx_word' id='word_1_265' title='bbox 1283 1247 1478 1297; x_wconf 78' lang='lat' dir='ltr'>Evangelia,</span> <span class='ocrx_word' id='word_1_266' title='bbox 1504 1251 1587 1287; x_wconf 65' lang='lat' dir='ltr'>Acta</span> <span class='ocrx_word' id='word_1_267' title='bbox 1610 1249 1781 1298; x_wconf 83' lang='lat' dir='ltr'>Apostolo-</span> 
     </span>
     <span class='ocr_line' id='line_1_25' title="bbox 396 1296 1235 1347; baseline 0.001 -15"><span class='ocrx_word' id='word_1_268' title='bbox 396 1310 483 1342; x_wconf 84' lang='lat' dir='ltr'>rum,</span> <span class='ocrx_word' id='word_1_269' title='bbox 508 1298 663 1347; x_wconf 85' lang='lat' dir='ltr'>Epistolas</span> <span class='ocrx_word' id='word_1_270' title='bbox 681 1298 767 1335; x_wconf 70' lang='lat' dir='ltr'>Pauli</span> <span class='ocrx_word' id='word_1_271' title='bbox 781 1304 815 1335; x_wconf 83' lang='lat'>&amp;</span> <span class='ocrx_word' id='word_1_272' title='bbox 829 1297 909 1332; x_wconf 84' lang='lat' dir='ltr'>alios</span> <span class='ocrx_word' id='word_1_273' title='bbox 922 1298 1114 1332; x_wconf 84' lang='lat' dir='ltr'>Canonicos</span> <span class='ocrx_word' id='word_1_274' title='bbox 1125 1296 1235 1334; x_wconf 78' lang='lat' dir='ltr'>libros.</span> 
     </span>
    </p>

    <p class='ocr_par' dir='ltr' id='par_1_4' title="bbox 390 1347 1824 1832">
     <span class='ocr_line' id='line_1_26' title="bbox 422 1347 1781 1396; baseline -0.001 -14"><span class='ocrx_word' id='word_1_275' title='bbox 422 1350 502 1396; x_wconf 86' lang='lat' dir='ltr'>Jam</span> <span class='ocrx_word' id='word_1_276' title='bbox 511 1351 652 1391; x_wconf 81' lang='lat' dir='ltr'>Parrum,</span> <span class='ocrx_word' id='word_1_277' title='bbox 665 1360 731 1383; x_wconf 86' lang='lat' dir='ltr'>tum</span> <span class='ocrx_word' id='word_1_278' title='bbox 745 1348 968 1390; x_wconf 84' lang='lat' dir='ltr'>vetustiorum,</span> <span class='ocrx_word' id='word_1_279' title='bbox 993 1357 1063 1381; x_wconf 87' lang='lat' dir='ltr'>tum</span> <span class='ocrx_word' id='word_1_280' title='bbox 1080 1349 1297 1382; x_wconf 80' lang='lat' dir='ltr'>recentiorum</span> <span class='ocrx_word' id='word_1_281' title='bbox 1310 1349 1343 1382; x_wconf 88' lang='lat' dir='ltr'>in</span> <span class='ocrx_word' id='word_1_282' title='bbox 1363 1347 1545 1395; x_wconf 84' lang='lat' dir='ltr'>repetendis</span> <span class='ocrx_word' id='word_1_283' title='bbox 1569 1350 1648 1382; x_wconf 86' lang='lat' dir='ltr'>novi</span> <span class='ocrx_word' id='word_1_284' title='bbox 1663 1348 1781 1385; x_wconf 82' lang='lat' dir='ltr'>Testa-</span> 
     </span>
     <span class='ocr_line' id='line_1_27' title="bbox 397 1393 1824 1445; baseline 0.002 -15"><span class='ocrx_word' id='word_1_285' title='bbox 397 1397 618 1432; x_wconf 80' lang='lat' dir='ltr'>mentiverbis</span> <span class='ocrx_word' id='word_1_286' title='bbox 629 1395 792 1433; x_wconf 77' lang='lat' dir='ltr'>consensio</span> <span class='ocrx_word' id='word_1_287' title='bbox 802 1395 1010 1431; x_wconf 85' lang='lat' dir='ltr'>certissimum</span> <span class='ocrx_word' id='word_1_288' title='bbox 1030 1395 1073 1428; x_wconf 89' lang='lat' dir='ltr'>est</span> <span class='ocrx_word' id='word_1_289' title='bbox 1088 1393 1262 1443; x_wconf 80' lang='lat' dir='ltr'>probandae</span> <span class='ocrx_word' id='word_1_290' title='bbox 1281 1395 1365 1430; x_wconf 86' lang='lat' dir='ltr'>illius</span> <span class='ocrx_word' id='word_1_291' title='bbox 1394 1398 1589 1445; x_wconf 78' lang='lat' dir='ltr'>integritatis</span> <span class='ocrx_word' id='word_1_292' title='bbox 1613 1410 1782 1445; x_wconf 82' lang='lat' dir='ltr'>argumen-</span> <span class='ocrx_word' id='word_1_293' title='bbox 1820 1393 1824 1442; x_wconf 49' lang='lat' dir='ltr'>J</span> 
     </span>
     <span class='ocr_line' id='line_1_28' title="bbox 397 1443 1781 1493; baseline -0.001 -13"><span class='ocrx_word' id='word_1_294' title='bbox 397 1457 477 1485; x_wconf 79' lang='lat' dir='ltr'>tum,</span> <span class='ocrx_word' id='word_1_295' title='bbox 494 1446 619 1480; x_wconf 73' lang='lat' dir='ltr'>Verum</span> <span class='ocrx_word' id='word_1_296' title='bbox 632 1447 758 1480; x_wconf 90' lang='lat' dir='ltr'>idnunc</span> <span class='ocrx_word' id='word_1_297' title='bbox 776 1459 843 1481; x_wconf 88' lang='lat' dir='ltr'>non</span> <span class='ocrx_word' id='word_1_298' title='bbox 853 1447 975 1493; x_wconf 79' lang='lat' dir='ltr'>agimus</span> <span class='ocrx_word' id='word_1_299' title='bbox 989 1455 1025 1479; x_wconf 85' lang='lat' dir='ltr'>ut</span> <span class='ocrx_word' id='word_1_300' title='bbox 1036 1443 1229 1478; x_wconf 87' lang='lat' dir='ltr'>Christianae</span> <span class='ocrx_word' id='word_1_301' title='bbox 1240 1443 1405 1492; x_wconf 82' lang='lat' dir='ltr'>rel-igionis</span> <span class='ocrx_word' id='word_1_302' title='bbox 1421 1447 1595 1480; x_wconf 81' lang='lat' dir='ltr'>veritatem</span> <span class='ocrx_word' id='word_1_303' title='bbox 1614 1457 1667 1481; x_wconf 87' lang='lat' dir='ltr'>aut</span> <span class='ocrx_word' id='word_1_304' title='bbox 1685 1459 1722 1481; x_wconf 86' lang='lat' dir='ltr'>ex</span> <span class='ocrx_word' id='word_1_305' title='bbox 1734 1446 1781 1481; x_wconf 68' lang='grc' dir='ltr'>(ὲ-</span> 
     </span>
     <span class='ocr_line' id='line_1_29' title="bbox 390 1494 1781 1541; baseline 0.002 -15"><span class='ocrx_word' id='word_1_306' title='bbox 390 1505 526 1533; x_wconf 51' lang='lat' dir='ltr'>,crorum</span> <span class='ocrx_word' id='word_1_307' title='bbox 539 1494 696 1529; x_wconf 84' lang='lat' dir='ltr'>librorum</span> <span class='ocrx_word' id='word_1_308' title='bbox 707 1494 903 1529; x_wconf 78' lang='lat' dir='ltr'>authoritate</span> <span class='ocrx_word' id='word_1_309' title='bbox 915 1522 925 1536; x_wconf 85' lang='lat'>,</span> <span class='ocrx_word' id='word_1_310' title='bbox 944 1498 978 1530; x_wconf 67' lang='grc' dir='ltr'>ὅ(</span> <span class='ocrx_word' id='word_1_311' title='bbox 992 1494 1186 1536; x_wconf 71' lang='lat' dir='ltr'>veracitate,</span> <span class='ocrx_word' id='word_1_312' title='bbox 1205 1504 1261 1527; x_wconf 82' lang='lat' dir='ltr'>aut</span> <span class='ocrx_word' id='word_1_313' title='bbox 1278 1494 1505 1541; x_wconf 84' lang='lat' dir='ltr'>exJudaeorum</span> <span class='ocrx_word' id='word_1_314' title='bbox 1523 1499 1556 1531; x_wconf 73' lang='grc' dir='ltr'>δε</span> <span class='ocrx_word' id='word_1_315' title='bbox 1574 1495 1781 1530; x_wconf 83' lang='lat' dir='ltr'>Ethnicorum</span> 
     </span>
     <span class='ocr_line' id='line_1_30' title="bbox 396 1540 1823 1590; baseline 0.001 -13"><span class='ocrx_word' id='word_1_316' title='bbox 396 1544 583 1578; x_wconf 88' lang='lat' dir='ltr'>testimoniis</span> <span class='ocrx_word' id='word_1_317' title='bbox 597 1573 606 1587; x_wconf 89' lang='lat'>,</span> <span class='ocrx_word' id='word_1_318' title='bbox 630 1555 685 1578; x_wconf 80' lang='lat' dir='ltr'>aut</span> <span class='ocrx_word' id='word_1_319' title='bbox 698 1556 736 1577; x_wconf 90' lang='lat' dir='ltr'>ex</span> <span class='ocrx_word' id='word_1_320' title='bbox 747 1543 840 1578; x_wconf 64' lang='lat' dir='ltr'>saetis</span> <span class='ocrx_word' id='word_1_321' title='bbox 857 1543 988 1576; x_wconf 87' lang='lat' dir='ltr'>demum</span> <span class='ocrx_word' id='word_1_322' title='bbox 998 1540 1068 1589; x_wconf 84' lang='lat' dir='ltr'>ipsis</span> <span class='ocrx_word' id='word_1_323' title='bbox 1079 1542 1345 1578; x_wconf 85' lang='lat' dir='ltr'>demonstremus.</span> <span class='ocrx_word' id='word_1_324' title='bbox 1370 1543 1407 1578; x_wconf 86' lang='lat' dir='ltr'>Id</span> <span class='ocrx_word' id='word_1_325' title='bbox 1431 1545 1543 1590; x_wconf 87' lang='lat' dir='ltr'>utique</span> <span class='ocrx_word' id='word_1_326' title='bbox 1563 1542 1605 1576; x_wconf 84' lang='lat' dir='ltr'>ab</span> <span class='ocrx_word' id='word_1_327' title='bbox 1620 1543 1690 1578; x_wconf 86' lang='lat' dir='ltr'>aliis</span> <span class='ocrx_word' id='word_1_328' title='bbox 1705 1543 1782 1579; x_wconf 66' lang='lat' dir='ltr'>cum</span> <span class='ocrx_word' id='word_1_329' title='bbox 1820 1554 1823 1573; x_wconf 76' lang='grc' dir='ltr'>ἰ</span> 
     </span>
     <span class='ocr_line' id='line_1_31' title="bbox 396 1590 1824 1640; baseline 0.002 -15"><span class='ocrx_word' id='word_1_330' title='bbox 396 1592 560 1627; x_wconf 87' lang='lat' dir='ltr'>veteribus</span> <span class='ocrx_word' id='word_1_331' title='bbox 574 1623 582 1636; x_wconf 90' lang='lat'>,</span> <span class='ocrx_word' id='word_1_332' title='bbox 605 1604 671 1627; x_wconf 86' lang='lat' dir='ltr'>tum</span> <span class='ocrx_word' id='word_1_333' title='bbox 685 1590 920 1626; x_wconf 84' lang='lat' dir='ltr'>recentioribus</span> <span class='ocrx_word' id='word_1_334' title='bbox 937 1592 1046 1626; x_wconf 68' lang='lat' dir='ltr'>aetum</span> <span class='ocrx_word' id='word_1_335' title='bbox 1060 1592 1222 1626; x_wconf 81' lang='lat' dir='ltr'>novimus.</span> <span class='ocrx_word' id='word_1_336' title='bbox 1245 1592 1294 1624; x_wconf 80' lang='lat' dir='ltr'>Ac</span> <span class='ocrx_word' id='word_1_337' title='bbox 1315 1603 1391 1626; x_wconf 90' lang='lat' dir='ltr'>meo</span> <span class='ocrx_word' id='word_1_338' title='bbox 1410 1592 1540 1639; x_wconf 86' lang='lat' dir='ltr'>quidem</span> <span class='ocrx_word' id='word_1_339' title='bbox 1561 1592 1683 1640; x_wconf 85' lang='lat' dir='ltr'>judicio</span> <span class='ocrx_word' id='word_1_340' title='bbox 1698 1592 1781 1628; x_wconf 82' lang='lat' dir='ltr'>nihil</span> <span class='ocrx_word' id='word_1_341' title='bbox 1822 1593 1824 1616; x_wconf 61' lang='grc' dir='ltr'><em>ἶ</em></span> 
     </span>
     <span class='ocr_line' id='line_1_32' title="bbox 390 1638 1823 1689; baseline 0.002 -15"><span class='ocrx_word' id='word_1_342' title='bbox 390 1641 501 1675; x_wconf 78' lang='lat' dir='ltr'>nostra</span> <span class='ocrx_word' id='word_1_343' title='bbox 515 1642 645 1689; x_wconf 86' lang='lat' dir='ltr'>quidem</span> <span class='ocrx_word' id='word_1_344' title='bbox 659 1653 745 1687; x_wconf 71' lang='lat' dir='ltr'>etate</span> <span class='ocrx_word' id='word_1_345' title='bbox 756 1640 866 1676; x_wconf 89' lang='lat' dir='ltr'>utilius</span> <span class='ocrx_word' id='word_1_346' title='bbox 881 1639 957 1675; x_wconf 87' lang='lat' dir='ltr'>fidei</span> <span class='ocrx_word' id='word_1_347' title='bbox 969 1639 1085 1684; x_wconf 71' lang='lat' dir='ltr'>alende</span> <span class='ocrx_word' id='word_1_348' title='bbox 1098 1645 1131 1676; x_wconf 88' lang='lat'>&amp;</span> <span class='ocrx_word' id='word_1_349' title='bbox 1141 1638 1368 1675; x_wconf 67' lang='lat' dir='ltr'>confirmanda:</span> <span class='ocrx_word' id='word_1_350' title='bbox 1380 1639 1472 1675; x_wconf 87' lang='lat' dir='ltr'>scribi</span> <span class='ocrx_word' id='word_1_351' title='bbox 1486 1641 1733 1688; x_wconf 87' lang='lat' dir='ltr'>potest.Sednos</span> <span class='ocrx_word' id='word_1_352' title='bbox 1745 1652 1781 1676; x_wconf 92' lang='lat' dir='ltr'>ut</span> <span class='ocrx_word' id='word_1_353' title='bbox 1822 1672 1823 1677; x_wconf 71' lang='grc'>,</span> 
     </span>
     <span class='ocr_line' id='line_1_33' title="bbox 394 1689 1780 1739; baseline 0.001 -16"><span class='ocrx_word' id='word_1_354' title='bbox 394 1690 586 1738; x_wconf 77' lang='lat' dir='ltr'>Philosophi</span> <span class='ocrx_word' id='word_1_355' title='bbox 601 1692 633 1725; x_wconf 86' lang='lat' dir='ltr'>id</span> <span class='ocrx_word' id='word_1_356' title='bbox 647 1703 747 1725; x_wconf 88' lang='lat' dir='ltr'>unum</span> <span class='ocrx_word' id='word_1_357' title='bbox 764 1690 952 1739; x_wconf 86' lang='lat' dir='ltr'>suscepimus</span> <span class='ocrx_word' id='word_1_358' title='bbox 965 1717 975 1732; x_wconf 91' lang='lat'>,</span> <span class='ocrx_word' id='word_1_359' title='bbox 1001 1699 1036 1723; x_wconf 92' lang='lat' dir='ltr'>ut</span> <span class='ocrx_word' id='word_1_360' title='bbox 1046 1689 1262 1724; x_wconf 76' lang='lat' dir='ltr'>Christianam</span> <span class='ocrx_word' id='word_1_361' title='bbox 1276 1689 1471 1738; x_wconf 75' lang='lat' dir='ltr'>religionem</span> <span class='ocrx_word' id='word_1_362' title='bbox 1489 1691 1585 1724; x_wconf 66' lang='lat' dir='ltr'>10&amp;ae</span> <span class='ocrx_word' id='word_1_363' title='bbox 1603 1692 1721 1724; x_wconf 77' lang='lat' dir='ltr'>rationi</span> <span class='ocrx_word' id='word_1_364' title='bbox 1733 1690 1780 1725; x_wconf 87' lang='lat' dir='ltr'>es.</span> 
     </span>
     <span class='ocr_line' id='line_1_34' title="bbox 396 1736 1780 1788; baseline -0.001 -15"><span class='ocrx_word' id='word_1_365' title='bbox 396 1738 427 1773; x_wconf 85' lang='lat' dir='ltr'>se</span> <span class='ocrx_word' id='word_1_366' title='bbox 450 1742 590 1776; x_wconf 72' lang='lat' dir='ltr'>maxime</span> <span class='ocrx_word' id='word_1_367' title='bbox 621 1738 872 1779; x_wconf 79' lang='lat' dir='ltr'>consentaneam</span> <span class='ocrx_word' id='word_1_368' title='bbox 902 1744 941 1779; x_wconf 45' lang='grc' dir='ltr'>,δε</span> <span class='ocrx_word' id='word_1_369' title='bbox 971 1750 1047 1779; x_wconf 86' lang='lat' dir='ltr'>cuin</span> <span class='ocrx_word' id='word_1_370' title='bbox 1068 1749 1144 1772; x_wconf 89' lang='lat' dir='ltr'>vera</span> <span class='ocrx_word' id='word_1_371' title='bbox 1160 1736 1311 1787; x_wconf 79' lang='lat' dir='ltr'>sapientia</span> <span class='ocrx_word' id='word_1_372' title='bbox 1341 1740 1547 1788; x_wconf 55' lang='lat' dir='ltr'>conjunQini</span> <span class='ocrx_word' id='word_1_373' title='bbox 1582 1738 1752 1777; x_wconf 83' lang='lat' dir='ltr'>ostendere</span> <span class='ocrx_word' id='word_1_374' title='bbox 1764 1763 1780 1771; x_wconf 87' lang='lat'>-</span> 
     </span>
     <span class='ocr_line' id='line_1_35' title="bbox 399 1802 480 1832; baseline 0.037 -10"><span class='ocrx_word' id='word_1_375' title='bbox 399 1802 480 1832; x_wconf 74' lang='lat' dir='ltr'>inus.</span> 
     </span>
    </p>

    <p class='ocr_par' dir='ltr' id='par_1_5' title="bbox 391 1835 1824 2363">
     <span class='ocr_line' id='line_1_36' title="bbox 434 1835 1824 1887; baseline 0 -15"><span class='ocrx_word' id='word_1_376' title='bbox 434 1836 514 1886; x_wconf 85' lang='lat' dir='ltr'>Qo</span> <span class='ocrx_word' id='word_1_377' title='bbox 539 1849 646 1873; x_wconf 88' lang='lat' dir='ltr'>autem</span> <span class='ocrx_word' id='word_1_378' title='bbox 668 1839 699 1873; x_wconf 85' lang='lat' dir='ltr'>id</span> <span class='ocrx_word' id='word_1_379' title='bbox 725 1837 826 1887; x_wconf 83' lang='lat' dir='ltr'>ipsum</span> <span class='ocrx_word' id='word_1_380' title='bbox 850 1848 939 1873; x_wconf 88' lang='lat' dir='ltr'>certo</span> <span class='ocrx_word' id='word_1_381' title='bbox 956 1836 1070 1872; x_wconf 85' lang='lat' dir='ltr'>ordine</span> <span class='ocrx_word' id='word_1_382' title='bbox 1086 1840 1121 1873; x_wconf 82' lang='lat'><strong>&amp;</strong></span> <span class='ocrx_word' id='word_1_383' title='bbox 1143 1838 1268 1873; x_wconf 81' lang='lat' dir='ltr'>ratione</span> <span class='ocrx_word' id='word_1_384' title='bbox 1288 1835 1489 1879; x_wconf 84' lang='lat' dir='ltr'>efficeretur,</span> <span class='ocrx_word' id='word_1_385' title='bbox 1522 1835 1600 1870; x_wconf 90' lang='lat' dir='ltr'>illud</span> <span class='ocrx_word' id='word_1_386' title='bbox 1626 1848 1781 1883; x_wconf 82' lang='lat' dir='ltr'>tanquam</span> <span class='ocrx_word' id='word_1_387' title='bbox 1820 1838 1824 1847; x_wconf 91' lang='grc'><strong>’</strong></span> 
     </span>
     <span class='ocr_line' id='line_1_37' title="bbox 393 1884 1780 1934; baseline -0.004 -13"><span class='ocrx_word' id='word_1_388' title='bbox 393 1891 542 1921; x_wconf 79' lang='lat' dir='ltr'>omnium</span> <span class='ocrx_word' id='word_1_389' title='bbox 559 1899 629 1934; x_wconf 79' lang='lat' dir='ltr'>quae</span> <span class='ocrx_word' id='word_1_390' title='bbox 649 1889 763 1923; x_wconf 66' lang='lat' dir='ltr'>dietari</span> <span class='ocrx_word' id='word_1_391' title='bbox 778 1887 910 1922; x_wconf 85' lang='lat' dir='ltr'>essemus</span> <span class='ocrx_word' id='word_1_392' title='bbox 939 1886 1186 1921; x_wconf 85' lang='lat' dir='ltr'>fundamentum</span> <span class='ocrx_word' id='word_1_393' title='bbox 1203 1888 1358 1933; x_wconf 63' lang='lat' dir='ltr'>Jecimus,</span> <span class='ocrx_word' id='word_1_394' title='bbox 1382 1887 1460 1918; x_wconf 83' lang='lat' dir='ltr'>citra</span> <span class='ocrx_word' id='word_1_395' title='bbox 1479 1884 1577 1919; x_wconf 76' lang='lat' dir='ltr'>fidem</span> <span class='ocrx_word' id='word_1_396' title='bbox 1600 1897 1636 1918; x_wconf 87' lang='lat' dir='ltr'>ac</span> <span class='ocrx_word' id='word_1_397' title='bbox 1657 1885 1780 1920; x_wconf 81' lang='lat' dir='ltr'>revela.</span> 
     </span>
     <span class='ocr_line' id='line_1_38' title="bbox 395 1931 1783 1984; baseline -0.002 -14"><span class='ocrx_word' id='word_1_398' title='bbox 395 1939 520 1970; x_wconf 81' lang='lat' dir='ltr'>tionem</span> <span class='ocrx_word' id='word_1_399' title='bbox 543 1940 648 1972; x_wconf 85' lang='lat' dir='ltr'>Deum</span> <span class='ocrx_word' id='word_1_400' title='bbox 669 1937 689 1972; x_wconf 72' lang='grc' dir='ltr'>ὲ</span> <span class='ocrx_word' id='word_1_401' title='bbox 708 1935 803 1972; x_wconf 86' lang='lat' dir='ltr'>nobis</span> <span class='ocrx_word' id='word_1_402' title='bbox 821 1934 1053 1984; x_wconf 75' lang='lat' dir='ltr'>autcognosci,</span> <span class='ocrx_word' id='word_1_403' title='bbox 1072 1946 1126 1967; x_wconf 80' lang='lat' dir='ltr'>aut</span> <span class='ocrx_word' id='word_1_404' title='bbox 1147 1933 1209 1966; x_wconf 84' lang='lat' dir='ltr'>coli</span> <span class='ocrx_word' id='word_1_405' title='bbox 1227 1945 1263 1967; x_wconf 89' lang='lat' dir='ltr'>ut</span> <span class='ocrx_word' id='word_1_406' title='bbox 1286 1945 1341 1980; x_wconf 80' lang='lat' dir='ltr'>par</span> <span class='ocrx_word' id='word_1_407' title='bbox 1360 1933 1406 1966; x_wconf 84' lang='lat' dir='ltr'>est</span> <span class='ocrx_word' id='word_1_408' title='bbox 1422 1961 1432 1975; x_wconf 90' lang='lat'>‚</span> <span class='ocrx_word' id='word_1_409' title='bbox 1457 1945 1523 1966; x_wconf 88' lang='lat' dir='ltr'>non</span> <span class='ocrx_word' id='word_1_410' title='bbox 1538 1931 1634 1980; x_wconf 76' lang='lat' dir='ltr'>posse.</span> <span class='ocrx_word' id='word_1_411' title='bbox 1648 1935 1783 1977; x_wconf 51' lang='lat' dir='ltr'>Deinde¹</span> 
     </span>
     <span class='ocr_line' id='line_1_39' title="bbox 394 1980 1788 2035; baseline -0.001 -16"><span class='ocrx_word' id='word_1_412' title='bbox 394 1985 513 2033; x_wconf 80' lang='lat' dir='ltr'>quihus</span> <span class='ocrx_word' id='word_1_413' title='bbox 529 1988 610 2027; x_wconf 80' lang='lat' dir='ltr'>notis</span> <span class='ocrx_word' id='word_1_414' title='bbox 623 1997 679 2027; x_wconf 77' lang='lat' dir='ltr'>aut</span> <span class='ocrx_word' id='word_1_415' title='bbox 693 1988 889 2035; x_wconf 72' lang='lat' dir='ltr'>argumentis</span> <span class='ocrx_word' id='word_1_416' title='bbox 908 1997 992 2019; x_wconf 85' lang='lat' dir='ltr'>verae</span> <span class='ocrx_word' id='word_1_417' title='bbox 1008 1983 1028 2017; x_wconf 68' lang='lat'>21</span> <span class='ocrx_word' id='word_1_418' title='bbox 1046 1981 1126 2017; x_wconf 79' lang='lat' dir='ltr'>falsis</span> <span class='ocrx_word' id='word_1_419' title='bbox 1142 1980 1396 2016; x_wconf 76' lang='lat' dir='ltr'>revelationibus</span> <span class='ocrx_word' id='word_1_420' title='bbox 1413 1980 1654 2029; x_wconf 78' lang='lat' dir='ltr'>dignoscantur,</span> <span class='ocrx_word' id='word_1_421' title='bbox 1677 1982 1788 2028; x_wconf 82' lang='lat' dir='ltr'>expli-·</span> 
     </span>
     <span class='ocr_line' id='line_1_40' title="bbox 394 2029 1777 2078; baseline -0.001 -10"><span class='ocrx_word' id='word_1_422' title='bbox 394 2047 466 2068; x_wconf 37' lang='lat' dir='ltr'>crire</span> <span class='ocrx_word' id='word_1_423' title='bbox 477 2037 584 2068; x_wconf 87' lang='lat' dir='ltr'>conati</span> <span class='ocrx_word' id='word_1_424' title='bbox 597 2033 698 2069; x_wconf 88' lang='lat' dir='ltr'>sumus</span> <span class='ocrx_word' id='word_1_425' title='bbox 723 2047 731 2067; x_wconf 88' lang='lat'><strong>:</strong></span> <span class='ocrx_word' id='word_1_426' title='bbox 752 2047 825 2068; x_wconf 84' lang='lat' dir='ltr'>cum</span> <span class='ocrx_word' id='word_1_427' title='bbox 835 2044 948 2067; x_wconf 88' lang='lat' dir='ltr'>omnes</span> <span class='ocrx_word' id='word_1_428' title='bbox 958 2043 1049 2078; x_wconf 92' lang='lat' dir='ltr'>-pene</span> <span class='ocrx_word' id='word_1_429' title='bbox 1070 2030 1242 2078; x_wconf 82' lang='lat' dir='ltr'>religiones</span> <span class='ocrx_word' id='word_1_430' title='bbox 1266 2030 1330 2064; x_wconf 83' lang='lat' dir='ltr'>suas</span> <span class='ocrx_word' id='word_1_431' title='bbox 1344 2029 1530 2064; x_wconf 84' lang='lat' dir='ltr'>obtendant</span> <span class='ocrx_word' id='word_1_432' title='bbox 1559 2030 1777 2067; x_wconf 81' lang='lat' dir='ltr'>revelationes</span> 
     </span>
     <span class='ocr_line' id='line_1_41' title="bbox 393 2077 1824 2130; baseline -0.002 -13"><span class='ocrx_word' id='word_1_433' title='bbox 393 2082 459 2130; x_wconf 67' lang='lat' dir='ltr'>qua</span> <span class='ocrx_word' id='word_1_434' title='bbox 473 2094 575 2125; x_wconf 82' lang='lat' dir='ltr'>veras,</span> <span class='ocrx_word' id='word_1_435' title='bbox 592 2082 659 2130; x_wconf 64' lang='lat' dir='ltr'>qua</span> <span class='ocrx_word' id='word_1_436' title='bbox 671 2082 762 2123; x_wconf 74' lang='lat' dir='ltr'>falsas</span> <span class='ocrx_word' id='word_1_437' title='bbox 776 2109 787 2125; x_wconf 93' lang='lat'><strong>,</strong></span> <span class='ocrx_word' id='word_1_438' title='bbox 806 2090 836 2127; x_wconf 76' lang='lat'>30</span> <span class='ocrx_word' id='word_1_439' title='bbox 851 2085 946 2116; x_wconf 84' lang='lat' dir='ltr'>Verae</span> <span class='ocrx_word' id='word_1_440' title='bbox 963 2085 996 2120; x_wconf 84' lang='lat'><strong>&amp;</strong></span> <span class='ocrx_word' id='word_1_441' title='bbox 1008 2078 1124 2113; x_wconf 86' lang='lat' dir='ltr'>divinae</span> <span class='ocrx_word' id='word_1_442' title='bbox 1137 2078 1342 2114; x_wconf 80' lang='lat' dir='ltr'>revelationis</span> <span class='ocrx_word' id='word_1_443' title='bbox 1354 2090 1446 2114; x_wconf 80' lang='lat' dir='ltr'>notas</span> <span class='ocrx_word' id='word_1_444' title='bbox 1456 2081 1488 2114; x_wconf 88' lang='lat' dir='ltr'>in</span> <span class='ocrx_word' id='word_1_445' title='bbox 1505 2077 1606 2113; x_wconf 85' lang='lat' dir='ltr'>libros</span> <span class='ocrx_word' id='word_1_446' title='bbox 1629 2091 1695 2114; x_wconf 82' lang='lat' dir='ltr'>turn</span> <span class='ocrx_word' id='word_1_447' title='bbox 1716 2092 1775 2115; x_wconf 81' lang='lat' dir='ltr'>ve-</span> <span class='ocrx_word' id='word_1_448' title='bbox 1822 2100 1824 2102; x_wconf 38' lang='lat' dir='ltr'>v</span> 
     </span>
     <span class='ocr_line' id='line_1_42' title="bbox 393 2127 1778 2176; baseline -0.004 -10"><span class='ocrx_word' id='word_1_449' title='bbox 393 2135 469 2167; x_wconf 82' lang='lat' dir='ltr'>teris</span> <span class='ocrx_word' id='word_1_450' title='bbox 486 2161 495 2175; x_wconf 94' lang='lat'>‚</span> <span class='ocrx_word' id='word_1_451' title='bbox 508 2143 577 2166; x_wconf 85' lang='lat' dir='ltr'>tum</span> <span class='ocrx_word' id='word_1_452' title='bbox 588 2134 665 2165; x_wconf 91' lang='lat' dir='ltr'>novi</span> <span class='ocrx_word' id='word_1_453' title='bbox 675 2131 877 2172; x_wconf 83' lang='lat' dir='ltr'>Testamenti</span> <span class='ocrx_word' id='word_1_454' title='bbox 886 2129 1060 2164; x_wconf 87' lang='lat' dir='ltr'>convenire</span> <span class='ocrx_word' id='word_1_455' title='bbox 1069 2128 1261 2162; x_wconf 87' lang='lat' dir='ltr'>ostendimus</span> <span class='ocrx_word' id='word_1_456' title='bbox 1278 2142 1285 2163; x_wconf 93' lang='lat'><strong>:</strong></span> <span class='ocrx_word' id='word_1_457' title='bbox 1300 2140 1337 2162; x_wconf 85' lang='lat' dir='ltr'>ex</span> <span class='ocrx_word' id='word_1_458' title='bbox 1347 2139 1414 2174; x_wconf 92' lang='lat' dir='ltr'>quo</span> <span class='ocrx_word' id='word_1_459' title='bbox 1425 2127 1499 2161; x_wconf 84' lang='lat' dir='ltr'>licet</span> <span class='ocrx_word' id='word_1_460' title='bbox 1519 2127 1672 2176; x_wconf 83' lang='lat' dir='ltr'>colligere</span> <span class='ocrx_word' id='word_1_461' title='bbox 1686 2140 1778 2162; x_wconf 85' lang='lat' dir='ltr'>vera-</span> 
     </span>
     <span class='ocr_line' id='line_1_43' title="bbox 391 2176 1776 2228; baseline -0.002 -14"><span class='ocrx_word' id='word_1_462' title='bbox 391 2195 443 2215; x_wconf 84' lang='lat' dir='ltr'>ces</span> <span class='ocrx_word' id='word_1_463' title='bbox 459 2180 520 2216; x_wconf 83' lang='lat' dir='ltr'>esse</span> <span class='ocrx_word' id='word_1_464' title='bbox 530 2181 671 2216; x_wconf 70' lang='lat' dir='ltr'>historias</span> <span class='ocrx_word' id='word_1_465' title='bbox 684 2210 693 2224; x_wconf 83' lang='lat'>‚</span> <span class='ocrx_word' id='word_1_466' title='bbox 711 2193 780 2228; x_wconf 80' lang='lat' dir='ltr'>quae</span> <span class='ocrx_word' id='word_1_467' title='bbox 792 2181 828 2213; x_wconf 87' lang='lat' dir='ltr'>iis</span> <span class='ocrx_word' id='word_1_468' title='bbox 845 2178 932 2213; x_wconf 87' lang='lat' dir='ltr'>libris</span> <span class='ocrx_word' id='word_1_469' title='bbox 951 2179 1171 2212; x_wconf 77' lang='lat' dir='ltr'>continentur.</span> <span class='ocrx_word' id='word_1_470' title='bbox 1187 2179 1273 2224; x_wconf 84' lang='lat' dir='ltr'>Qae</span> <span class='ocrx_word' id='word_1_471' title='bbox 1293 2177 1427 2224; x_wconf 85' lang='lat' dir='ltr'>quidem</span> <span class='ocrx_word' id='word_1_472' title='bbox 1442 2177 1600 2223; x_wconf 79' lang='lat' dir='ltr'>postrema</span> <span class='ocrx_word' id='word_1_473' title='bbox 1617 2176 1776 2212; x_wconf 79' lang='lat' dir='ltr'>conclusio</span> 
     </span>
     <span class='ocr_line' id='line_1_44' title="bbox 392 2224 1777 2275; baseline -0.004 -10"><span class='ocrx_word' id='word_1_474' title='bbox 392 2229 461 2265; x_wconf 84' lang='lat' dir='ltr'>fuse</span> <span class='ocrx_word' id='word_1_475' title='bbox 471 2231 705 2265; x_wconf 79' lang='lat' dir='ltr'>demonstratur</span> <span class='ocrx_word' id='word_1_476' title='bbox 719 2230 738 2264; x_wconf 66' lang='lat' dir='ltr'>a</span> <span class='ocrx_word' id='word_1_477' title='bbox 751 2233 792 2265; x_wconf 91' lang='lat' dir='ltr'>D.</span> <span class='ocrx_word' id='word_1_478' title='bbox 808 2230 934 2263; x_wconf 80' lang='lat' dir='ltr'>Huetio</span> <span class='ocrx_word' id='word_1_479' title='bbox 942 2224 1167 2275; x_wconf 72' lang='lat' dir='ltr'>propositione</span> <span class='ocrx_word' id='word_1_480' title='bbox 1179 2228 1421 2269; x_wconf 80' lang='lat' dir='ltr'>tertia‚eamque</span> <span class='ocrx_word' id='word_1_481' title='bbox 1432 2225 1452 2259; x_wconf 79' lang='grc' dir='ltr'>ὲι</span> <span class='ocrx_word' id='word_1_482' title='bbox 1465 2225 1649 2259; x_wconf 82' lang='lat' dir='ltr'>testimoniis</span> <span class='ocrx_word' id='word_1_483' title='bbox 1665 2226 1777 2261; x_wconf 81' lang='lat' dir='ltr'>Ethni-</span> 
     </span>
     <span class='ocr_line' id='line_1_45' title="bbox 393 2272 1776 2328; baseline -0.002 -17"><span class='ocrx_word' id='word_1_484' title='bbox 393 2291 505 2313; x_wconf 83' lang='lat' dir='ltr'>corum</span> <span class='ocrx_word' id='word_1_485' title='bbox 519 2280 745 2328; x_wconf 65' lang='lat' dir='ltr'>&amp;judaeorum</span> <span class='ocrx_word' id='word_1_486' title='bbox 763 2276 954 2312; x_wconf 79' lang='lat' dir='ltr'>confirmat:</span> <span class='ocrx_word' id='word_1_487' title='bbox 971 2273 1088 2309; x_wconf 73' lang='lat' dir='ltr'>verum</span> <span class='ocrx_word' id='word_1_488' title='bbox 1097 2272 1274 2322; x_wconf 70' lang='lat' dir='ltr'>ea-longius</span> <span class='ocrx_word' id='word_1_489' title='bbox 1285 2286 1344 2310; x_wconf 79' lang='lat' dir='ltr'>nos</span> <span class='ocrx_word' id='word_1_490' title='bbox 1356 2272 1556 2309; x_wconf 80' lang='lat' dir='ltr'>abducerent</span> <span class='ocrx_word' id='word_1_491' title='bbox 1570 2290 1579 2317; x_wconf 79' lang='lat'>3</span> <span class='ocrx_word' id='word_1_492' title='bbox 1595 2273 1645 2308; x_wconf 90' lang='lat' dir='ltr'>sed</span> <span class='ocrx_word' id='word_1_493' title='bbox 1659 2285 1727 2309; x_wconf 86' lang='lat' dir='ltr'>tota</span> <span class='ocrx_word' id='word_1_494' title='bbox 1739 2286 1776 2308; x_wconf 81' lang='lat' dir='ltr'>ea</span> 
     </span>
     <span class='ocr_line' id='line_1_46' title="bbox 395 2325 1039 2363; baseline -0.005 -1"><span class='ocrx_word' id='word_1_495' title='bbox 395 2329 478 2362; x_wconf 69' lang='lat' dir='ltr'>ratio</span> <span class='ocrx_word' id='word_1_496' title='bbox 491 2328 529 2362; x_wconf 83' lang='lat' dir='ltr'>sic</span> <span class='ocrx_word' id='word_1_497' title='bbox 546 2329 689 2363; x_wconf 85' lang='lat' dir='ltr'>breviter</span> <span class='ocrx_word' id='word_1_498' title='bbox 704 2326 745 2361; x_wconf 80' lang='lat' dir='ltr'>ab</span> <span class='ocrx_word' id='word_1_499' title='bbox 763 2339 803 2361; x_wconf 88' lang='lat' dir='ltr'>eo</span> <span class='ocrx_word' id='word_1_500' title='bbox 825 2325 1039 2360; x_wconf 87' lang='lat' dir='ltr'>concluditur.</span> 
     </span>
    </p>

    <p class='ocr_par' dir='ltr' id='par_1_6' title="bbox 442 2368 1774 2424">
     <span class='ocr_line' id='line_1_47' title="bbox 442 2368 1774 2424; baseline -0.002 -14"><span class='ocrx_word' id='word_1_501' title='bbox 442 2375 541 2424; x_wconf 80' lang='lat' dir='ltr'>Qod</span> <span class='ocrx_word' id='word_1_502' title='bbox 554 2377 572 2412; x_wconf 82' lang='lat' dir='ltr'>fi</span> <span class='ocrx_word' id='word_1_503' title='bbox 593 2389 642 2412; x_wconf 88' lang='lat' dir='ltr'>tot</span> <span class='ocrx_word' id='word_1_504' title='bbox 661 2375 813 2411; x_wconf 62' lang='lat' dir='ltr'>miracula</span> <span class='ocrx_word' id='word_1_505' title='bbox 829 2375 968 2423; x_wconf 79' lang='lat' dir='ltr'>patravit</span> <span class='ocrx_word' id='word_1_506' title='bbox 982 2371 1073 2421; x_wconf 85' lang='lat' dir='ltr'>Jesus</span> <span class='ocrx_word' id='word_1_507' title='bbox 1091 2388 1100 2414; x_wconf 92' lang='lat'>·,</span> <span class='ocrx_word' id='word_1_508' title='bbox 1117 2368 1138 2406; x_wconf 81' lang='lat' dir='ltr'>fi</span> <span class='ocrx_word' id='word_1_509' title='bbox 1159 2381 1207 2407; x_wconf 88' lang='lat' dir='ltr'>tot</span> <span class='ocrx_word' id='word_1_510' title='bbox 1226 2369 1410 2420; x_wconf 78' lang='lat' dir='ltr'>prophetias</span> <span class='ocrx_word' id='word_1_511' title='bbox 1425 2371 1526 2406; x_wconf 82' lang='lat' dir='ltr'>edidit</span> <span class='ocrx_word' id='word_1_512' title='bbox 1538 2399 1548 2414; x_wconf 83' lang='lat'><em>,</em></span> <span class='ocrx_word' id='word_1_513' title='bbox 1567 2383 1634 2419; x_wconf 72' lang='lat' dir='ltr'>quae</span> <span class='ocrx_word' id='word_1_514' title='bbox 1657 2370 1774 2407; x_wconf 82' lang='lat' dir='ltr'>deinde</span> 
     </span>
    </p>
   </div>
   <div class='ocr_carea' id='block_1_2' title="bbox 1815 282 1851 2339">
    <p class='ocr_par' dir='ltr' id='par_1_7' title="bbox 1815 282 1851 2339">
     <span class='ocr_line' id='line_1_48' title="bbox 1815 282 1851 2339; baseline 0 0"><span class='ocrx_word' id='word_1_515' title='bbox 1815 282 1851 2339; x_wconf 95' lang='lat' dir='ltr'> </span> 
     </span>
    </p>
   </div>
  </div>
 </body>
</html>
