1857 2745
97 194 208 242 utique
220 193 346 240 Logicae
360 191 518 240 praecipuo
528 190 676 239 quodam
694 194 763 237 jure
778 191 957 234 convenio,
976 200 1050 224 cum
1068 191 1228 224 rationem
1251 187 1350 237 ipsam
1365 155 1481 237 dirig5a9t

98 249 131 281 ὅ(
147 241 302 291 perficiat.

131 291 283 337 Confirm.
300 292 358 326 Ars
372 289 524 325 definitur
533 288 662 325 habitus
672 302 747 325 vera
762 302 834 323 cum
850 291 977 324 ratione
1003 287 1192 325 effeffivus:
1207 286 1259 322 sed
1272 289 1394 336 Logica
1408 299 1484 323 vera

96 353 168 376 curn
196 343 323 374 ratione
343 369 354 384 ‚
390 339 453 374 hoc
477 340 520 374 est
532 369 542 384 ‚
575 342 671 374 certis
707 338 823 387 regulis
849 340 962 374 innixa
992 338 1112 386 aliquid
1139 338 1290 385 operatur
1313 342 1346 373 &
1363 335 1463 372 efficit
1474 366 1484 381 ,

97 402 171 426 cum
183 391 301 425 mentis
316 387 502 424 funffiones
516 389 556 423 ad
574 392 748 424 veritatem
766 389 883 435 dirigit.
903 386 1041 423 Effeffio
1060 388 1148 421 enim
1161 387 1277 420 dicitur
1287 389 1393 420 omnis
1403 399 1485 435 ope-

97 441 184 473 ratio
200 451 343 487 quaenon
354 437 396 472 ad
418 438 620 473 honestatem
638 444 646 479 (
667 450 733 473 tum
752 439 839 472 enim
856 439 987 486 proprie
1004 436 1047 470 est
1061 437 1149 470 actio
1166 438 1177 478 >
1198 433 1250 469 sed
1275 436 1314 469 ad
1328 434 1428 471 alium
1446 435 1486 471 fi-

98 500 175 524 nem
196 488 320 523 tendit:
342 498 421 536 ergo
431 489 553 536 Logica
568 489 612 522 est
625 500 674 522 ars
693 489 821 539 proprie
835 486 932 522 dicta.

97 544 110 581 γ
137 537 216 584 Qo
226 548 334 572 autem
349 536 476 571 facilius
488 565 497 580 ,
513 549 584 584 quae
600 539 724 585 opponi
741 536 862 579 solent,
880 532 1089 570 dissolvantur
1101 562 1110 577 ‚
1132 534 1162 567 id
1179 543 1326 567 notatum
1342 546 1486 580 oportet,

100 587 191 633 quod
204 597 239 620 ut
256 585 371 620 eadem
380 587 479 620 virtus
491 588 609 621 mentis
622 615 631 629 ‚
650 585 864 634 &lapientia‚
887 590 920 621 &
936 583 1068 618 scientia
1092 583 1155 616 dici
1181 582 1300 628 pmest,
1326 594 1398 616 cum
1426 596 1488 617 una

103 637 158 668 vix
177 633 218 668 ab
237 634 299 669 alia
326 633 454 670 differat
472 649 481 670 t
508 647 607 682 atque
620 648 654 670 ut
666 634 794 669 scientia
804 632 992 681 speculatrix
1004 637 1037 669 &
1053 633 1192 680 praffica
1208 630 1332 665 diverso
1345 631 1490 680 respedhr

100 685 306 718 nominatur:
326 696 398 718 cum
413 685 501 718 enini
525 683 589 719 solii
603 683 881 732 contemplatione
898 693 1052 717 contenta
1076 682 1119 715 cst
1133 710 1142 723 ,
1169 679 1363 728 speculativa
1382 684 1490 717 nomi-

102 743 216 773 natur;
241 732 405 779 praefica,
429 745 500 766 cum
519 734 558 766 ad
577 746 657 780 opus
680 733 794 766 tendit.
822 730 928 765 Simili
949 731 1083 777 quidem
1108 731 1232 763 ratione
1249 730 1364 765 eadem
1392 732 1490 765 virtus

103 783 223 814 mentis
235 809 244 824 ‚
267 792 322 814 aut
341 779 472 814 habitus
488 779 622 817 simul&
637 780 788 822 scientia,
807 784 898 816 &ars
911 779 975 813 dici
988 780 1107 827 potest:
1131 778 1262 813 scientia
1275 791 1346 813 cum
1369 778 1493 829 objeffi

103 840 251 865 naturam
269 827 446 864 considerat
456 858 465 872 ,
481 833 586 876 &ejus
601 830 815 878 proprietates
828 827 1038 870 demonstran
1051 840 1100 862 ars
1115 840 1193 863 vero
1204 830 1401 872 nominatur,
1413 842 1493 876 qua-

104 888 197 914 tenus
211 889 367 927 praecepta
378 879 542 925 quaedam,
569 890 626 913 aut
642 877 766 926 regulas
783 876 878 912 utiles
895 876 1069 925 praescribit
1084 905 1093 920 ‚
1139 876 1256 924 easque
1278 881 1464 923 exequitur.

145 928 340 964 Notandum
351 940 383 963 20
393 926 552 975 Ejufinodi
563 925 794 961 controversias
810 928 842 960 in
856 925 990 960 vocibus
1004 938 1121 974 magna
1132 937 1170 959 ex
1192 938 1282 973 parte
1301 926 1415 973 positas
1433 940 1493 975 op-

107 978 187 1011 tima
206 978 332 1010 ratione
351 987 420 1010 tum
431 974 576 1016 diss'olvi,
601 987 674 1009 cum
685 987 804 1008 vocum
825 972 1020 1022 ambiguitas
1041 974 1175 1008 tollitur.
1208 976 1259 1008 Sic
1285 977 1493 1010 concedimus

105 1024 272 1059 scientiam
289 1024 468 1070 aliquando>
483 1036 548 1058 tam
559 1023 657 1070 presla
678 1022 910 1070 significatione
926 1025 1049 1069 accipi,
1074 1035 1110 1056 ut
1140 1024 1260 1069 Logica
1282 1021 1413 1059 scientia
1431 1026 1495 1058 dici

96 1085 176 1112 vnon
193 1071 297 1119 poffit.
310 1071 416 1106 Simili
428 1074 554 1106 ratione
567 1073 643 1104 artis
657 1083 779 1105 nomen
796 1069 970 1115 aliquando
990 1082 1049 1117 pro
1067 1081 1136 1103 arte
1148 1070 1335 1103 mechanica
1351 1077 1383 1107 &
1398 1071 1495 1106 servi-

105 1120 151 1165 li,
178 1133 248 1168 quae
258 1120 381 1169 aliquid
398 1119 543 1155 sensibile
560 1118 700 1154 exterius
721 1117 821 1153 efficit
832 1147 841 1162 ‚
852 1118 1036 1165 usurpatur-3
1052 1129 1187 1165 tumque
1198 1119 1323 1165 Logi'cae
1336 1133 1403 1155 non
1417 1133 1496 1156 con-

107 1168 287 1206 venitmifi
295 1170 381 1205 forte
393 1173 481 1218 ju-xta
495 1168 690 1206 Nominales
706 1198 715 1212 ‚
739 1170 794 1216 qui
809 1167 988 1201 sermonem
1006 1169 1200 1201 exteriorem
1223 1170 1415 1216 praecipuum
1429 1172 1495 1205 Lo-

107 1221 186 1269 gicae
195 1218 357 1268 obje&uiii
373 1219 521 1256 statuunt.
543 1220 622 1254 Non
639 1229 792 1266 negamus
807 1227 917 1252 tamen
935 1218 1126 1251 exteriortm
1145 1215 1323 1251 sermonem
1341 1218 1382 1252 ad
1398 1221 1497 1265 Loqi.

110 1281 182 1304 cam
192 1271 355 1317 pertinere
365 1295 372 1307 ‚
386 1279 421 1303 ut
434 1266 603 1316 objectum
616 1265 834 1310 secundarium
851 1280 857 1301 :
876 1279 952 1301 nam
971 1271 1003 1301 ὅ(
1015 1263 1148 1299 definire
1159 1265 1255 1300 dscct
1267 1293 1275 1307 ,
1296 1272 1328 1302 δ(
1339 1259 1497 1311 dividere,

109 1323 145 1356 δε
158 1320 261 1353 varias
272 1315 505 1366 propositiones
522 1330 560 1351 ac
578 1314 777 1366 syllogismos
801 1316 920 1363 Logica
939 1314 1056 1357 efficit3
1085 1325 1184 1361 atque
1206 1326 1244 1348 ea
1273 1318 1399 1352 ratione
1419 1320 1496 1352 artis

111 1369 246 1404 nomine
261 1379 326 1403 tam
337 1367 379 1402 est
390 1366 540 1402 donanda
555 1395 564 1410 ‚
588 1364 688 1413 quani
708 1366 926 1399 Grammatica
938 1393 947 1407 ‚
969 1375 1024 1398 aut
1042 1362 1228 1399 Rhetorica..

604 1414 784 1448 Solvuntur
809 1411 999 1452 obseHiones.

151 1467 237 1516 Opp.
248 1470 277 1502 1⁰
293 1469 441 1503 Omnem
453 1477 556 1501 artem
569 1466 652 1500 circa
662 1474 744 1511 opus
755 1459 899 1496 sensibile
912 1461 1048 1497 versari:
1072 1460 1123 1497 sed
1142 1460 1267 1497 nullum
1282 1461 1322 1496 est
1335 1476 1416 1511 opus
1429 1463 1483 1500 sen
1493 1488 1505 1495 .

115 1513 204 1550 fibile
220 1518 362 1564 Logicae.
561 1524 566 1527 ·

148 1565 187 1596 R.
199 1564 497 1607 Dist.maj.Ornnis
509 1574 558 1596 ars
569 1559 932 1596 servilis&mechanica
944 1585 954 1601 ,
987 1559 1027 1593 C.
1045 1559 1165 1593 Omnis
1187 1569 1235 1590 ars
1261 1557 1425 1600 liberalis,
1446 1574 1501 1597 cu-

116 1611 251 1659 jusmodi
266 1612 309 1646 est
320 1614 441 1660 Logica
451 1640 460 1653 ‚
479 1613 592 1658 Nego.

151 1661 236 1708 Opp,
249 1665 282 1694 2⁰
294 1661 384 1695 Idem
399 1659 528 1695 habitus
547 1658 721 1693 scientia&
734 1668 783 1690 ars
798 1652 935 1691 essenon
949 1655 1051 1703 potest
1065 1669 1072 1692 :
1095 1654 1147 1689 sed
1163 1656 1283 1703 Logica
1299 1656 1344 1691 est
1359 1655 1501 1693 scientia:
1518 1673 1521 1676 ·

118 1711 201 1757 Ergo
212 1708 330 1743 eadem
344 1721 392 1744 ars
403 1709 466 1742 dici
480 1720 547 1742 non
567 1707 681 1755 potest.

158 1759 196 1793 R.
212 1756 285 1802 dist.
301 1761 379 1801 maj.
390 1757 481 1794 Idem
492 1755 620 1791 habitus
636 1754 767 1790 scientia
784 1760 818 1792 &
837 1765 884 1788 ars
897 1752 958 1787 effe
968 1755 1100 1801 nequit,
1126 1754 1243 1789 eodem
1261 1753 1403 1802 respeeiu
1416 1783 1426 1798 ‚
1446 1767 1503 1790 aut

118 1806 177 1844 sub
192 1806 307 1841 eadem
323 1808 450 1841 ratione
463 1834 473 1849 ,
496 1805 540 1841 C.
551 1803 677 1839 diverso
691 1804 836 1853 respedlu
846 1832 855 1846 ‚
876 1805 921 1838 N.
937 1804 988 1837 Sic
1000 1804 1120 1850 Logica
1140 1815 1297 1850 quatenus
1310 1804 1504 1839 demonstrat

118 1856 166 1893 sui
183 1854 306 1904 objecti
324 1858 539 1905 proprietates
551 1884 561 1898 ‚
572 1855 619 1888 est
629 1853 760 1888 scientia
770 1854 986 1889 Theoretica:
998 1863 1155 1898 quatenus
1168 1863 1250 1886 vero¹
1264 1862 1366 1885 certas
1380 1852 1504 1901 regulas

119 1903 313 1956 praescrib‘it‚
332 1917 461 1940 eatenus
472 1905 516 1938 est
527 1904 686 1951 praefica,
700 1914 798 1949 atque
814 1904 889 1936 artis
913 1902 1013 1934 etiam
1036 1912 1158 1935 nornen
1175 1898 1232 1935 sibi
1246 1900 1391 1934 vindicat
1405 1915 1412 1936 :
1427 1914 1504 1936 nam

121 1956 239 1991 mentis
257 1956 402 1990 actiones
423 1952 594 1988 artificiose
608 1951 750 2000 disponit
767 1964 803 1985 ac
821 1948 957 1998 perficit.
979 1948 1079 1984 Unde
1094 1948 1234 1984 fatemur
1249 1949 1388 1983 eundem
1409 1949 1504 1985 habi-

123 2015 192 2038 tum
209 2016 275 2038 non
295 2001 355 2038 effe
365 2002 453 2038 simul
463 2014 572 2037 artem
584 2007 618 2038 &
637 2000 803 2035 scientiam
819 1998 1052 2048 speculativam
1063 2014 1073 2041 3
1096 1996 1148 2033 sed
1163 1997 1244 2034 nihil
1262 1998 1398 2046 impedit
1420 2011 1505 2046 quo-

125 2054 229 2087 minus
242 2051 277 2087 fit
289 2065 337 2086 ars
349 2050 438 2087 simul
454 2057 487 2088 &
498 2051 630 2086 scientia
645 2052 803 2098 mastica--

172 2100 310 2144 Instant.
326 2101 447 2137 Eadem
458 2106 493 2138 &
509 2099 639 2150 simplex
660 2099 796 2146 qualitas
807 2096 896 2132 simul
910 2097 1041 2133 scientia
1058 2103 1092 2135 δε
1104 2109 1151 2132 ars
1165 2095 1223 2133 effe
1237 2109 1303 2133 non
1316 2097 1419 2145 potest
1433 2111 1440 2134 :
1452 2095 1510 2132 sed·

125 2151 246 2198 Logica
258 2151 301 2185 est
319 2163 382 2186 una
400 2150 541 2198 qualitas
557 2179 566 2193 ,
590 2154 711 2186 &unus
724 2147 864 2182 habitus.
886 2150 989 2195 Ergo,
1007 2152 1089 2184 δίε.-

161 2200 200 2234 R.
219 2199 302 2244 Dist.
332 2203 413 2242 maj.
442 2200 561 2234 Eadem
588 2197 725 2245 qualitas
752 2198 870 2231 eodem
888 2197 989 2231 modo
1003 2196 1159 2244 spectata,
1186 2195 1225 2231 C.
1241 2194 1371 2230 diver&
1381 2196 1508 2231 ratione

127 2246 342 2292 considerata,
363 2249 413 2284 N.
432 2251 552 2296 Neque
563 2248 594 2282 id
611 2249 729 2282 mirum
743 2246 846 2280 videri
870 2244 969 2280 debet
982 2274 991 2289 ,
1013 2258 1086 2280 cum
1109 2246 1296 2279 Geometria
1322 2242 1358 2279 fit
1378 2244 1510 2280 scientia

110 2329 113 2332 .
130 2295 319 2344 speculatrix
333 2327 342 2342 ‚
365 2309 521 2346 quatenus·
548 2296 715 2346 figurarum
729 2298 941 2343 proprietates
961 2294 1154 2329 demonstrat
1166 2321 1177 2335 ,
1197 2295 1273 2328 artis
1297 2306 1429 2341 quoque
1449 2294 1509 2328 ha-

130 2344 211 2382 beat
223 2348 403 2390 rationem,
422 2359 580 2394 quatenus
593 2345 878 2379 demonstrationes
897 2344 937 2377 ad
958 2343 1043 2377 usum
1058 2372 1068 2386 ‚
1091 2353 1127 2376 ut
1141 2342 1181 2375 ad
1201 2353 1321 2376 terram
1334 2343 1510 2377 dimetien-

132 2393 367 2434 damvadhibet.
387 2397 477 2434 Idem
493 2396 535 2432 est
546 2395 703 2444 judicium
715 2393 754 2430 de
769 2393 983 2431 Arithmetica
995 2420 1004 2438 ‚
1029 2390 1306 2440 quaerspecuiamx
1320 2390 1407 2427 simul
1425 2391 1467 2427 est
1477 2397 1512 2428 ἃς

1258 2442 1342 2489 Ηι)
