1857 2745
585 127 983 164 GENERATIM.
1434 136 1470 178 59

546 211 641 258 QU
669 212 708 244 AE
729 212 750 245 S
769 212 799 245 T
820 213 834 244 1
854 212 888 246 O
934 211 1003 245 lv.

444 289 500 326 De
516 293 673 342 precipua
685 292 888 338 [⁷77ive73shlis
901 292 1107 341 proprietate.

85 373 242 462 CUm
258 372 409 423 cujusque
418 375 464 408 rei
501 376 693 422 roprietatcs
710 387 748 410 ex
768 373 850 408 illius
863 383 975 408 natura
989 372 1149 420 profluant
1163 401 1171 416 ‚
1190 375 1320 421 quando
1347 380 1393 412 rei
1420 380 1480 415 al*-

173 429 258 474 cujus
274 436 420 460 naturam
436 386 592 458 bagennis
612 423 811 472 perspectam
827 451 836 466 ,
857 422 961 457 statim
977 421 1059 456 illius
1084 424 1300 471 proprietates
1324 427 1408 474 quali
1428 429 1479 464 ul-

89 474 255 510 tromenti
269 471 331 508 sese
345 472 495 508 offerunt.
519 476 554 507 In
573 473 744 508 universali
761 484 870 506 autem
882 500 891 515 ‚
914 471 998 506 utin
1021 473 1111 507 omni
1130 475 1272 508 termino
1297 488 1451 512 concreto
1468 507 1477 522 ,

87 523 152 558 duo
169 521 238 558 sunt
257 534 327 571 quae
341 522 382 556 ad
391 521 476 557 illius
489 526 825 572 naturampertinent,
838 521 974 556 materia
987 518 1108 556 scilicet
1124 525 1158 557 δε
1173 521 1290 558 forma.
1303 527 1390 560 Hinc
1403 540 1474 574 pro.

86 574 241 620 prietates
253 570 438 608 universalis
451 570 518 607 aliae
529 575 697 608 materiam
708 570 943 618 consequuntur
959 582 966 603 τ
989 581 1024 604 ut
1040 571 1130 618 quod
1138 568 1174 605 sit
1188 576 1407 620 generationis
1423 588 1479 610 (Χ-

84 633 177 669 pers,
192 626 225 658 &
237 621 453 671 corruptionis
467 637 477 664 3
499 633 651 657 aeternum
668 621 914 670 quodammodo
926 647 936 661 ,
947 619 1154 656 necessarium
1166 649 1176 664 ,
1194 627 1227 658 &
1241 620 1364 670 ubique
1384 643 1392 669 3
1411 625 1485 660 aliae„

85 670 228 707 formam
243 675 310 719 ejus
321 672 518 706 comitantur
528 673 540 715 ‚'
555 683 591 706 ut
604 673 693 720 quod
711 671 749 707 fit
765 666 979 720 praedicabile.
1008 670 1194 717 Quomodo
1210 682 1333 709 naturae
1346 678 1478 711 univer-

86 718 167 754 sales
176 718 235 754 fint
253 731 404 763 aerernae,
434 720 567 755 dicetur.
577 723 610 756 in
623 718 857 768 Metaphysica.

120 769 218 803 Praeci
243 781 283 803 ua
295 767 481 803 universalis
495 768 677 815 formaliter
691 768 808 817 sumpti
820 771 1001 818 proprietas
1020 771 1055 805 in
1070 781 1111 804 eo
1132 769 1233 817 polita
1248 771 1310 815 est,
1337 775 1424 821 qnod
1443 774 1479 810 sit

85 781 289 867 praedicaEile
308 818 349 852 de
366 815 579 866 multis.Jam
594 817 671 853 illud
689 819 721 853 in
734 818 945 866 quaestionem
961 822 1053 855 venit
1066 847 1076 862 ,
1108 825 1142 856 δέ
1165 832 1282 868 magna
1295 825 1478 859 animorum

87 869 298 903 contentione
313 868 429 916 agitari
440 865 542 909 solet,
562 879 671 903 utrum
688 867 883 905 universale
896 882 969 905 cum
986 871 1061 905 aem
1085 868 1276 915 praedicatur
1293 899 1304 914 ‚
1331 871 1382 907 sua
1408 879 1479 909 uni-

87 915 270 953 versalitate
284 916 422 951 excidat.
440 918 560 963 Neque
571 915 761 952 id-dubium
779 917 844 961 est,
869 921 951 966 quin
971 917 1164 954 Universale
1178 919 1266 965 quod
1288 921 1329 955 de
1344 921 1409 955 alio
1427 935 1480 957 re-

85 968 217 1014 ciproco
232 970 284 1009 ‚&
298 965 426 1013 aequali,
444 967 518 1002 aCku
532 965 742 1013 praedicatur‚
768 977 813 1001 ut:v
824 966 983 1002 rationale
1007 968 1048 1001 de
1064 967 1217 1009 homine,
1236 970 1416 1018 integram,
1443 977 1478 1009 &

85 1013 172 1060 quafi
182 1014 343 1050 illibatam
354 1014 441 1049 suam
458 1014 565 1049 servet
574 1014 872 1051 universalitatem:
901 1015 956 1049 sed
973 1017 1106 1063 quaestio
1119 1017 1255 1052 vertitur
1263 1018 1304 1053 de
1316 1019 1479 1055 universa-

86 1060 112 1098 li
127 1063 217 1110 quod
229 1063 424 1112 praedicatur
434 1062 475 1098 de
491 1062 603 1111 aliquo
620 1061 780 1113 singulari.
800 1065 850 1098 Sit
866 1066 979 1114 itaque

628 1164 744 1198 vnica
764 1161 930 1209 conclusio.

121 1260 207 1296 Cum
221 1261 375 1299 terminus
391 1260 576 1299 universalis
590 1260 630 1296 de
646 1259 889 1310 fingulari=acku
906 1261 1119 1310 praedicatur,
1147 1260 1235 1298 suam
1259 1265 1382 1298 amittit
1405 1266 1478 1300 uni-

86 1309 314 1349 vet-falstatem.
1002 1320 1004 1323 ’

127 1359 290 1395 Probatur
306 1361 469 1407 conclufio.
492 1359 579 1396 Illud
591 1373 657 1396 non
682 1358 987 1396 manet-univerffle
998 1360 1086 1408 quod
1104 1360 1240 1396 includit
1260 1361 1479 1399 differentiani

86 1411 311 1454 numericam,
324 1422 386 1446 nec
402 1411 594 1460 praedicatur
609 1408 830 1445 universaliter
850 1425 857 1446 :
882 1410 934 1444 sed
951 1421 1022 1443 cum
1038 1409 1139 1444 homo
1160 1409 1348 1458 praedicatnr
1361 1414 1400 1447 de
1418 1415 1479 1447 Pe,

89 1468 160 1502 tto,
179 1469 247 1493 tum
266 1459 403 1495 includit
416 1460 636 1495 differentiam
646 1462 846 1494 numericam
861 1460 950 1494 Petri
968 1473 976 1494 :
998 1458 1132 1493 sumitur
1146 1461 1233 1492 enim
1251 1471 1310 1506 pro
1331 1461 1398 1508 ipso
1415 1465 1478 1496 Pe-

89 1517 139 1542 tro
151 1535 160 1550 ‚
184 1520 289 1554 neque
301 1507 522 1543 universaliter
538 1510 716 1555 accipitur:
734 1510 818 1555 Ergo
836 1509 990 1542 ter—minus
1005 1505 1188 1541 universtrhs
1207 1519 1280 1541 cum
1299 1509 1340 1542 de
1363 1523 1396 1544 te
1423 1509 1478 1545 fin.

87 1554 190 1604 gulari
203 1556 337 1600 dicitur,
360 1555 474 1591 definit
495 1554 555 1590 effe
573 1555 765 1591 universalis.

566 1604 744 1638 Solvuntur
771 1602 966 1647 objth‘oncs.

121 1653 206 1701 Opp.
218 1667 231 1688 1
240 1668 258 1690 ¹.
270 1656 303 1689 Si
321 1658 474 1689 terminus
485 1652 670 1688 universalis
681 1665 754 1689 curn
765 1654 840 1687 actu
850 1652 1041 1700 praedicatur
1050 1682 1059 1696 ‚
1087 1650 1124 1687 fir
1142 1651 1304 1703 singularis
1316 1684 1325 1699 ‚
1352 1657 1477 1691 medius

88 1704 247 1738 terminus
264 1706 298 1738 in
307 1701 494 1753 syllogismo
504 1700 686 1737 affirmante
696 1715 761 1737 non
777 1714 842 1736 uno
853 1706 887 1737 ὃς
897 1700 1014 1736 eodem
1027 1703 1127 1736 modo
1144 1703 1324 1751 usurpatur,
1343 1705 1427 1740 unde
1442 1711 1488 1742 δε,

89 1763 228 1799 quatuor
239 1764 333 1787 erunt
353 1753 483 1788 termini
498 1764 505 1786 :
525 1763 560 1786 ut
575 1752 606 1786 in
626 1750 684 1785 illo
695 1750 881 1799 syllogifino
893 1780 902 1794 ‚
914 1753 1035 1787 Omnis
1045 1751 1147 1786 homo
1156 1753 1326 1788 estan151nal
1342 1768 1350 1789 :
1365 1756 1477 1790 Petrus

88 1800 135 1835 est
151 1801 272 1837 homo:
287 1803 370 1850 Ergo
381 1803 492 1837 Petrus
501 1801 545 1835 est
557 1799 688 1835 animal.
709 1802 822 1835 Homo
839 1803 871 1836 in
889 1805 1010 1848 majore
1023 1797 1242 1848 propoliti011e
1259 1802 1302 1834 est
1320 1805 1477 1838 terminus

91 1849 275 1886 universalis
284 1880 294 1896 ,
314 1853 347 1887 in
357 1853 486 1887 minore
499 1848 676 1898 singularis5
686 1862 747 1885 nec
758 1851 790 1885 in
802 1862 937 1899 utraque
949 1848 1169 1898 propositione
1182 1849 1300 1883 eodem
1314 1851 1416 1886 modo
1429 1864 1477 1886 ac-

93 1900 222 1948 cipitur:

129 1948 216 1998 Resp.
229 1951 328 1998 Nego
345 1953 500 1997 majorem
513 1962 521 1984 :
534 1961 608 1984 cum
624 1947 750 1984 medius
763 1950 917 1983 terminus
931 1947 1068 1982 eandem
1082 1959 1151 1982 rem
1163 1977 1172 1991 ,
1187 1957 1334 1983 naturam
1356 1947 1477 1984 scilicet

94 1995 268 2034 humanam
281 1997 458 2047 utrobique
475 1997 652 2048 significem
678 1999 710 2032 in
730 1999 844 2045 majori
867 1999 1028 2033 rationem
1046 1995 1145 2032 habet
1163 1998 1258 2032 totius
1270 2025 1281 2041 ,
1302 1998 1334 2031 in
1358 2000 1478 2036 minori

94 2047 256 2083 rationem
274 2046 376 2082 habet
390 2050 485 2096 partis
496 2077 505 2091 ‚
518 2060 588 2095 quae
606 2048 676 2095 toti
686 2046 856 2096 subjicitur.

131 2095 277 2141 Inflabis.
291 2099 374 2146 Ergo
385 2099 418 2132 in
435 2097 489 2132 illa
503 2095 744 2146 propositione,
764 2098 875 2132 Petrus
888 2096 931 2130 est
947 2095 1067 2139 hom0‚
1090 2108 1154 2131 non
1174 2107 1265 2131 erunt
1285 2095 1348 2130 duo
1366 2099 1478 2131 termi-

94 2146 148 2181 ni:
167 2157 242 2180 nam
260 2147 371 2180 Petrus
383 2151 416 2183 ὅ(
430 2145 531 2182 homo
547 2158 616 2181 rem
637 2145 775 2181 eandem
785 2144 964 2195 significant
974 2159 981 2182 :
992 2146 1076 2181 unde
1090 2144 1265 2194 propositio
1279 2147 1338 2179 erit
1354 2146 1474 2181 identi-

96 2205 134 2228 εει
152 2199 185 2231 ὃ(
201 2197 379 2243 nugatoria.

132 2244 221 2290 Resp.
242 2247 333 2279 Duos
346 2243 406 2279 effe
417 2247 574 2281 terminos
587 2275 596 2290 ‚
616 2245 693 2281 licet
712 2258 782 2281 rem
795 2246 931 2280 eandem
945 2243 1143 2294 significent,
1184 2242 1236 2277 sed
1267 2256 1332 2279 non
1357 2245 1474 2281 eodzrm

99 2291 208 2327 modo.
216 2296 304 2328 Nam
313 2297 426 2330 Petrus
440 2295 586 2329 distinete
598 2297 749 2342 exprimit
758 2295 880 2342 aliquid
895 2294 1046 2343 singulare
1060 2321 1068 2334 ‚
1087 2305 1153 2327 non
1169 2294 1249 2327 item
1271 2293 1381 2327 homo.
1399 2294 1475 2328 Un-

98 2340 140 2374 de
157 2340 330 2388 propofitio
343 2355 410 2378 non
421 2343 464 2377 est
480 2346 648 2392 nugatoria
663 2357 670 2378 :
695 2347 772 2391 quia
788 2346 989 2383 termininon
1001 2342 1118 2380 eodem
1131 2342 1232 2378 modo
1244 2344 1476 2390 exprimuntur,

99 2393 134 2425 δι
144 2388 255 2425 diversi
273 2389 341 2425 sunt
352 2391 514 2441 utriusque
530 2403 714 2441 conceptus.

268 2441 358 2476 Tom.
378 2442 410 2476 l.
1288 2441 1329 2481 M
