1857 2745
172 193 317 229 Secunda
329 194 412 229 ratio
423 192 657 243 metaphysica,
672 198 706 230 &
715 192 734 229 ὲ
745 192 916 228 Platonicis
934 192 1042 242 stepius
1051 190 1194 240 usurpata
1205 219 1214 234 ,
1232 201 1275 226 ex
1288 192 1508 225 monmnimae

130 242 260 280 &illius
271 245 338 279 vita
347 242 530 279 desumitur.
544 242 677 279 Nullum
689 271 698 285 ,
717 244 869 288 inquiunt
881 270 892 286 ,
915 254 1029 290 corpus
1051 251 1204 277 movetur
1217 268 1227 282 ‚
1244 237 1298 274 nisi
1310 238 1352 274 ab
1367 239 1432 272 alio
1446 241 1507 273 im.

131 290 276 339 pulsum,
300 304 400 339 atque
415 293 521 327 omnis
533 303 658 334 motus,
683 302 717 325 ut
731 290 806 325 alibi
827 292 1021 326 ostendimus
1037 320 1046 333 ‚
1067 290 1108 324 ab
1124 289 1232 336 aliqua
1253 299 1363 322 mente
1386 290 1521 322 initium

131 340 229 377 ducit.
246 341 308 375 Sed
324 342 432 376 anima
448 342 482 374 in
505 339 603 388 seipsa
617 342 811 388 principium
828 339 871 375 sui
890 338 1002 374 motus
1032 338 1152 381 habet,
1182 349 1220 371 ac
1241 336 1372 383 seipsam
1397 340 1520 385 agitat,

133 387 273 436 fonsque
287 390 340 424 ille
352 390 502 437 perennis
515 400 624 424 motus
637 388 778 424 estillius
790 390 858 422 vita
877 403 884 422 :
905 400 982 437 ergo
1000 386 1056 422 illa
1074 399 1111 422 ut
1127 395 1155 422 ic
1166 390 1345 422 moveat&
1360 388 1450 420 vivat
1467 414 1478 428 ‚
1500 386 1520 420 ἐι

132 436 222 472 nulla
235 439 357 485 pendet
368 437 607 486 corpote:c1*1m
622 441 687 473 vita
702 467 711 481 ,
733 437 785 472 seu
801 439 950 486 perennis
964 439 1072 472 motio
1087 436 1134 470 illi
1148 437 1326 470 conveniat
1340 446 1397 474 oet
1409 433 1439 468 se
1452 463 1462 477 ,
1483 445 1517 468 ut

132 487 314 522 rotunditas
331 487 470 530 circulo·,
483 498 588 534 neque
603 488 687 521 adeo
701 486 742 520 ab
754 498 794 520 ea
810 486 945 533 separati
960 485 1055 535 posfit
1072 497 1196 532 :neque
1208 486 1298 519 enim
1310 482 1439 531 seipsam:
1457 496 1518 530 po-

134 534 196 568 test
204 535 357 571 deserere.
375 537 410 570 Id
426 538 546 584 quippe
557 536 599 570 est
610 536 650 569 de
659 538 785 570 ratione
797 537 900 570 animi
916 535 1006 583 quod
1015 537 1107 569 vivat
1120 563 1129 577 ‚
1151 534 1213 568 hoc
1225 534 1272 568 est
1284 562 1293 575 ,
1307 533 1397 578 quod
1408 536 1439 565 vi
1454 532 1515 574 lua,

133 595 201 618 non
220 584 325 620 aliena
337 596 515 620 moveatur.
540 583 755 632 ,Ogamobrem
770 612 779 623 ‚
814 586 921 632 inquit
944 584 1138 633 Augustinus
1167 581 1223 617 lib.
1241 582 1433 619 dc'nnmort.
1451 583 1519 615 ani-

135 644 208 670 mae,
218 632 249 676 fi
257 637 451 681 potuerimus
469 635 638 681 impetrare
647 644 681 667 ut
695 632 876 678 ostendatur
886 645 922 667 ne
933 634 1054 681 corpori
1066 632 1194 678 quidem
1208 631 1263 664 hoc
1273 633 1353 678 poffe
1365 632 1517 673 accidere,

133 690 171 713 ut
182 683 278 715 etiam
291 694 326 715 ea
330 684 436 729 specie
442 683 613 729 privetur,
638 694 705 727 qua
725 692 834 730 corpus
853 681 912 728 est,
935 681 1006 723 jure
1017 681 1150 728 fortasse
1170 678 1398 717 obtinebimus,
1419 680 1520 713 multo

134 731 237 763 minus
250 731 370 776 auferri
384 732 462 779 poffe
477 733 581 766 animo
599 731 635 764 id
646 743 706 776 quo
722 734 846 764 ammas
860 730 911 775 est.
959 729 1130 776 Siquidem
1146 741 1231 763 nemo
1242 729 1277 773 se
1288 727 1362 762 bene
1372 729 1520 776 inspexit,

134 780 193 822 qui
203 790 262 811 non
273 781 355 812 omni
365 780 484 826 corpori
496 777 705 823 qualemlibet
721 782 861 812 animum
877 778 1116 827 praeponendum
1139 777 1358 824 effefizteamr.
1385 778 1480 822 ξηρά
1493 777 1522 822 fi

133 827 231 859 etiam
246 827 335 860 nulla
351 839 396 860 res
407 828 541 873 ss’iPsam
556 826 669 871 deserit
681 854 689 865 ‚
709 825 748 861 (9⁹
762 828 798 861 id
819 831 954 861 moritur
966 828 1051 874 quod
1067 830 1141 860 vita
1156 826 1268 872 deserit
1287 853 1295 864 ‚
1319 839 1378 861 non
1405 830 1520 872 utique

134 876 260 909 animus
279 878 357 909 mori
369 875 478 920 potest.

166 924 262 957 Hanc
289 926 449 958 rationem
467 937 532 958 non
551 927 687 960 omnino
708 923 825 971 probat
850 926 1033 960 [aetantius
1059 922 1116 960 lib.
1143 939 1171 967 7.
1195 923 1294 958 instit.
1321 934 1348 958 c,
1372 925 1400 957 8.
1427 923 1519 970 quod

129 972 233 1005 etiam
244 972 353 1006 multis
366 973 587 1007 animantibus
607 972 887 1007 immortalitatem
897 973 972 1007 dare
984 969 1139 1008 videatur.
1156 973 1254 1020 ,qaod
1263 973 1393 1017 ‚inquit‚
1403 985 1436 1006 nt
1448 971 1523 1018 effu-

130 1030 223 1067 geret
247 1021 340 1054 Plato
361 1048 368 1056 .
396 1021 548 1055 hominem
574 1021 594 1054 ὰ
621 1024 716 1055 mutis
743 1021 914 1063 adjec‘iione
929 1023 1088 1070 [apientiae
1114 1022 1274 1062 discrevit.
1322 1022 1408 1054 fieri
1437 1023 1519 1055 enim

136 1079 197 1101 non
207 1068 304 1116 potest
312 1069 437 1115 quin-fit
446 1071 635 1104 immortalis
655 1073 780 1104 animus
807 1069 962 1104 humanus
976 1097 985 1109 ‚
1005 1075 1094 1114 qu'us
1112 1072 1265 1104 miranda
1276 1070 1413 1115 Jblertia
1426 1072 1519 1103 inve..

135 1117 268 1154 niendi,
299 1117 337 1151 &⁸
359 1118 503 1151 celeritas
525 1117 707 1166 cogitandi,
737 1116 775 1151 (ῥ’
793 1119 939 1162 facilitas
961 1119 1159 1166 percipiendi
1178 1129 1277 1163 atque
1301 1117 1521 1158 discernendi,

136 1162 178 1198 ά
191 1168 343 1199 memoria
359 1169 605 1213 preteritorum,
617 1168 656 1200 ἅ·
666 1167 875 1213 providenda
884 1164 1072 1210 fiaturorum
1087 1194 1095 1204 ,
1111 1165 1151 1199 (ῥ’
1161 1169 1282 1200 artium
1300 1165 1519 1199 innumerabi-

137 1211 219 1246 lium
231 1215 368 1258 seientia
387 1241 396 1256 ,
423 1226 488 1260 qua
513 1225 619 1248 caeterae
641 1224 771 1249 careant
792 1215 986 1251 animantes,
1009 1214 1126 1249 divina
1153 1213 1191 1249 6*
1210 1213 1335 1258 coelestis
1352 1224 1524 1262 appareat.

169 1263 237 1310 Ego
251 1273 361 1297 tamen
377 1263 458 1297 hanc
478 1261 618 1298 Platonis
633 1264 792 1297 rationem
811 1275 849 1297 ex
866 1275 958 1298 motu
976 1268 1010 1299 &
1025 1265 1094 1298 vita
1110 1265 1224 1299 animae
1237 1261 1439 1309 desumptam
1452 1276 1521 1300 non

137 1321 248 1358 pamm
261 1309 381 1345 habere
391 1310 552 1346 firmitatis
568 1312 770 1345 crediderim.
788 1314 877 1347 Nam
898 1323 1021 1346 caeterae
1033 1314 1213 1346 animantes
1236 1324 1302 1347 non
1319 1310 1430 1358 seipsas
1449 1325 1522 1347 mo-

138 1369 219 1393 vent
230 1388 240 1402 ,
261 1358 282 1394 fi
293 1362 421 1407 proprie
435 1359 525 1406 loqui
540 1359 685 1394 volumus
697 1387 706 1401 ‚
728 1358 779 1392 sed
793 1362 952 1407 agitantur
967 1360 1103 1393 aliunde.
1120 1359 1234 1394 Sensus
1254 1371 1362 1393 earum
1377 1388 1386 1401 ‚
1411 1364 1445 1395 δε
1461 1373 1522 1394 no-

140 1407 195 1441 stri
207 1419 380 1455 corporum
403 1407 526 1441 incursu
546 1407 752 1455 impelluntur
767 1435 776 1450 ‚
801 1420 838 1441 ac
853 1406 953 1442 nullas
969 1419 1105 1442 exerunt
1129 1408 1311 1443 funffiones
1334 1420 1402 1454 quae
1415 1408 1436 1442 ὲ,
1449 1421 1522 1443 cot..

140 1453 277 1504 poribus
297 1468 363 1491 non
383 1456 546 1504 pendeant
564 1470 572 1490 ς
604 1458 719 1491 cunCta
743 1458 775 1491 in
791 1458 829 1490 iis
853 1454 1037 1491 necessitate
1057 1455 1196 1502 quadam
1219 1455 1312 1492 fiunt.
1338 1457 1400 1490 Sed
1420 1457 1522 1493 homo

140 1503 285 1540 consulto
305 1510 339 1541 &
358 1502 535 1539 deliberate
560 1506 648 1553 agit,
674 1516 771 1552 atque
793 1505 833 1539 ad
854 1505 993 1540 eundem
1012 1503 1111 1540 finem
1128 1518 1196 1540 nou
1217 1517 1282 1541 uno
1298 1507 1426 1540 tramite
1439 1518 1520 1542 con-

141 1553 254 1588 tendit.

178 1609 207 1647 30
226 1603 302 1635 Huc
314 1603 412 1636 etiam
424 1605 565 1652 pertinet
577 1601 709 1639 Cartefii
725 1605 892 1650 ratio‚quae
902 1604 933 1638 in
943 1603 1025 1638 hanc
1034 1615 1118 1651 pene
1137 1602 1276 1637 formam
1292 1602 1395 1651 redigi
1405 1604 1520 1651 potest.

140 1649 197 1685 Illa
207 1650 451 1698 distinguuntur,
463 1665 600 1699 quorum
610 1654 701 1694 idere,
715 1651 766 1686 seu
776 1664 951 1699 conceptus
969 1653 1036 1686 lunt
1051 1653 1186 1686 omnino
1196 1650 1307 1685 diverfi
1324 1665 1332 1686 ε
1351 1665 1416 1686 ron
1432 1655 1520 1688 enim

141 1698 272 1733 aliunde
292 1699 471 1748 colligimus
483 1714 580 1736 unum
596 1714 662 1736 non
673 1699 733 1735 effe
744 1700 898 1744 alterum,
923 1700 1022 1748 quam
1048 1712 1087 1734 ex
1107 1700 1253 1734 distincita
1277 1699 1440 1747 utriusque
1460 1714 1519 1737 no-

144 1750 245 1790 tione,
263 1747 315 1781 vel
329 1749 398 1782 idea
415 1765 424 1792 3
442 1749 611 1797 praesertim
624 1762 696 1785 cum
713 1761 884 1795 utramque
899 1761 966 1784 rem
985 1749 1070 1783 clare
1086 1753 1119 1785 δι
1132 1748 1280 1782 distinete
1291 1748 1522 1796 cognoscimus,

143 1798 198 1830 Sic
212 1796 402 1844 triangulum
417 1811 482 1832 non
492 1797 552 1833 effe
561 1798 714 1833 circulum
732 1798 898 1832 manifeste
911 1797 1139 1845 intelligimus,
1160 1797 1248 1844 quod
1269 1796 1429 1844 utriusque
1442 1798 1521 1833 ideae

141 1844 201 1880 fint
215 1844 345 1879 diversae
360 1874 368 1888 ,
387 1851 419 1882 &
436 1860 497 1881 una
508 1847 640 1882 alteram
663 1846 821 1881 excludat.
835 1847 896 1880 Sed
912 1845 971 1881 ubi
983 1857 1130 1881 mentem
1144 1874 1153 1887 ,
1172 1845 1223 1880 seu
1248 1846 1413 1894 cogitandi
1433 1848 1524 1894 prin..

142 1896 263 1942 cipium
273 1922 282 1936 ‚
301 1899 333 1930 &
345 1906 456 1942 corpus
471 1897 559 1944 quod
576 1895 692 1944 triplici
703 1893 894 1929 dimensioni
914 1893 1091 1942 subjeetum
1110 1894 1153 1928 est
1165 1923 1174 1937 ‚
1189 1904 1314 1929 attente
1335 1897 1498 1929 intuemur
1510 1923 1522 1938 ,

125 1964 128 1965 ν
143 1953 213 1977 tum
225 1954 260 1977 ut
270 1944 426 1990 cogitatio
442 1943 483 1977 ab
499 1943 682 1979 extensione
692 1971 702 1986 ,
724 1941 764 1977 sic
781 1955 872 1978 mens
884 1943 904 1979 ὲ
918 1954 1052 1991 corpore
1066 1942 1160 1991 plane
1182 1941 1305 1978 diversa
1319 1943 1523 1992 intelligitur.

143 1992 265 2037 Neque
276 1994 362 2026 enim
376 1991 439 2040 ipsa
449 1995 606 2040 cogitatio
620 1994 794 2040 quicquam
808 1994 841 2026 in
856 1992 1091 2040 longitudinem
1102 2021 1111 2034 ,
1133 1990 1341 2026 latitudinem
1354 2020 1364 2035 ‚
1385 2003 1439 2027 aut
1448 2004 1524 2034 pro-

143 2039 339 2075 funditatem
366 2040 550 2085 extensum,
569 2055 628 2076 nec
643 2041 714 2090 ipsae
731 2040 943 2076 dimensiones
959 2039 1057 2075 ullam
1074 2042 1109 2075 in
1131 2039 1181 2075 sua
1200 2042 1327 2075 ratione
1345 2036 1521 2089 cogitatio-

119 2104 122 2107 ·
143 2099 218 2124 nem
227 2089 526 2137 comprehendunt,
543 2090 624 2125 nihil
640 2093 723 2125 inter
732 2088 762 2124 se
776 2089 897 2124 habent
916 2101 1089 2123 commune
1105 2090 1263 2137 cogitatio
1276 2116 1287 2133 ,
1313 2089 1519 2130 &extenfim

144 2148 205 2171 nec
216 2140 263 2171 vis
279 2139 450 2185 cogitati-ix
468 2150 524 2172 aut
541 2150 720 2187 corpus‚aut
732 2138 811 2185 quid
821 2140 961 2187 corporis
973 2136 1033 2172 effe
1046 2138 1159 2185 potest.

183 2184 331 2228 Confirm.
352 2186 436 2220 Cum
451 2198 582 2235 (gomet
600 2200 729 2222 mecum
740 2198 855 2233 reputo
870 2188 941 2234 quis
953 2200 1016 2234 ego
1030 2185 1086 2221 firn
1100 2189 1155 2231 qui
1165 2186 1283 2232 loquor
1301 2214 1310 2228 ,
1329 2188 1386 2233 qui
1401 2185 1520 2222 ambu-

146 2231 180 2266 lo
191 2260 200 2274 ‚
223 2233 320 2266 video
337 2263 346 2277 ‚
369 2237 497 2283 cogito,
515 2248 582 2270 turn
598 2237 671 2271 sane
684 2235 716 2269 id
726 2235 803 2269 mihi
820 2234 925 2282 liquet
940 2247 993 2270 me
1011 2233 1137 2282 praecifis
1156 2233 1300 2269 cruribus
1316 2263 1325 2276 ,
1343 2246 1395 2269 aut
1414 2234 1521 2283 lingua

143 2282 312 2327 amputata
325 2293 382 2315 nec
391 2283 631 2327 ambulat-emec
644 2282 800 2331 loqui‚sed
816 2295 925 2318 tamen
935 2283 1039 2318 adhuc
1053 2283 1198 2326 existere,
1208 2288 1242 2320 δε
1255 2286 1399 2330 cogitare
1414 2300 1423 2328 ς
1437 2285 1520 2319 adeo

120 2352 124 2354 >
145 2328 281 2363 utnulla
292 2327 346 2362 sim
356 2341 424 2376 pars
435 2336 576 2380 corporis
588 2364 598 2378 ,
612 2345 672 2368 nec
683 2332 793 2367 oculus
809 2361 818 2375 ,
840 2345 898 2367 nec
914 2336 1000 2380 jecut
1011 2361 1020 2376 ,
1038 2343 1098 2366 nec
1119 2330 1220 2379 ipsum
1238 2330 1415 2369 cerebrum,
1430 2335 1520 2369 Nam

141 2376 217 2412 licet
227 2376 312 2414 forte
325 2376 389 2413 fine
397 2380 532 2416 cerebro
552 2396 618 2419 non
631 2381 744 2432 possim
753 2383 897 2429 cogitare
907 2410 918 2426 ,
935 2382 1008 2429 quia
1024 2382 1058 2417 in
1075 2379 1209 2416 cerebro
1225 2379 1444 2428 phantasmata
1457 2384 1519 2417 im.

1180 2431 1341 2479 Eeeeiij
