1857 2745
4 407 12 474 roc-‹-
3 355 11 391 ο,
4 318 10 342 7η.
3 287 6 294 -

651 151 690 184 M
711 151 746 185 O
765 150 798 184 R
815 151 842 185 A
865 150 892 185 L
907 151 921 184 1
939 151 971 186 S.
1448 169 1492 192 «ῃ

133 204 181 242 Ac
194 202 286 240 firma
300 200 354 237 illa
374 204 408 237 ὃ(
420 198 563 235 constans
578 198 718 234 facilitas
731 197 824 234 citius
846 201 1036 246 acquiritur,
1045 211 1119 235 cum
1132 199 1257 235 cerebri
1275 199 1397 238 fibrillae
1405 177 1496 240 mol-

81 254 129 290 les
141 253 212 290 sunt
235 258 268 290 &
280 249 437 301 plicatiles
454 263 462 285 :
496 260 563 284 tum
577 250 664 283 enim
678 247 861 296 quamlibet
878 247 1120 298 impressionem
1128 260 1181 283 aut
1196 248 1329 298 figuram
1342 251 1436 289 facile
1447 266 1497 288 ex-

81 305 223 352 cipiunt.
239 300 341 350 Qod
359 297 380 334 si
393 310 504 334 tamen
523 296 695 333 cerebrum
706 298 833 334 nzollius
842 296 899 341 sit,
921 309 956 332 ut
970 300 1003 333 in
1016 298 1086 347 ipsis
1102 298 1282 334 infantibus
1296 301 1427 345 accidit,
1437 315 1495 337 ve.

78 353 172 402 stigia
184 351 282 387 facile
295 347 443 397 impressa
460 345 554 383 citius
573 359 811 396 expunguntur.
831 346 1074 384 Atficraffores
1089 347 1147 383 fint
1169 346 1276 392 filnae,
1298 351 1494 400 autrigidio-

79 413 130 436 res
145 430 157 445 ‚
183 413 238 436 aut
261 393 374 435 alienis
389 396 580 432 humoribus
598 396 767 432 obstruetae
778 426 787 440 ,
814 409 883 432 tum
898 397 938 431 ad
952 409 1082 433 motum
1097 395 1207 433 mimis
1223 396 1294 432 sunt
1317 400 1490 447 expeditae.

78 451 192 497 Qare
205 461 239 485 ut
252 447 382 484 habitus
394 446 488 483 facile
500 457 733 495 comparentur
744 476 753 491 ,
773 446 817 481 fib
824 460 865 481 rae
882 445 941 482 fint
964 458 1074 483 tenues
1086 477 1096 492 ‚
1112 445 1271 483 flexibiles
1283 475 1291 490 ‚
1320 453 1353 484 δε
1373 448 1493 487 liberae,

78 501 159 536 Non
185 510 225 533 ea
245 497 280 533 sit
296 499 434 533 tenuitas
453 509 522 543 quae
541 494 635 531 citius
654 495 840 545 frangatur3
862 499 1073 532 tenacitatem
1092 496 1254 543 quandam
1267 495 1492 546 habeant‚quo

78 545 226 597 impressa
237 547 370 595 vestigia
384 545 503 581 diutius
520 544 785 581 conservent:nec
797 558 906 581 tamen
923 556 1013 580 tanta
1031 544 1153 592 fit,quae
1167 557 1294 579 motum
1306 545 1491 593 prohibeat.

78 597 161 645 Qo
171 601 271 645 major
281 598 340 630 erit
354 595 587 638 tenacitas‚hoc
597 599 700 643 maj0r
710 594 894 631 adhibenda
906 596 968 629 erit
979 596 1079 629 animi
1091 596 1310 638 contentio‚ut
1319 597 1366 629 ici
1380 597 1490 640 imago

22 649 25 683 ¹.
76 647 132 682 vel
144 648 362 694 imprimatur,
373 643 425 679 vel
447 657 520 679 cum
531 656 611 693 opus
622 646 674 688 est,
691 656 837 680 eruatur:
860 647 918 693 qui
931 646 1019 679 enim
1032 644 1146 679 molles
1167 642 1293 679 habent
1307 644 1430 679 cerebri
1445 635 1491 680 Ἠ-

78 694 152 730 bras
164 723 174 738 ‚
187 697 253 730 cito
263 694 388 729 discunt
405 721 416 736 ‚
438 692 489 728 sed
502 694 595 728 citius
614 690 760 729 oblivisci
777 693 893 730 solent.
915 694 1040 730 Contra
1056 696 1110 742 qui
1135 692 1351 729 tenacioribus
1369 695 1485 742 praedi-

77 745 102 778 ti
116 743 188 779 sunt
199 772 209 787 ‚
222 743 349 779 firmam
359 741 482 777 habent
491 744 684 777 memoriam
699 770 711 785 ,
729 755 796 778 non
809 743 941 779 facilem
956 760 965 786 ς
985 742 1006 778 fi
1020 743 1135 779 molles
1146 741 1205 779 fint
1215 747 1248 779 &
1262 753 1388 777 tenaces
1400 773 1409 787 ,
1435 743 1490 779 sed

76 791 183 828 minus
203 792 333 828 subtiles
345 819 354 834 ‚
379 791 555 825 tardiorem
570 788 718 827 efficiunt
728 794 924 828 memoriam
934 822 944 837 ,
960 805 1027 828 non
1043 792 1181 828 celerem
1198 809 1208 836 ·,
1222 803 1282 826 nec
1297 803 1369 838 quae
1378 792 1484 841 repos-

75 852 190 877 cuntur
202 843 379 891 imagines,
396 851 434 873 ea
448 839 544 876 facile
562 839 721 876 exhibet:
741 854 800 876 nos
821 854 932 878 autem
945 844 998 878 vix
1017 841 1147 878 habitus
1166 842 1186 877 a
1199 842 1359 877 memoria
1375 841 1482 891 sejun-

74 892 192 974 {imus-
220 890 274 927 Est
289 894 377 926 enim
390 891 551 926 memoria
568 917 581 933 ,
605 890 743 925 authore
757 890 870 926 Tullio
884 921 894 936 ‚
926 904 982 941 per
1010 904 1112 940 quarn
1132 901 1325 939 repetuntur
1347 903 1386 926 ea
1414 904 1489 940 quae

93 950 223 975 uerunt.

558 985 613 1019 De
621 982 696 1030 sicbj
702 986 763 1021 cilo
788 985 975 1024 habituum.¹

168 1085 217 1121 Ui
229 1082 361 1119 habitus
377 1080 547 1129 acquisitos
564 1079 625 1116 effe
639 1081 814 1128 qualitates
829 1081 973 1130 physicas
987 1094 1106 1131 putant
1120 1113 1130 1127 ‚
1145 1086 1167 1117 ii
1189 1083 1259 1118 fere
1278 1089 1311 1120 in
1332 1085 1484 1120 volunta-

74 1087 202 1186 Qte
217 1161 228 1177 ,
239 1132 410 1168 intelleeku
420 1159 429 1174 ,
444 1131 679 1179 imaginatione
689 1158 699 1173 ,
713 1136 748 1168 δε
761 1133 911 1180 appetitu
928 1129 1085 1167 sentiente
1095 1144 1150 1167 eos
1161 1133 1374 1170 constituunt:
1393 1133 1483 1183 quod

76 1194 123 1217 eae
137 1185 219 1219 vires
238 1183 343 1231 juvari
358 1178 478 1230 poffint
486 1181 527 1213 ad
540 1179 704 1228 agendum
718 1209 728 1224 ,
754 1182 852 1228 idque
868 1182 992 1216 directe
1003 1186 1036 1218 ὅ(
1053 1180 1147 1229 perse
1159 1210 1168 1225 ,
1187 1195 1254 1217 non
1275 1182 1401 1219 tantum
1424 1196 1483 1232 per

74 1232 221 1268 accidens
233 1259 244 1275 ‚
258 1242 414 1278 quatenus
428 1238 638 1263 removentur
650 1227 759 1264 obices
769 1259 778 1273 ‚
795 1241 852 1264 aut
863 1242 982 1278 organa
999 1232 1089 1265 reste
1107 1230 1326 1279 disponuntur.

113 1283 187 1319 Nos
200 1279 282 1315 vero
296 1282 352 1328 qui
366 1277 496 1314 habitus
508 1276 588 1313 nihil
601 1276 670 1311 fere
682 1276 742 1315 else
751 1277 945 1314 arbitramur
955 1278 1012 1315 nifi
1021 1279 1212 1316 affectiones
1224 1282 1254 1315 in
1267 1294 1390 1331 organo
1404 1283 1480 1315 ima-

29 1329 31 1339 *
74 1332 247 1416 {illationis
263 1329 439 1379 superstites
453 1356 463 1370 ,
479 1339 516 1361 ac
527 1325 620 1362 velut
634 1326 752 1374 species
775 1341 883 1364 rernm
903 1328 1064 1377 impressas
1076 1358 1085 1373 ‚
1106 1342 1175 1377 quae
1200 1330 1252 1365 usu
1269 1335 1302 1367 &
1321 1332 1480 1366 exercitio

86 1391 149 1415 unt
162 1390 370 1428 comparatae,
384 1375 504 1413 nullam
520 1378 554 1410 in
567 1387 717 1424 appetitu
729 1378 880 1413 rationali
894 1407 903 1422 ‚
923 1390 978 1413 aut
992 1378 1150 1414 sentiente
1172 1379 1268 1414 aliam
1283 1380 1478 1428 qualitatem

75 1429 208 1463 admitti
226 1438 378 1476 oportere
396 1424 636 1460 contendimus,
650 1427 741 1461 Nam
758 1426 906 1462 voluntas
927 1439 982 1461 aur
1004 1427 1024 1462 ἐι
1038 1427 1080 1462 sei
1106 1427 1134 1461 sa
1147 1457 1156 1470 ‚
1173 1439 1230 1462 aut
1242 1428 1284 1463 ab
1306 1428 1475 1463 intellectu

75 1475 146 1513 scitis
156 1477 400 1511 determinatur.
415 1477 452 1508 In
470 1473 571 1507 brutis
588 1484 719 1527 quoque
737 1473 879 1510 sentiens
889 1478 1055 1522 appetitus
1077 1441 1147 1509 gitis
1171 1476 1300 1511 aliunde
1325 1478 1476 1511 determi-

31 1547 35 1552 -
77 1537 171 1562 natur
184 1539 194 1561 τ
207 1525 290 1559 adeo
305 1522 431 1559 utnihil
449 1519 574 1557 necesse
583 1519 663 1555 [itin
683 1523 721 1554 iis
731 1534 832 1556 novas
847 1523 1040 1570 qualitateS‚
1058 1535 1128 1570 quae
1148 1523 1276 1558 habitus
1304 1525 1451 1559 dicantur
1467 1554 1477 1567 ,

76 1572 276 1610 comminisci
295 1588 302 1609 :
320 1570 444 1608 tametsi
453 1581 572 1619 negare
582 1582 650 1604 non
662 1569 823 1617 poffumus
837 1600 846 1614 ,
859 1573 937 1619 quin
951 1571 1004 1606 usu
1019 1577 1051 1607 δε
1069 1571 1232 1620 disciplina
1248 1574 1390 1620 quadam
1409 1602 1418 1617 ‚
1439 1585 1477 1609 ut

76 1626 121 1658 ita
133 1624 235 1658 dicam
251 1651 260 1665 ,
278 1634 398 1657 novam
410 1620 527 1669 agendi
541 1618 734 1655 facilitatem
744 1623 923 1667 acquirant.
937 1620 1039 1666 Qod
1051 1623 1166 1668 utique
1177 1634 1249 1656 cum
1260 1623 1301 1656 de
1311 1622 1410 1657 brutis
1427 1623 1477 1657 fa-

77 1682 207 1707 teantur
221 1671 367 1720 plerique
377 1668 563 1717 Philosophi
578 1696 586 1709 ‚
608 1680 674 1703 non
687 1669 784 1704 video
796 1682 850 1704 cur
862 1671 896 1704 in
908 1681 999 1718 parte
1017 1669 1157 1704 hominis
1172 1668 1265 1705 bruta
1279 1700 1288 1714 ‚
1305 1670 1356 1705 seu
1371 1673 1404 1706 in
1416 1684 1476 1721 ap-

77 1724 185 1770 petitu
197 1719 355 1755 sentiente
378 1731 478 1755 novas
488 1717 663 1767 qualitates
677 1728 796 1766 praeter
808 1718 1000 1754 facilitatem
1014 1718 1067 1754 usu
1088 1723 1122 1755 &
1140 1721 1296 1754 exercitio
1307 1733 1476 1768 compara-

79 1781 147 1806 tam
164 1769 344 1819 agnoscant.
360 1769 408 1804 Est
419 1770 525 1811 enim,
544 1778 580 1802 ut
591 1767 637 1800 ait
651 1767 772 1802 Cicero
787 1796 798 1812 ‚
817 1766 956 1814 habitus,
973 1770 1074 1804 animi
1091 1779 1144 1803 aut
1169 1770 1311 1816 corporis
1329 1769 1475 1804 constans

79 1824 112 1857 δέ
124 1818 270 1854 absoluta
292 1817 396 1865 aliqua
412 1819 445 1853 in
459 1829 493 1852 re
507 1815 679 1865 perfectio.

116 1867 173 1903 Illa
191 1878 301 1903 autem
326 1866 460 1901 facilitas
477 1868 510 1901 in
530 1877 571 1899 eo
586 1868 726 1901 maxime
740 1864 840 1914 posita
856 1866 898 1900 est
910 1895 919 1909 ‚
946 1877 980 1901 ut
1002 1879 1160 1915 organum
1177 1867 1223 1899 vis
1243 1867 1472 1914 imaginatricis

35 1908 37 1949 ,¹
80 1915 142 1952 fita
165 1928 197 1952 te
213 1914 414 1964 dispositum:
433 1925 550 1963 nempe
559 1925 595 1948 ut
604 1926 727 1950 meatus
738 1913 928 1963 apertifint,
950 1921 984 1952 δε
1005 1914 1123 1959 liberi,
1151 1927 1218 1963 quo
1237 1914 1361 1962 spiritus
1384 1919 1416 1951 in
1436 1919 1472 1951 iis

0 1972 3 1983 '
33 1977 44 1999 x
79 1930 174 2002 facis&
187 1976 397 2001 moveantur:
416 1976 511 2013 atque
521 1965 598 1998 utin
610 1965 649 1997 iis
661 1962 788 1999 suorum
802 1977 952 2000 motuum
963 1976 1049 2000 certa
1063 1964 1248 2013 relinquant
1257 1964 1473 2013 vestigia,qui‚

0 2010 3 2015 ¹
35 2028 37 2033 ’
80 2013 140 2049 bus
155 2016 222 2063 regi
232 2013 326 2063 poffit
340 2015 532 2063 imaginatio
552 2042 562 2056 ,
577 2024 649 2047 cum
663 2012 743 2048 alios
753 2013 930 2049 consimiles
940 2026 1049 2050 motus
1063 2025 1202 2049 exercet.
1217 2013 1317 2060 quue
1332 2026 1399 2049 non
1413 2015 1474 2049 ali-

37 2067 39 2103 j
81 2074 131 2098 ter
148 2063 216 2099 fere
229 2066 360 2108 evenit,
376 2075 475 2111 atque
488 2065 521 2097 in
530 2062 594 2111 ipsa
605 2061 715 2110 lingua
724 2092 733 2107 ,
746 2075 818 2099 cum
831 2065 1014 2112 peregrinas
1028 2069 1131 2099 voces*
1140 2063 1281 2098 formare
1296 2060 1393 2097 discit.
1405 2065 1473 2099 Pri-

0 2113 2 2119 ’
34 2124 35 2128 ’
83 2125 170 2148 mum
183 2114 271 2147 enim
283 2111 307 2148 sr-
317 2113 476 2149 calculum
490 2141 499 2156 ‚
518 2123 574 2147 aut
585 2111 661 2158 quid
679 2111 764 2147 aliud
779 2125 836 2147 ore
848 2115 1000 2162 gerimus,
1014 2114 1106 2161 quod
1122 2111 1261 2148 liberum
1278 2110 1394 2159 linguae
1404 2126 1472 2148 mo-

85 2162 317 2209 tumimpediat
334 2192 341 2200 ,
361 2163 467 2211 palam
484 2162 530 2196 est
546 2174 605 2195 nos
620 2161 675 2196 vix
699 2159 785 2208 posse
801 2161 901 2197 ullam
919 2174 1035 2197 vocem
1057 2164 1247 2210 exprimere.
1274 2162 1402 2195 Deinde
1419 2161 1473 2197 usu

85 2213 120 2245 δέ
137 2211 496 2260 exercitationelingua‚
517 2209 621 2252 labia,
644 2214 677 2245 &
695 2209 763 2244 aliae
782 2222 887 2259 partes
905 2224 978 2259 quae
992 2210 1149 2247 locutioni
1161 2209 1352 2253 inserviunt,
1369 2209 1409 2245 fic
1417 2224 1473 2260 ap-

87 2268 211 2301 tantur,
228 2270 264 2293 ut
284 2259 459 2296 confimiles
477 2261 587 2309 postea
604 2269 712 2293 motus
740 2264 774 2296 &
790 2273 885 2295 voces
911 2273 1063 2308 prompte
1089 2267 1121 2296 ἃ
1143 2259 1237 2294 facile
1261 2261 1445 2307 exprimant
1462 2275 1471 2296 :

86 2306 175 2353 quod
196 2309 306 2354 utique
329 2308 398 2345 fieri
412 2323 477 2345 non
495 2307 615 2359 posset,
627 2306 685 2342 nisi
695 2319 807 2343 eorum
824 2311 881 2356 qui
899 2308 1119 2357 praecesserunt
1136 2319 1299 2349 motuum,
1324 2309 1469 2355 quaedarn

88 2366 295 2390 remanerent
307 2359 437 2407 vestigia
448 2388 457 2403 ‚
470 2371 542 2407 quae
563 2356 642 2393 nihil
659 2356 730 2392 sunt
739 2357 793 2393 vel
806 2360 839 2393 in
849 2357 957 2407 lingua
966 2387 975 2398 ‚
986 2357 1039 2393 vel
1051 2360 1082 2393 in
1093 2356 1228 2392 cerebro
1246 2355 1302 2392 nifi
1313 2368 1387 2405 apta
1399 2370 1471 2406 par-

28 2400 33 2422 *
86 2402 346 2441 tiumsecundum
359 2405 448 2444 fiturn
471 2414 504 2447 &
524 2408 658 2458 figuram
673 2405 834 2455 dispositio
847 2436 858 2453 ,
873 2420 972 2456 quarn
996 2410 1107 2457 utique
1125 2418 1229 2444 motus
1251 2407 1469 2455 praecedentes

85 2452 288 2490 indrnerunt.
