1857 2745
639 157 945 196 LOGicAE.
1463 178 1493 210 31

100 217 174 253 sunt
187 223 227 248 ex
242 216 378 258 utraque
390 205 630 294 9³¹³},fofi‘iva
643 235 653 251 ‚
666 205 731 242 sive
743 220 781 242 ea
795 206 854 243 sint
870 208 1016 245 absoluta
1032 239 1043 255 ,
1059 220 1095 247 ut
1113 212 1202 249 calor
1223 219 1257 252 ὃς
1280 213 1381 262 frigus
1396 229 1406 257 ·‚
1425 212 1491 249 five

99 264 235 302 relativa
248 291 258 306 ,
273 272 309 296 ut
321 271 412 308 pater
423 264 456 296 ὅ(
504 260 549 293 ius
563 255 637 301 ;vel
652 270 751 294 unum
763 256 901 294 affirmat
910 289 921 304 ‚
931 259 1068 296 alterum
1088 275 1207 313 negat·‚
1226 262 1290 300 sive
1302 263 1426 311 ubique
1436 293 1445 308 ,
1454 275 1490 301 ut

100 315 203 351 homo
214 342 224 356 ,
239 317 274 349 &
291 322 357 346 non
367 310 468 345 homo
483 320 568 356 5quae
583 311 618 344 &
635 308 886 345 contradictoria
915 323 1126 360 opponuntur
1141 331 1151 358 3
1164 312 1218 350 seu
1245 316 1278 349 in
1307 324 1399 349 cetto
1421 324 1492 349 tan-

99 374 168 400 turn
185 361 332 410 subje&o
349 371 447 395 unum
470 370 510 393 ex
524 355 678 407 oppositis
697 370 812 408 neget,
829 369 964 408 tumque
985 361 1104 398 dicitur
1127 365 1290 412 privativa
1309 360 1488 411 oppositio,

99 410 204 462 qualis
222 412 268 445 est
284 412 369 447 inter
382 408 489 444 lucem
507 413 541 445 &
562 406 724 444 tenebras.

130 464 175 498 Ex
195 461 244 497 his
262 460 343 495 vani
359 468 624 508 argumentorum
644 457 708 492 loci
724 457 1012 507 depromuntur,ex
1021 461 1168 496 relativis
1183 465 1338 497 maxime:
1353 472 1391 495 ut
1398 459 1489 508 quod

100 510 222 545 discere
238 507 428 555 honestum,
448 513 481 545 &
494 507 613 542 docere
630 507 797 543 honestum
816 509 869 545 est.
903 511 979 545 Huc
993 512 1094 546 etiam
1112 514 1279 559 pertinent
1314 512 1410 545 variae
1431 522 1490 557 pa„-

96 561 180 595 tium
193 564 225 596 ὃ(
237 560 411 612 imparium
421 559 697 605 comparationes,
708 556 925 594 similitudinis
942 571 981 594 ac
1001 558 1263 597 diffimilitudinis
1280 570 1338 596 :ut
1356 558 1375 594 ‘a
1388 563 1491 606 majo-

97 610 126 644 ri
142 607 265 656 ,siquis
283 607 392 643 lacrile
419 610 482 642 ium
495 606 572 642 facit
583 636 593 652 ,
610 606 709 642 faciet
733 612 767 645 &
780 608 902 643 furtum
916 622 924 644 ε
943 607 964 644 ἐι
979 611 1123 655 minori,
1139 612 1195 658 qui
1214 608 1310 644 facile
1333 612 1366 645 ενι
1381 607 1488 656 palam

100 660 258 693 mentitur
270 685 280 701 ,
297 621 458 706 peieragbit
473 670 480 692 :
497 655 517 692 ὲ
541 659 610 705 pari
622 684 629 695 ,
646 659 702 704 qui
718 656 762 691 ob
784 669 853 691 rem
871 659 1078 706 judicandam
1101 661 1274 709 pecuniam
1297 659 1424 706 accepit
1437 685 1447 701 ,
1461 658 1488 690 is

97 718 231 755 quoque
248 705 293 742 ob
309 705 482 756 dicendum
503 705 618 741 falsum
636 705 859 741 testimonium
872 709 1019 755 accipiet.

101 777 108 781 ·
130 757 180 790 Ac
191 755 234 789 de
247 753 563 790 communibuslocis
578 753 661 789 satis.
676 755 813 789 Interim
831 754 911 790 illud
924 754 1082 792 monuisse
1101 767 1174 792 cum
1195 754 1407 804 Qinriliano
1422 767 1489 792 non

95 803 213 840 inutile
227 801 327 838 fuerit
338 832 348 848 ‚
364 803 456 851 quod
474 800 556 851 saepe
571 802 606 837 hi
623 801 688 838 loci
699 802 828 838 dicendi
845 805 1039 841 tarditatem
1058 803 1198 842 afferant
1211 834 1221 850 ,
1241 811 1275 844 &
1289 817 1410 855 magno
1429 803 1489 840 sint

96 852 260 889 interdum
274 853 524 901 impedimento,
543 853 632 888 Nam
642 863 679 886 ut
690 851 804 888 litterae
820 851 1018 903 syllabaeque
1033 853 1241 891 scribentium
1251 857 1490 905 cogitationem

98 915 165 939 non
176 904 310 950 exigunt
323 931 333 945 ,
350 900 390 936 sic
418 904 559 937 rationes
582 900 696 949 sponte
723 907 758 939 δι
777 915 969 951 argumenta
983 904 1075 952 sequi
1093 903 1227 941 debent.
1252 905 1290 938 Id
1311 916 1390 938 vero
1403 903 1490 938 fallit

100 951 256 1001 plurimos
273 951 360 999 quod
370 961 560 999 argumenta
574 961 718 996 quaerant
733 950 881 987 accersita
901 958 936 989 &
949 955 1120 1002 peregrina
1132 981 1143 996 ,
1170 965 1242 1002 quae
1258 952 1339 988 nihil
1359 964 1415 987 aut
1427 965 1488 1001 pa-

100 1013 170 1036 tum
186 998 340 1048 probent,
355 1012 421 1034 non
439 1011 477 1033 ea
488 1011 558 1045 quae
569 1009 606 1032 ex
621 997 718 1032 rebus
735 997 806 1046 ipsis
821 999 982 1036 ducuntur
998 1016 1007 1037 ι
1021 1000 1150 1036 turbam
1167 1005 1256 1037 enim
1267 1013 1392 1036 tantum
1407 1014 1489 1037 con-

96 1059 233 1097 oregant
242 1075 252 1089 ,
269 1060 308 1082 ex
320 1059 384 1094 qua
394 1046 458 1082 sine
474 1046 656 1081 discrimine
674 1049 858 1093 proximum
872 1049 1028 1095 quodque
1040 1060 1220 1096 occupent:
1235 1048 1359 1083 tametsi
1368 1060 1405 1084 ut
1414 1060 1489 1083 ver-

98 1079 227 1140 borum,
242 1094 281 1130 fic
295 1094 527 1144 probationum
540 1096 636 1143 copia
647 1105 722 1128 cum
737 1096 859 1142 judicio
877 1097 1017 1144 paranda
1035 1097 1088 1132 est.
1108 1099 1217 1145 Atque
1237 1097 1302 1132 haec
1323 1109 1431 1132 tamen
1450 1096 1490 1132 sic

103 1147 208 1194 accipi
219 1144 380 1189 volumus,
393 1155 430 1180 ut
440 1155 627 1180 communes
640 1142 741 1188 locos,
756 1156 813 1180 aut
822 1144 944 1181 summa
956 1158 1224 1196 argumentorum
1233 1149 1340 1195 capita
1352 1160 1417 1183 non
1431 1158 1489 1195 pe⁴

98 1196 188 1280 ngitus
209 1193 412 1242 aspernemur
424 1210 434 1229 .·
453 1193 506 1230 sed
525 1194 559 1229 id
577 1205 678 1229 unum
698 1192 867 1239 volumus,
887 1207 928 1231 ne
955 1197 993 1231 iis
1019 1194 1186 1246 plusquam
1205 1193 1328 1234 neccsse
1347 1197 1412 1240 est,
1431 1198 1488 1232 tti-

123 1256 244 1280 uanius.

559 1324 590 1361 C
615 1329 644 1362 A
670 1329 694 1363 P
721 1327 753 1363 U
777 1329 808 1363 T
865 1330 896 1363 V
911 1328 925 1361 1
940 1327 992 1361 11.

575 1408 630 1442 De
646 1409 802 1455 divifione
815 1408 1006 1457 Syllogismi.

105 1489 360 1573 SYllogisrnus
378 1488 480 1522 dividi
490 1489 593 1536 potest
609 1489 661 1523 vel
681 1491 808 1523 tatione
823 1489 984 1533 materne,
995 1488 1048 1524 vel
1059 1491 1187 1524 ratione
1200 1488 1327 1525 forinae:
1353 1488 1393 1523 de
1406 1487 1489 1523 divi-

161 1538 247 1574 sione
265 1535 440 1586 syllogismi
456 1536 570 1570 habita
582 1536 670 1584 ipsius
685 1537 797 1571 forinae
825 1540 952 1572 ratione
965 1538 1039 1572 satis
1057 1539 1179 1572 distum
1198 1537 1322 1572 {mobis
1339 1537 1488 1578 fuit‚cum

101 1587 142 1622 de
160 1586 268 1635 figuris
282 1591 314 1622 &
337 1585 443 1619 modis
458 1583 654 1632 syllogisticis
669 1588 803 1633 egimus,
829 1586 943 1632 Qare
960 1586 1135 1623 dicendum
1153 1584 1289 1634 superest
1305 1586 1345 1619 de
1362 1583 1489 1620 divisio-

101 1648 143 1672 ne
157 1634 331 1684 syllogismi
348 1662 357 1676 ‚
372 1634 499 1667 ratione
521 1636 674 1668 materiae.

136 1686 246 1720 Primo
260 1687 370 1730 itaque
386 1680 583 1729 syllogismus
599 1683 701 1716 dividi
715 1683 818 1731 potest
830 1686 957 1718 ratione
972 1687 1116 1719 materiae
1129 1687 1162 1720 in
1180 1687 1336 1733 Logicum
1350 1714 1360 1728 ‚
1380 1681 1488 1732 Physi-

101 1746 195 1776 cum,
214 1732 383 1773 Ethicuni‚
403 1729 704 1779 Methaphysicum,
726 1732 1092 1778 Mathematicum‚&c.
1110 1747 1180 1783 quae
1196 1732 1308 1770 divisio
1319 1745 1375 1782 per
1385 1733 1492 1769 serna-

100 1782 217 1818 nifesta
233 1781 289 1818 est.

133 1831 283 1867 Secundo
300 1827 450 1864 tribuitur
472 1830 503 1864 iii
520 1828 733 1864 universalem
745 1859 754 1874 ‚
768 1835 853 1879 cujus
878 1831 1036 1867 conclusio
1050 1832 1095 1869 cst
1117 1830 1301 1867 universalis
1316 1846 1325 1865 ,-
1346 1834 1489 1878 &parti-

102 1881 253 1924 cuiatem,
268 1885 353 1928 cuius
368 1877 527 1913 conclusio
541 1879 585 1913 est
597 1879 816 1927 particularis3
836 1881 918 1915 adde
938 1887 971 1918 δι
992 1881 1182 1930 singularem
1193 1910 1202 1923 ,
1220 1884 1305 1928 cujus
1330 1878 1489 1915 conclusio

105 1930 150 1965 cst
163 1928 206 1965 sin
231 1929 334 1964 ulatis.
360 1929 429 1962 Hic
440 1940 552 1962 autem
564 1929 679 1963 dicitur
693 1927 903 1976 expositorius
914 1958 922 1972 ‚
937 1931 1024 1976 quod
1044 1929 1080 1964 sit
1091 1928 1322 1977 apertissimus:
1337 1934 1369 1965 ὃ(
1385 1927 1406 1962 si
1419 1941 1488 1976 qua:

103 1978 139 2014 sit
154 1978 198 2013 ob
214 1981 328 2014 auritas
349 1979 381 2013 in
393 1977 577 2027 syllogismo
590 1977 773 2022 universali,
789 1978 871 2013 hanc
890 1976 1090 2027 syllogismus
1109 1978 1272 2028 singularis
1288 1977 1375 2012 tollit
1389 1995 1398 2021 ·,
1410 1990 1488 2013 eari-

103 2028 179 2063 dem
192 2029 259 2063 vim
277 2027 378 2063 habet
393 2055 402 2070 ‚
419 2032 452 2064 &
464 2027 582 2062 eodem
597 2027 697 2062 modo
717 2026 883 2062 concludit
902 2040 999 2076 atque
1015 2027 1224 2072 universali53
1244 2027 1336 2075 hujus
1360 2029 1487 2077 generis

103 2075 278 2127 syllogismi
289 2079 323 2112 in
334 2076 577 2112 Mathematicis
594 2076 783 2124 frequenter
800 2089 980 2112 occurrunt.

142 2128 261 2163 Tertio
277 2125 433 2161 dividitur
445 2128 476 2161 in
490 2124 664 2175 simplicem
676 2154 683 2164 ,
698 2131 731 2163 &
742 2125 956 2175 compositum
971 2125 1119 2175 :simplex
1129 2128 1155 2160 is
1167 2126 1302 2169 dicitur,
1317 2130 1406 2174 cujus
1425 2137 1487 2161 tres

104 2177 176 2213 sunt
200 2174 454 2225 propositiones,
471 2188 583 2222 eaeque
595 2174 771 2224 simplices;
790 2175 981 2225 compositus
996 2189 1077 2211 vero
1095 2205 1105 2220 ‚
1121 2177 1177 2222 qui
1205 2176 1256 2209 vel
1274 2175 1380 2223 plures
1400 2188 1488 2210 coni-

103 2226 255 2275 pleffltut
265 2224 418 2271 ejusmodi
433 2224 665 2273 propositiones
677 2254 687 2268 ,
708 2225 761 2260 vel
775 2236 818 2261 ex
829 2225 1007 2275 complexis
1019 2231 1051 2262 &
1065 2223 1247 2273 compositis
1268 2223 1402 2259 constat.
1419 2228 1488 2259 Ve-

105 2286 176 2310 rum
192 2275 233 2310 de
248 2272 432 2323 syllogismo
445 2272 579 2322 simplici
592 2275 730 2309 diximus
742 2303 752 2318 ,
769 2275 810 2309 de
821 2274 1000 2324 composito
1013 2274 1145 2309 inferius
1155 2273 1341 2309 dicendum.

148 2325 302 2370 Denique
317 2334 353 2358 ut
369 2325 499 2358 mittam
517 2323 593 2358 alias
604 2321 774 2359 divisiones
788 2352 797 2367 ,
810 2323 948 2360 solennis
965 2324 1009 2358 est
1029 2321 1202 2371 syllogismi
1229 2321 1342 2357 divisio
1360 2325 1487 2357 ratione

107 2373 250 2407 materiae
265 2399 274 2410 ,
289 2374 321 2406 in
331 2372 560 2420 Apodifficuni
576 2402 585 2416 ,
598 2372 660 2408 sive
674 2372 962 2409 demonstrativum
974 2400 984 2414 ‚
995 2374 1156 2420 Topicum
1168 2401 1177 2415 ‚
1192 2370 1256 2406 sive
1268 2369 1489 2420 probabilem,

109 2427 143 2459 δε
162 2419 378 2470 Sophisticum
390 2420 473 2466 ‚sive
489 2420 643 2458 fallacem
659 2435 666 2457 :
685 2434 753 2470 quoe
768 2434 879 2461 tamen
899 2421 1012 2459 divisio
1027 2423 1057 2457 ei
1070 2419 1178 2456 similis
1193 2420 1239 2457 est
1254 2449 1265 2465 ‚
1279 2432 1343 2469 qua
1360 2420 1489 2456 divide-
