1857 2745
587 102 960 139 81G1LLAT1M.
1406 122 1468 144 ιρι

81 148 164 192 bus,
181 148 211 183 id
233 151 346 198 utique
371 162 411 186 eo
423 148 546 184 factum
563 150 628 193 est,
646 151 840 185 utdefinitio
863 149 1059 187 differentias
1083 165 1154 188 cum
1177 157 1361 202 grueria-as,
1388 168 1454 191 tvm

83 197 241 247 specificas
259 199 557 248 comprehenderet.
571 201 659 234 Nam
669 211 704 234 ut
726 199 843 248 species
856 199 908 234 vel
933 201 975 235 est
989 199 1167 237 subalterna
1179 231 1189 246 ,
1206 216 1240 237 ut
1257 204 1376 239 animal
1394 205 1458 239 ns-

81 248 178 295 peCm
188 250 327 283 viventis
347 266 356 293 3
372 248 425 282 vel
437 246 566 289 infima,
585 248 748 296 uthomoj
764 247 802 282 sic
816 247 1003 284 differentiae
1017 249 1086 285 aliae
1101 250 1171 286 sunt
1192 255 1347 299 genericae
1358 282 1368 295 ,
1384 266 1454 299 quae

80 296 121 330 de
138 295 247 330 multis
258 296 359 345 specie
372 295 498 332 diverfis
510 325 519 340 ‚
535 309 571 331 ut
587 297 627 331 de
639 297 771 333 homine
784 302 817 334 ὃς
832 296 930 332 bruto
943 316 951 342 3
963 298 1033 333 aliae
1044 298 1197 348 spccificae
1214 330 1223 344 ‚
1241 314 1312 348 qua:
1323 303 1456 349 quidem

79 344 120 378 de
137 345 246 379 multis
265 358 398 381 numero
419 344 641 380 differentibus
656 347 885 394 praedicantur‚
912 358 948 382 ut
970 348 1138 383 rationale.

112 393 272 440 Qamvis
284 397 369 429 enim
381 394 562 430 differentia
578 393 722 442 specifica
732 396 772 430 de
785 394 888 443 specie
906 396 1095 443 praedicetur
1109 398 1140 432 in
1156 397 1251 444 quale
1265 400 1343 444 quid
1359 430 1368 444 ,
1392 400 1454 436 hoc

79 442 142 485 est,
162 455 196 477 ut
211 455 280 491 pars
299 443 467 479 essentialis
485 449 518 479 ὃ(
535 455 592 491 per
610 446 742 479 modum
759 445 930 491 adjacentis
942 474 952 488 ,
970 457 1004 479 ut
1021 444 1105 493 supra
1121 446 1243 482 dictum
1256 447 1299 480 est
1320 466 1328 489 ·‚
1343 461 1454 484 tamen

74 493 162 525 ratio
180 491 363 527 universalis
376 506 443 528 non
459 494 488 526 ei
500 495 654 527 convenit
665 523 675 537 ,
688 505 843 540 quatenus
858 493 974 528 dicitur
986 494 1026 528 de
1039 493 1143 543 specie
1160 509 1169 531 :
1183 507 1257 529 cum
1274 497 1313 529 de
1329 501 1455 533 ratione

76 538 261 575 universalis
275 539 329 585 sit,
347 553 382 576 ut
399 540 658 591 respiciatmulta
671 571 680 584 ‚
699 541 750 576 vel
769 554 803 576 ut
813 554 924 590 aptum
937 541 973 578 fit
984 542 1047 578 dici
1060 544 1099 578 de
1115 542 1236 580 multis.
1256 546 1320 579 Sed
1337 544 1455 593 species

78 589 198 623 nonest
210 591 427 636 quidinferius
444 589 625 625 differentia
643 589 811 639 specifica:
831 603 906 626 nam
923 604 961 626 ex
977 604 1068 639 aequo
1082 595 1113 626 ei
1132 591 1319 639 respondet,
1339 599 1371 631 &
1384 607 1455 630 tan-

80 647 148 671 tum
159 649 250 685 patet
267 637 404 686 species,
425 650 578 687 quantum
596 637 660 687 ipsa
669 638 861 674 differentia.
875 642 958 685 Ergo
972 639 1154 677 differentia
1169 640 1313 690 specifica
1329 657 1394 679 non
1411 645 1455 679 est

77 686 156 732 quid
167 686 342 721 universale
357 717 367 730 ‚
385 687 443 723 ubi
459 701 530 723 cum
546 687 650 735 specie
667 700 889 735 comparatur:
905 679 958 722 secl
971 701 1010 723 ea
1022 690 1066 725 est
1080 689 1264 726 universalis
1275 719 1282 728 ,
1295 703 1452 740 quatenus

75 733 114 766 ad
125 734 290 769 individua
307 735 445 771 refertur
463 764 473 778 ,
498 748 535 769 ac
552 737 593 769 de
611 738 649 770 iis
663 738 849 784 praedicatur
871 738 903 770 in
920 737 1013 784 quale
1024 739 1103 785 quid
1118 768 1128 782 ,
1148 738 1210 774 hoc
1231 739 1275 773 est
1290 770 1299 784 ,
1317 742 1453 789 adjecti-

76 793 125 816 ve.
141 784 228 819 Nam
239 796 337 832 genus
350 782 510 833 &species
530 784 740 832 praedicantur
755 787 788 820 in
808 785 907 833 quid,
924 787 1077 823 nimirum
1088 787 1281 824 substantive
1293 818 1304 833 ‚
1330 789 1383 826 seu
1396 802 1453 840 pet

77 832 210 867 modum
223 835 271 867 rei
283 832 486 870 subsistentis.

109 880 199 928 Qus
207 880 302 916 affert
314 882 507 931 Porphyrius
525 883 712 919 differentiae
727 883 886 921 rationes,
904 893 958 917 aut
976 882 1044 918 sunt
1056 884 1255 931 imperfestae
1274 916 1283 930 ,
1303 900 1358 923 aut
1378 901 1450 923 eam

75 941 144 975 quae
159 929 256 964 allata
279 931 340 974 est,
356 943 520 979 utcunque
536 932 709 980 explicant.
726 932 776 964 Sic
795 929 851 964 ubi
877 943 949 965 eam
967 931 1080 967 definit
1107 941 1137 965 1⁰
1155 935 1242 981 quod
1267 937 1452 983 praeiicatur

73 977 116 1011 de
131 977 237 1014 multis
248 978 350 1028 specie
368 979 592 1016 diffitentibus
609 984 642 1015 iu
662 979 757 1028 quale
775 978 853 1026 quid
865 1007 874 1021 ‚
897 978 1115 1015 differentiam
1139 982 1306 1019 dumtaxat
1326 989 1453 1033 generi-

73 1037 145 1060 cam
161 1055 170 1068 ,
196 1041 262 1062 non
278 1027 456 1075 specificam
470 1029 528 1063 hac
538 1029 730 1064 definitione
741 1026 981 1074 compleffitur.
1005 1028 1153 1075 Reliquae
1166 1031 1294 1065 admitti
1313 1033 1452 1080 poliunt,

71 1085 107 1109 ur
119 1074 252 1110 secunda
267 1076 438 1113 definitio:
456 1076 648 1113 Differentia
659 1077 702 1111 est
715 1076 746 1109 id
761 1087 827 1122 quo
846 1074 962 1123 species
980 1075 1108 1125 superat
1117 1090 1216 1125 genus
1235 1096 1243 1122 3
1260 1091 1316 1115 aut
1334 1085 1429 1118 tertia
1440 1112 1450 1125 ,

72 1123 106 1156 id
123 1124 210 1171 quod
219 1124 395 1160 discernere
405 1138 518 1174 aptum
529 1127 572 1161 est
582 1138 622 1161 ea
638 1138 707 1173 quae
722 1122 846 1159 subsunt
862 1124 969 1159 eidem
983 1127 1105 1174 generi.
1130 1129 1256 1209 Qbum
1272 1132 1373 1165 etiam
1398 1144 1450 1166 te-

73 1173 137 1220 cipi
158 1175 259 1220 potest
271 1203 279 1215 ,
292 1173 473 1213 diffitentia
485 1176 528 1210 est
541 1176 571 1210 id
591 1188 647 1225 pst
659 1174 746 1223 quod
764 1174 1021 1220 unumquodque
1037 1174 1145 1210 differt
1162 1188 1179 1208 a
1217 1175 1290 1211 alio.
1314 1180 1377 1214 Sed
1400 1191 1449 1214 tt-

73 1232 150 1257 men
163 1220 217 1257 nisi
236 1224 333 1258 addas
343 1224 425 1258 hanc
442 1237 562 1260 vocem
578 1253 587 1267 ‚
606 1225 826 1271 effcmialiter,
840 1222 908 1262 haec
921 1221 1071 1264 definitio
1089 1229 1254 1262 communi
1268 1254 1277 1269 ‚
1295 1240 1354 1267 aut
1368 1232 1450 1266 acci-

73 1269 255 1306 cidentariae
272 1271 462 1309 differentiae
482 1285 574 1320 :eque
594 1274 777 1309 conveniet.

108 1319 238 1357 Ultima
251 1322 377 1357 videtur
393 1325 569 1360 accuratior
583 1337 589 1358 :
610 1321 661 1356 sed
674 1319 764 1360 nulla
775 1333 812 1355 ex
823 1323 860 1356 iis
875 1321 1122 1358 definitionibus
1146 1322 1366 1360 differentiam
1392 1338 1449 1360 ex-

71 1366 170 1414 plicat
185 1397 194 1414 ‚
214 1381 373 1416 quatenus
386 1372 428 1405 est
440 1371 516 1418 quid
529 1370 726 1407 universale:
740 1372 892 1417 quocirca
909 1384 978 1419 quae
992 1374 1099 1420 primo
1117 1371 1191 1407 loco
1205 1372 1303 1409 allata
1319 1375 1360 1409 est
1371 1404 1380 1417 ,
1397 1377 1447 1409 vi-

72 1416 165 1451 detur
178 1419 346 1457 retinenda
358 1448 368 1462 ‚
379 1433 478 1466 quam
495 1419 626 1467 reliquae
639 1419 810 1454 elatiorem
824 1418 968 1459 efficiunt
982 1449 992 1467 ‚
1018 1432 1174 1468 quatenus
1186 1421 1332 1459 distinete
1352 1423 1444 1458 diffe-

73 1466 182 1500 rentia:
200 1479 334 1501 munera
346 1470 541 1515 exprimunt.
876 1468 880 1471 ’

109 1514 215 1559 Atque
228 1513 296 1551 haec
313 1514 436 1560 possent
447 1528 609 1562 utcunque
624 1513 768 1550 sufficere
778 1544 788 1558 ,
814 1516 835 1550 fi
848 1515 943 1554 nobis
959 1529 1028 1552 non
1042 1515 1129 1550 aliud
1147 1516 1223 1552 ess'ct
1235 1517 1448 1566 propositum,

73 1561 173 1607 quiun
188 1563 359 1610 Porphyrii
370 1576 492 1601 textum
507 1575 679 1612 exponere.
695 1564 757 1599 Sed
771 1577 845 1601 cum
857 1564 972 1601 multas
986 1564 1048 1600 hoc
1064 1563 1137 1601 loco
1153 1571 1186 1602 ἃ
1198 1579 1312 1616 graves
1331 1581 1447 1603 move-

73 1611 138 1644 rint
152 1612 349 1656 quaestiones,
365 1625 432 1646 non
452 1611 611 1660 poffiimus
624 1624 674 1646 eas
686 1614 822 1647 intactas
840 1611 1033 1658 relinquere.
1065 1615 1144 1663 Qo
1161 1626 1274 1649 autern
1287 1627 1376 1650 certo
1394 1629 1449 1650 or-

72 1657 148 1692 dine
160 1660 420 1705 progrediamur,
439 1663 578 1707 primum
596 1659 778 1698 differentia
791 1673 862 1696 cum
877 1659 1000 1708 specie,
1019 1660 1135 1698 deinde
1159 1675 1232 1703 cum
1245 1676 1366 1714 genere
1385 1668 1448 1701 etit

73 1707 300 1758 comparanda,
311 1706 400 1744 fimul
417 1714 450 1748 &
467 1709 655 1746 differentiae
672 1711 754 1745 inm
770 1709 799 1744 se
810 1709 1032 1746 conferentur.

514 1790 905 1829 ARTICULUS
955 1792 1009 1829 11,

333 1871 460 1905 verum
474 1871 570 1905 detur
588 1870 768 1917 differentia
793 1883 862 1904 cum
874 1872 979 1920 specio
995 1874 1162 1920 reprroca.

70 1949 218 2033 DUo
230 1951 363 1999 quidem
373 1950 522 1990 hocloco
534 1962 712 2000 quaetuntur
730 1965 738 1987 :
751 1953 892 1999 primum
903 1979 912 1994 ,
926 1963 969 1989 an
987 1962 1188 2000 unaquaeque
1201 1948 1320 1998 species
1333 1964 1394 1989 una
1411 1954 1449 1990 fit

161 2001 342 2039 differentia
356 2012 529 2046 contenta,
543 2013 586 2039 an
595 2000 700 2049 plures
713 1998 795 2049 saepe
811 2002 919 2049 exigat
930 2016 939 2042 5
949 1999 1064 2036 deinde
1076 2014 1182 2039 utrum
1204 2001 1238 2034 in
1252 2000 1354 2049 specie
1366 2015 1447 2050 qua-

72 2047 154 2084 libet
171 2062 235 2085 una
251 2048 286 2084 fit
299 2049 483 2085 diffsrentia
497 2052 677 2098 reciproca,
696 2062 767 2097 quae
784 2047 903 2089 seilicet
923 2059 1048 2087 tantum
1063 2061 1175 2101 pateat
1186 2077 1196 2092 ,
1208 2061 1369 2098 quantum
1377 2051 1447 2102 spe.

73 2100 136 2132 cies
153 2097 224 2145 ipsa.

112 2146 251 2182 Certum
264 2146 308 2181 est
321 2160 344 2179 ι’)
355 2146 420 2180 dari
437 2144 633 2184 diffitentias
660 2146 786 2187 infimas
804 2162 812 2184 ι
830 2147 1096 2195 quandoquidem
1116 2147 1236 2196 species
1255 2146 1373 2184 infimae
1390 2161 1449 2197 per

71 2194 137 2230 sms
149 2194 342 2232 differentias
354 2195 594 2230 constituuntur.
614 2197 676 2230 Sed
690 2197 819 2243 quaestio
835 2196 877 2230 est
890 2225 898 2239 ‚
925 2209 966 2230 an
988 2199 1078 2233 unius
1106 2195 1220 2244 speciei
1243 2195 1359 2231 infimae
1380 2211 1443 2234 una

73 2241 108 2277 fit
118 2270 127 2283 ‚
140 2255 193 2277 aut
209 2243 378 2292 multiplex
392 2241 574 2278 diffitentia
586 2259 592 2281 :
605 2257 710 2282 utrum
728 2244 893 2292 completa
907 2243 941 2279 (it
958 2258 988 2282 v.
1002 2258 1047 2292 gr.
1065 2245 1203 2281 hominis
1221 2245 1353 2292 vu'gata
1363 2245 1444 2283 defi-

72 2292 152 2326 nitio
165 2318 174 2333 ,
192 2294 306 2326 Homo
322 2293 364 2327 est
373 2292 491 2327 animal
505 2292 679 2336 rationale3
694 2306 734 2328 an
753 2293 829 2328 alias
844 2306 974 2340 quoque
986 2292 1181 2330 diffitentias
1191 2294 1264 2328 eddi
1277 2306 1443 2342 oportean

72 2350 107 2376 ut
126 2340 316 2392 Porphyrius
326 2341 389 2380 hoc
402 2340 474 2380 loco
486 2341 602 2381 definit
613 2341 780 2381 hominem
795 2341 917 2380 animal
929 2341 1083 2381 rationale
1102 2342 1252 2381 mortale.

1197 2393 1233 2430 N
1260 2393 1294 2445 iij
