1857 2745
78 149 116 187 fit
127 148 232 191 enim,
245 157 282 181 ut
295 146 429 181 diximus
440 172 450 188 ,
469 145 502 179 in
516 143 606 177 omni
615 94 1109 190 elfggolssezgfkrrasiynogffmus
1125 141 1259 187 quidam
1270 170 1280 185 ,
1297 153 1398 190 quem
1414 103 1475 179 2?ss

76 208 149 234 cant
157 197 336 246 practicam
353 223 364 238 ‚
386 198 470 242 cujus
488 190 727 228 conclusionem
741 191 892 227 voluntas
916 192 1068 237 sequitur.
1094 189 1196 225 Unde
1213 202 1363 226 amentes
1381 219 1392 234 ,
1421 205 1476 227 aut

75 246 216 282 infantes
227 257 295 280 non
305 255 405 293 agunt
427 241 529 277 libere
546 268 556 285 ,
572 242 650 289 quia
662 254 730 277 non
741 239 867 289 polsunt
879 241 1020 290 judicare
1033 251 1074 275 an
1092 238 1254 288 praemiffae
1274 240 1358 275 illius
1375 240 1474 288 syllo-

73 294 165 346 gismi
183 293 243 331 fint
255 305 339 329 vera:
352 321 363 337 ‚
384 291 439 327 vel
454 290 547 326 falsae.

109 343 242 389 Instant.
243 342 415 393 judicium
433 339 511 376 illud
522 339 745 377 necessitatem
757 338 1010 377 antecedentem
1020 336 1184 375 voluntati
1196 336 1290 374 affert
1302 351 1309 373 :
1321 350 1399 386 ergo
1412 353 1473 374 vo-

72 391 178 429 luntas
199 405 266 428 non
292 393 354 426 erit
366 390 482 426 libera.
977 402 983 406 ·

108 442 299 490 Resp.Neg.
315 449 381 474 ant.
403 442 492 476 Nam
516 438 668 487 judicium
690 436 770 472 illud
797 438 844 473 est
866 437 1003 474 liberum
1018 467 1029 483 ,
1055 438 1155 485 idque
1182 436 1330 472 voluntas
1346 448 1470 472 mutare

94 491 193 534 otest,
216 501 272 524 aut
289 487 478 537 suspendere
500 502 509 525 :
538 500 575 522 ac
587 485 751 524 neceffitas
762 515 772 531 ,
797 487 817 523 si
834 500 907 536 quae
927 486 962 523 fit
974 516 986 532 ‚
1003 488 1065 522 erit
1082 486 1295 534 hypothetica
1307 513 1317 528 ,
1332 498 1397 521 non
1412 485 1470 520 ab-

69 503 169 575 folum
187 537 339 583 3moralis
351 566 362 581 ,
383 551 452 574 non
465 535 602 587 physica.

113 589 196 636 Opp.
213 603 242 625 2.
254 589 326 624 Nos
338 599 407 622 non
424 585 548 635 semper
566 584 656 633 sequi
672 598 745 633 quae
760 586 912 623 videntur
920 583 1143 622 meliotazhinc
1153 582 1232 619 illud
1245 583 1372 619 Medeae
1382 584 1467 631 apud

69 637 231 674 Ovidium
245 664 256 680 ,
280 638 447 672 communi
471 636 617 671 sermone
636 637 756 672 tritum.

297 685 399 719 Video
412 686 545 721 mellorae
555 682 720 731 proboque
729 711 739 723 ,

67 733 247 769 Deteriora
262 734 390 781 ftquor.

101 783 192 832 Resp.
204 782 288 826 Dzst.
300 794 368 820 ant.
386 783 473 831 Qae
488 781 663 832 probamus
677 782 815 818 meliora
829 782 1018 830 cognitione
1038 779 1235 829 speculativa
1252 783 1288 816 &
1304 779 1465 816 universa-

67 829 110 875 li,
133 843 171 867 ea
190 832 312 880 semper
323 845 389 867 non
401 832 557 880 sequimur
570 861 580 877 ,
597 833 639 869 C.
651 845 723 881 quae
740 828 916 881 probamus
934 830 1071 866 meliora
1085 841 1141 877 per
1157 830 1380 877 cognitionem
1394 843 1465 878 pra-

62 882 187 916 &icam
205 909 215 924 ‚
232 893 307 915 cum
322 892 390 915 rem
404 880 558 916 omnibus
582 880 641 916 suis
657 881 883 916 circumstantiis
897 879 1050 915 vestitam
1063 881 1242 920 intuemur,
1271 890 1308 912 ea
1335 891 1402 914 non
1414 879 1464 912 se-

68 930 198 977 quimur
210 957 220 972 ‚
235 930 282 965 N.
300 929 413 972 Qare
423 927 590 977 propositis
606 927 730 963 duobus
742 928 839 962 bonis
853 954 865 970 ,
891 939 948 962 aut
961 926 1087 961 duobus
1107 926 1199 961 maiis
1211 954 1221 969 ,
1243 925 1320 961 illud
1339 926 1464 961 bonum

65 977 272 1025 amplectitur
283 977 451 1020 voluntas,
466 982 551 1024 cujus
573 976 677 1026 specie
691 979 793 1025 magis
812 987 1020 1023 permovetur
1036 978 1159 1010 animus
1185 992 1194 1018 3
1220 975 1253 1009 id
1275 975 1395 1010 malum
1413 987 1463 1010 re-

64 1026 152 1074 fugit
164 1054 174 1069 ,
193 1030 278 1074 cujus
295 1024 412 1074 species
432 1025 480 1059 illi
495 1026 622 1059 videtur
633 1025 829 1059 horribilior.
854 1026 944 1059 Nam
966 1026 1070 1058 minus
1089 1023 1215 1058 bonum
1233 1035 1309 1057 cum
1327 1023 1463 1058 meliore

63 1085 284 1123 comparatum
297 1103 307 1117 ‚
325 1073 403 1108 mali
415 1072 518 1108 habet
527 1075 698 1108 rationem.
711 1074 800 1108 Hinc
812 1070 906 1106 Plato
921 1074 953 1106 in
967 1073 1144 1119 Protagora
1162 1070 1262 1104 docet
1275 1098 1287 1113 ,
1300 1073 1464 1105 volentem

64 1123 111 1158 ad
119 1125 240 1158 malum
248 1123 329 1172 ferri
347 1125 500 1157 neminem
514 1148 523 1160 ‚
535 1134 634 1168 neque
647 1122 700 1168 ‘ffi'’
711 1124 745 1155 in
752 1119 884 1155 hominis
896 1129 1015 1153 natura
1027 1146 1037 1158 ‚
1059 1129 1095 1152 ut
1109 1119 1193 1153 velit
1205 1119 1250 1153 ad
1267 1131 1304 1152 ea
1325 1131 1387 1166 quae
1410 1133 1461 1153 re..

61 1182 160 1222 putat
177 1172 280 1210 mala,
291 1170 440 1206 bonorum
450 1172 513 1205 loco
527 1170 705 1216 defleHere3
723 1181 762 1210 aq
771 1169 800 1217 fi
814 1168 932 1216 eligere
943 1168 1084 1202 alterum
1093 1180 1134 1202 ex
1147 1165 1268 1202 duobus
1284 1167 1459 1215 aliqnando

63 1222 176 1268 neceffe
188 1220 232 1264 stt
245 1248 255 1259 ,
281 1223 434 1255 neminem
447 1221 501 1266 effe
515 1247 524 1261 ‚
547 1221 606 1265 qui
616 1218 646 1263 st
657 1210 890 1268 eligerbninus
908 1215 1004 1251 liceat
1021 1243 1031 1255 ‚
1059 1217 1160 1265 eligat
1173 1220 1290 1260 majus.

98 1270 182 1314 Sed,
201 1270 343 1317 inquies,
363 1267 465 1303 multa
476 1280 549 1315 quae
565 1268 741 1318 judicamus
756 1265 964 1308 mala‚contra
979 1263 1207 1300 conscientiam
1222 1262 1457 1312 sequimur3nec

90 1331 138 1353 uoe
147 1320 246 1367 magis
265 1315 571 1367 probamus‚eadem
589 1316 828 1364 aiiipleffimu13
837 1315 923 1362 quod
936 1313 1061 1350 bonum
1072 1313 1197 1349 anobis
1208 1314 1252 1349 est
1267 1314 1456 1362 judicatum,

75 1380 142 1415 aepe
164 1370 335 1416 rejicimus,

111 1417 198 1462 Resp.
213 1418 272 1450 His
286 1415 397 1452 &aliis
409 1426 479 1462 quae
495 1413 600 1450 afferri
610 1412 737 1462 possunt
751 1442 762 1457 ,
778 1427 846 1449 non
860 1413 947 1449 aliud
962 1412 1044 1448 effici
1055 1442 1065 1456 ‚
1083 1412 1183 1460 quam
1198 1424 1257 1447 nos
1275 1412 1315 1446 ad
1331 1423 1368 1445 ea
1385 1424 1456 1458 quae

64 1463 137 1499 sunt
149 1464 249 1512 reipsa
265 1464 399 1497 meliora
412 1490 422 1505 ,
445 1475 585 1510 quaeque
603 1465 647 1496 ita
658 1461 728 1495 sunt
737 1461 974 1507 judicata,non
983 1462 1153 1495 attendere
1167 1489 1176 1502 ,
1192 1472 1234 1493 eo
1250 1458 1455 1506 potiffimum

64 1525 133 1560 quo
141 1515 263 1561 agimus
283 1523 428 1558 tempore
443 1524 452 1545 :
470 1511 626 1557 quodque
641 1521 717 1543 ante
729 1508 958 1556 estjudicatum
970 1508 1094 1543 bonum
1108 1536 1118 1551 ,
1133 1508 1323 1542 dimittimus
1346 1521 1354 1543 :
1377 1520 1454 1543 nam

63 1573 103 1597 ex
117 1574 196 1596 vero
206 1564 238 1596 in
255 1560 355 1595 visum
369 1559 492 1594 bonum
502 1561 625 1594 animus
638 1556 805 1605 abripitur.
819 1558 886 1604 Qi
901 1569 1011 1592 autem
1027 1557 1103 1590 dicit
1115 1555 1145 1590 se
1159 1556 1293 1590 meliora
1305 1555 1457 1603 probare,

62 1610 269 1645 acdeteriora
288 1608 394 1656 sequi,
412 1612 437 1642 is
463 1610 637 1650 mentitur,
659 1609 880 1654 &pugnantia
894 1606 1051 1653 loquitur.
1080 1607 1158 1653 Agit
1180 1604 1314 1652 quidem
1338 1616 1454 1653 praeter

63 1659 312 1694 coni'cientianu
328 1657 416 1704 quod
435 1656 464 1691 se
476 1655 555 1691 boni
565 1655 876 1704 jactui-ainaliquarn
885 1654 990 1689 facere
1000 1652 1123 1689 sentiat.
1149 1654 1212 1687 Sed
1225 1654 1256 1686 id
1272 1666 1338 1687 non
1357 1654 1453 1689 vide-

63 1718 116 1742 tur
127 1710 228 1751 tanti,
250 1719 285 1741 ut
300 1707 522 1754 voluptatem,
539 1717 593 1739 aut
612 1703 801 1746 libidinem,
828 1716 899 1750 quse
918 1715 993 1737 eum
1004 1700 1215 1736 transversum
1231 1704 1300 1747 agit
1314 1730 1322 1745 ‚
1346 1701 1453 1751 asper-

62 1768 168 1793 netur.
181 1760 258 1792 Haec
274 1758 369 1804 igitur
381 1756 506 1801 majoris
520 1753 597 1788 boni
607 1753 742 1801 speciem
765 1765 828 1800 prae
858 1751 889 1786 se
913 1752 996 1795 fert,
1028 1751 1104 1786 licet
1119 1750 1226 1785 fucata
1239 1748 1275 1784 fit
1292 1756 1326 1788 &
1343 1762 1455 1786 emen-

63 1807 121 1840 tita
136 1834 145 1849 ,
164 1820 229 1841 non
250 1817 322 1838 vera
338 1810 370 1839 &
390 1816 542 1851 germana
559 1802 639 1836 boni
661 1801 790 1849 species,

98 1854 179 1903 Opp.
192 1870 213 1900 3.
226 1853 327 1899 Qod
347 1851 366 1887 fi
388 1852 535 1887 voluntas
550 1852 582 1884 id
599 1850 739 1897 sequitur
754 1850 842 1897 quod
864 1852 948 1884 ratio
972 1847 1086 1883 melius
1102 1846 1244 1894 judicat,
1272 1859 1371 1882 nemo
1390 1849 1450 1882 erit

59 1905 284 1946 incontinens:
305 1900 372 1936 fieri
388 1904 551 1935 enimnon
561 1901 684 1948 poterit
697 1926 707 1942 ,
733 1911 766 1934 nt
785 1900 843 1948 qui
865 1898 905 1932 de
923 1897 1016 1933 rebus
1029 1897 1115 1932 recte
1128 1895 1276 1939 aestimat,
1294 1908 1361 1931 non
1375 1906 1451 1944 agat

62 1951 95 1986 id
116 1953 203 1999 quod
224 1953 267 1987 est
283 1952 453 1998 optimum.

100 2000 458 2047 Respstncontinentem
470 1999 545 2034 scire
559 1999 638 2047 quid
656 1998 744 2034 factu
756 1997 792 2033 sit
804 2000 964 2046 optimum
977 2025 986 2040 ‚
1001 1994 1117 2031 habitu
1132 2023 1142 2038 ‚
1161 1994 1200 2031 C.
1212 1996 1285 2030 aCtu
1296 2023 1306 2037 ‚
1324 1994 1369 2029 N.
1388 1992 1448 2028 ha-

61 2048 120 2085 bet
128 2051 215 2084 enim
230 2049 414 2090 scientiam,
433 2047 483 2082 sed
501 2061 538 2082 ea
550 2061 616 2082 non
631 2050 729 2082 utitur
744 2064 753 2090 3
778 2059 885 2095 neque
904 2047 945 2080 ad
961 2046 992 2080 id
1006 2044 1094 2092 quod
1111 2043 1165 2078 scit
1177 2073 1186 2087 ,
1213 2043 1355 2078 attendit
1378 2044 1448 2077 ani-

62 2111 162 2134 mum.
184 2100 230 2134 Ac
242 2097 263 2131 si
282 2100 353 2133 vitii
364 2098 592 2146 turpitudinem
601 2107 764 2144 utcunque
777 2094 1060 2139 confideret,hanc
1083 2091 1248 2128 scientiam
1266 2094 1313 2126 vis
1336 2089 1448 2126 libidi-

63 2150 112 2181 nis
127 2148 172 2181 ita
191 2146 357 2190 obscurat,
373 2158 409 2180 ut
430 2147 516 2193 quod
533 2144 729 2194 jucundum,
744 2158 797 2179 aut
809 2144 933 2180 bonum
957 2146 989 2178 in
1003 2144 1086 2177 vitio
1100 2139 1156 2175 fibi
1180 2139 1293 2188 fingit,
1313 2138 1400 2187 quasi
1413 2143 1448 2176 in

65 2193 139 2228 luce.
147 2196 320 2230 constituat
336 2213 344 2237 ;
362 2196 450 2242 quod
469 2194 549 2229 boni
571 2194 616 2228 est
631 2196 661 2228 in
678 2196 798 2229 virtute
810 2223 820 2238 ,
839 2192 971 2228 confusa
990 2190 1118 2226 tantum
1131 2195 1165 2225 &
1185 2188 1318 2223 obscura
1334 2191 1447 2236 cogni-

63 2244 152 2276 tione
163 2270 173 2284 ,
202 2257 266 2278 non
290 2244 387 2287 serio,
410 2257 475 2280 non
489 2255 612 2278 attente
636 2241 820 2278 confideret.
853 2244 939 2277 Hinc
949 2253 1019 2288 quae
1032 2252 1107 2274 eum
1120 2235 1244 2285 poffunt
1256 2237 1276 2272 ὲι
1289 2236 1377 2271 malis
1391 2250 1446 2272 ac-

65 2289 205 2325 tionibus
215 2293 372 2327 deterrere
382 2322 391 2336 ,
401 2305 436 2328 ut
445 2292 552 2328 futura
563 2303 689 2326 tantum
702 2320 710 2332 ,
726 2303 781 2325 ant
792 2290 889 2325 dubia
905 2295 939 2326 ὃς
951 2292 1071 2324 incerta
1085 2286 1234 2334 supplicia
1245 2315 1256 2330 ,
1264 2285 1364 2320 ·velut
1374 2299 1446 2333 per-

61 2340 222 2375 functorie
237 2343 397 2378 &eminus
411 2340 570 2391 prospicit.
591 2342 636 2377 Ac
647 2339 667 2375 si
685 2353 722 2375 ca
735 2352 888 2387 tanquam
903 2349 988 2374 certa
1002 2342 1035 2374 ὅ(
1050 2335 1241 2385 praesentiaT
1261 2341 1294 2370 8<
1311 2348 1385 2370 mox
1397 2338 1449 2371 in·

1183 2382 1283 2432 Lliij
