1857 2745
443 118 850 159 TRACTATUS
894 120 1168 160 TERTIUS.
1477 128 1524 162 69*

164 166 257 217 Resp.
271 166 338 214 dist.
352 176 420 204 am.
433 169 511 206 Una
524 168 570 202 est
585 169 674 203 actio
687 168 793 205 totalis
817 169 982 205 moraliter
994 169 1060 207 sum
1087 182 1139 214 ta,
1150 182 1221 219 quae
1231 183 1268 207 ex
1286 169 1407 205 duabus
1421 137 1516 206 caizfis

118 218 213 252 inter
233 215 263 252 se
282 217 437 253 distinctis
452 216 614 261 coalescit,
627 221 668 254 C.
681 230 744 252 una
755 219 898 254 estafflo
912 217 1039 268 physice
1068 232 1180 268 umpta
1191 249 1200 263 ‚
1211 220 1266 257 N.
1282 221 1404 265 Neque
1423 221 1513 255 enim

117 264 219 300 ⁴aliter
228 277 290 301 una
300 267 400 310 aditio,
415 266 516 314 quam
526 277 624 301 unum
637 278 735 314 agens
747 269 1016 316 concipitut‚cum
1034 269 1105 305 duae
1123 268 1217 304 causae
1231 270 1272 304 ad
1282 266 1420 318 ejusdem
1431 267 1513 304 effe-

117 315 196 351 >stus
212 317 472 363 procreationem
490 314 682 363 conspirant.
1255 327 1269 332 ‘

160 366 255 410 Qas
271 376 379 400 autem
395 374 502 412 partes
514 365 547 398 in
570 365 699 412 agendo
710 364 831 401 habeat
850 365 940 401 causa
955 367 1060 414 prima
1071 393 1082 409 ‚
1099 365 1265 401 videamus
1282 380 1291 401 ε
1312 377 1412 413 atque
1432 377 1466 400 ut
1486 365 1505 401 ᾗ

114 411 214 448 rebus
229 411 325 448 nobis
338 411 520 450 notioribus
538 425 675 460 quatum
687 415 773 448 ideas
787 413 942 450 habemus
954 417 1053 463 tnagis
1063 417 1207 464 proprias
1222 420 1255 452 ὃς
1273 415 1438 451 distinctas
1451 427 1505 450 or-

114 461 248 498 diamur
261 490 271 506 ,
280 462 320 498 de
335 462 428 498 rebus
439 464 601 509 corporeis
622 465 762 511 primum
776 462 872 499 nobis
889 464 1051 512 agendum
1063 465 1115 500 est.

655 513 769 546 Tertia
780 515 808 546 C
810 513 954 558 onclufio.

166 561 264 598 Actio
279 562 392 611 primae
413 561 506 597 causae
520 561 641 597 diversa
651 563 778 597 ratione
791 561 934 609 spectata
945 590 956 610 ‚
967 561 1064 598 causa·
1077 560 1220 598 secundae
1235 565 1401 599 actionem
1411 573 1501 598 ante-

115 611 213 646 cedit
226 640 237 654 ‚
252 613 442 654 comitatur,
460 617 494 649 &
515 610 725 659 subsequitur.

150 660 313 695 Probatur
323 657 412 695 fimul
429 665 463 697 δε
477 660 654 708 explicatur
666 657 837 694 conclusio.
851 662 970 696 Omnis
980 661 1067 696 actio
1078 672 1236 710 corporea
1250 691 1259 706 ‚
1272 672 1329 696 aut
1340 673 1432 697 motu
1448 661 1499 697 lo-

110 707 177 743 ‚cali
189 710 460 751 continetur,aut
473 722 548 744 cum
566 721 606 743 eo
631 712 676 743 ita
696 710 868 755 conjuneta
892 709 936 744 est
950 738 960 753 ,
985 721 1022 744 ut
1043 711 1122 745 citra
1139 722 1267 746 motum
1284 710 1422 745 localem
1443 714 1502 746 vix

115 757 270 805 explicari
303 755 410 806 poffit.
456 757 544 792 Cum
578 760 687 805 itaque
712 761 801 793 Deus
822 769 880 806 pet
895 770 1021 793 motum
1047 760 1163 794 cuneta
1181 757 1317 803 efficiat,
1340 771 1497 806 quatenus

115 804 219 842 causas
236 805 384 841 secundas
396 818 510 842 movet
524 835 534 849 ‚
553 805 650 853 iisque
669 804 802 843 simul&
815 805 985 843 effectibus
996 806 1056 842 effe
1069 806 1253 856 [impliciter
1265 808 1396 857 largitur
1407 823 1414 844 :
1425 819 1495 844 tum

105 856 203 901 praeit
212 853 305 890 causis
315 854 455 890 secundis
469 883 479 898 ,
495 854 609 902 easque
628 867 819 904 praemovet.
847 858 1016 903 Qatenus
1033 869 1113 892 vero
1132 856 1221 892 fimul
1235 859 1303 906 agit
1319 869 1389 892 cum
1405 857 1496 892 causa

112 901 268 946 secunda,
284 915 350 938 tum
368 905 538 940 concurrit.
548 904 611 938 Sed
623 916 656 939 ut
672 902 798 953 praecise
820 907 888 953 agit
899 933 908 946 ‚
927 910 961 942 δ(
976 911 1061 953 juxta
1079 905 1175 940 causae
1192 906 1335 941 secundae
1363 908 1495 955 exigen-

105 953 192 985 -tiam
202 980 212 994 ‚
231 963 299 987 tum
313 954 398 986 actio
406 954 518 1000 primae
529 952 625 986 causae
634 952 882 999 quodammodo
891 952 1090 1001 subsequitur
1102 953 1228 990 causam
1245 954 1428 996 secundam,
1447 958 1494 989 ei-

106 1011 173 1047 que
183 999 244 1035 sese
257 1001 492 1035 accommodat.
511 1003 561 1038 Ut
573 1003 659 1035 actio
670 1003 778 1049 primae
788 1001 885 1036 causae
902 1004 1065 1038 actionem
1077 1003 1174 1038 causae
1187 1003 1330 1039 secundae
1339 1015 1493 1038 antever-

109 1050 150 1083 tit
160 1077 170 1092 ,
185 1061 224 1083 ea
239 1048 423 1084 universalis
438 1055 472 1087 ὃ(
486 1048 655 1085 indefinita
670 1052 865 1098 concipitur:
883 1050 935 1084 sed
947 1052 1181 1088 determinatur
1196 1052 1217 1089 a
1233 1051 1323 1087 causa
1345 1052 1491 1096 secunda,

106 1109 265 1145 quatenus
281 1100 384 1146 prima
404 1097 494 1133 causa
507 1101 537 1133 ei
566 1098 597 1133 se
618 1099 844 1133 accommodat
859 1126 869 1140 ‚
887 1104 921 1135 &
942 1102 975 1134 in
993 1100 1186 1136 consortium
1203 1100 1343 1148 eJusdem
1354 1100 1490 1136 effectus

102 1151 191 1196 juxta
204 1146 303 1182 causae
325 1146 467 1182 secundae
486 1150 682 1197 exigentiam
700 1149 811 1191 venit,
831 1159 967 1196 tumque
991 1161 1030 1184 ex
1042 1149 1212 1186 universali
1229 1155 1264 1187 δε
1288 1149 1488 1185 indifferenti

102 1194 144 1231 fit
162 1198 247 1230 actio
276 1196 500 1233 determinata.

142 1246 222 1292 Qo
233 1257 343 1280 autem
355 1257 404 1280 res
421 1244 549 1280 uberius
563 1245 742 1294 explicetur
753 1274 762 1289 ‚
780 1246 859 1293 quid
869 1246 904 1282 sit
915 1258 983 1282 rem
998 1246 1018 1283 ὲ
1038 1250 1114 1284 Deo
1130 1250 1273 1291 moveri,
1293 1246 1387 1295 paulo
1410 1248 1487 1283 dili-

126 1295 230 1328 entius
245 1295 436 1331 intueamur.
451 1297 541 1330 Deus
559 1307 672 1330 movet
686 1307 799 1344 corpus
810 1324 820 1338 ,
834 1308 889 1330 aut
901 1307 959 1344 per
977 1295 1005 1330 se
1018 1295 1136 1341 solum,
1157 1309 1209 1332 aut
1226 1298 1290 1333 una
1309 1309 1381 1331 cuni
1396 1297 1484 1333 causa

101 1306 246 1377 secunda·
263 1343 350 1378 Cum
361 1356 418 1391 per
428 1343 457 1378 se
467 1355 580 1378 movet
591 1355 705 1390 corpus
718 1370 728 1385 ‚
751 1344 782 1377 id
794 1347 906 1390 utique
928 1346 960 1378 in
977 1344 1117 1391 pluribus
1133 1346 1211 1380 locis
1234 1348 1423 1381 continuata
1448 1352 1484 1382 «Sc

103 1393 237 1425 minime
251 1393 426 1440 interrupta
447 1389 640 1427 successione
660 1389 828 1426 conservat
846 1419 856 1434 ,
876 1397 909 1428 &
933 1390 1148 1428 indesinenter
1174 1406 1284 1430 creat:
1306 1406 1379 1428 cum
1394 1397 1483 1429 enim

99 1442 192 1475 Deus
217 1451 286 1474 rem
311 1439 453 1487 aliquam
477 1441 647 1487 producit,
665 1451 720 1473 aut
738 1451 843 1474 tuetur
859 1468 870 1483 ‚
901 1443 933 1476 in
951 1440 1062 1488 aliquo
1083 1441 1157 1476 loco
1177 1454 1250 1477 earn
1276 1452 1374 1478 creat.
1399 1444 1481 1478 Non

102 1490 208 1523 minus
226 1490 346 1536 quippe
365 1487 536 1523 absurdum
559 1489 602 1522 est
614 1500 683 1522 rem
708 1491 820 1531 creari>
835 1488 969 1525 &nullo
984 1491 1018 1524 in
1036 1489 1110 1524 loco
1123 1519 1132 1533 ,
1147 1490 1198 1525 seu
1212 1490 1332 1526 nullibi
1351 1520 1361 1534 ,
1377 1504 1478 1538 quam

98 1537 236 1572 eandem
251 1539 362 1580 creari,
373 1542 405 1573 δε
418 1536 507 1572 nullo
518 1548 666 1585 tempore
679 1552 688 1579 3
702 1548 809 1584 neque
823 1537 906 1571 adeo
923 1538 990 1572 haec
1001 1538 1066 1573 duo
1079 1537 1206 1587 physice
1217 1568 1227 1583 ‚
1239 1545 1273 1577 ὃς
1282 1539 1382 1588 reipsa
1394 1568 1405 1583 ,
1426 1540 1480 1574 scd

99 1584 317 1634 metaphyfice
340 1597 465 1621 tantum
481 1615 491 1630 ,
516 1585 567 1621 seu
582 1584 773 1633 §formaliter
789 1584 868 1630 'sunt
891 1586 1037 1621 distincta
1049 1616 1058 1630 ,
1076 1599 1147 1623 rem
1163 1590 1314 1623 nimirum
1344 1589 1478 1637 produci

97 1632 280 1681 simpliciter
294 1663 303 1677 ,
325 1640 358 1672 δε
377 1633 495 1669 alicubi
508 1637 607 1670 creari
633 1635 719 1669 Cum
743 1636 850 1681 itaque
869 1647 918 1669 res
943 1637 976 1670 in
1000 1635 1144 1683 pluribus
1170 1635 1248 1671 locis
1265 1649 1392 1671 creatur
1409 1636 1478 1672 suc-

97 1681 234 1726 ceffive‚
260 1695 313 1719 aut
333 1682 551 1727 conservat-ur,
577 1684 640 1718 hoc
659 1682 726 1717 solo
754 1694 804 1716 res
827 1684 942 1718 eadem
960 1684 980 1718 a
998 1687 1073 1719 Deo
1091 1696 1260 1721 moveatur
1278 1685 1402 1720 necesse
1416 1687 1473 1720 est.

98 1733 188 1767 Nam
205 1733 343 1767 rationes
356 1731 418 1766 illae
436 1732 579 1768 locorum
593 1732 674 1768 nihil
685 1731 754 1767 sunt
765 1731 807 1766 ab
818 1730 881 1780 ipsa
891 1731 1134 1769 conservatione
1146 1733 1280 1777 diversi,
1291 1746 1396 1781 neque
1414 1747 1476 1770 no-

96 1792 154 1816 vas
171 1783 314 1815 actiones
326 1783 469 1828 exigunt.

130 1830 231 1876 Qod
244 1828 263 1863 si
277 1831 386 1876 itaque
400 1830 488 1865 idem
501 1831 544 1865 est
559 1842 627 1866 rem
645 1830 788 1877 aliquam
802 1835 957 1874 creare‚&
975 1832 1009 1866 in
1026 1829 1117 1869 loco,
1133 1829 1186 1865 seu
1204 1829 1323 1866 alicubi
1341 1843 1448 1866 creare
1462 1849 1473 1876 5

95 1889 203 1925 neque
216 1878 283 1913 haec
295 1877 428 1926 separari
445 1879 514 1914 ullo
528 1880 628 1914 modo
639 1879 760 1928 poffint
770 1909 780 1924 ,
790 1893 827 1914 ac
842 1880 988 1915 locorum
997 1891 1145 1915 numerus
1155 1878 1276 1915 nullam
1290 1882 1474 1925 entitatem,

93 1926 174 1962 nihil
191 1929 269 1962 novi
287 1929 335 1961 rei
353 1928 475 1974 addae,
492 1928 544 1963 sed
563 1931 832 1964 connotationern
851 1939 975 1963 tantum
999 1956 1010 1971 ,
1033 1940 1070 1963 ut
1088 1927 1349 1976 loquuntur,aut
1370 1930 1474 1964 deno-

94 1977 308 2011 minationem
323 1975 541 2011 extrinsecam:
553 1977 642 2024 quod
652 1977 772 2025 aliquid
786 1980 819 2012 in
831 1976 972 2026 pluribus
984 1976 1060 2011 locis
1071 1975 1242 2013 succeffive
1253 1977 1472 2022 conservetur,

96 2025 128 2057 id
138 2023 258 2060 nullam
268 2029 441 2060 entitatem
457 2024 511 2074 ipfi
522 2027 679 2060 creationi
693 2055 702 2068 ‚
720 2039 775 2061 aut
783 2026 1022 2062 conservationi
1040 2026 1160 2073 adjicit,
1173 2025 1225 2060 sed
1237 2024 1471 2063 formalitatem

93 2072 316 2117 duiitaxat‚atit
323 2073 478 2109 diversum
491 2075 694 2122 concipiendi
703 2076 846 2112 modurn.
859 2077 942 2123 Ergo
955 2077 1044 2110 Deus
1055 2074 1117 2109 hoc
1125 2075 1193 2124 ipso
1212 2087 1326 2110 movet
1342 2087 1468 2112 creatu-

93 2133 178 2165 ram,
190 2123 275 2170 quod
288 2135 359 2158 eam
370 2125 402 2158 in
415 2126 507 2157 variis
519 2123 596 2158 locis
606 2122 770 2160 successwe
780 2136 883 2167 creat,
897 2136 952 2158 aut
963 2135 1080 2160 tuetur.

133 2172 211 2206 Non
221 2173 315 2218 igitur
323 2171 408 2206 aliud
422 2173 463 2207 est
473 2185 540 2207 rem
550 2184 682 2208 movere
694 2202 702 2215 ,
720 2185 818 2219 quam
830 2176 859 2207 ei
874 2175 962 2207 varia
978 2172 1050 2206 loca
1060 2169 1222 2216 tribuere,
1240 2171 1339 2218 idque
1361 2175 1468 2207 conti-

93 2230 191 2253 nuata
219 2221 368 2264 quadam*
386 2226 419 2257 &
434 2234 500 2256 non
522 2224 699 2268 interrupta
716 2220 929 2262 successiorie3
947 2220 997 2254 seu
1011 2233 1081 2255 eam
1096 2221 1266 2254 transferre
1280 2221 1319 2254 de
1343 2220 1415 2255 loco
1431 2223 1467 2258 in

92 2265 208 2302 locum.
233 2269 320 2302 Nam
338 2268 492 2316 fingamus
504 2272 612 2304 animo
625 2273 734 2304 Deum
748 2269 826 2303 nihil
837 2269 920 2304 aliud
936 2268 1021 2302 velle
1037 2282 1132 2316 quam
1149 2280 1216 2303 rem
1228 2268 1369 2314 aliquam
1380 2282 1469 2304 crea-

87 2327 137 2352 re.
149 2316 247 2350 Certe
256 2317 287 2349 vi
301 2315 387 2363 hujus
396 2320 591 2361 actioni5,res
605 2317 667 2365 ipsa
678 2321 738 2352 erit
748 2317 867 2352 alicubi
882 2319 959 2367 Jani
969 2316 988 2352 fi
1005 2320 1092 2352 Deus
1105 2330 1169 2352 non
1182 2317 1266 2352 aliud
1278 2317 1358 2352 velit
1368 2331 1466 2365 quam

86 2375 158 2401 rein
190 2367 236 2405 ita
258 2362 444 2402 conservare
459 2368 493 2402 in
511 2367 652 2415 pluribus
676 2366 774 2411 locis,
793 2378 828 2402 ut
857 2366 1009 2414 nusquam
1030 2364 1180 2450 quiesch
1192 2366 1290 2450 i,lp'oc
1307 2366 1372 2415 ipso
1388 2367 1463 2403 loce

1271 2427 1303 2461 ²¹]
