1857 2745
379 154 439 196 584
820 148 1341 185 {METAPHYSICAE

378 211 475 244 quim
491 197 800 245 iffiiims;iu1niniin1
818 197 940 234 habere
958 199 1142 232 dominium
1157 200 1190 232 in
1213 200 1302 233 actus
1314 199 1439 234 nostros
1453 225 1463 242 ,
1485 200 1573 246 quod
1592 199 1663 236 [ane
1685 200 1756 238 lon.-⁴

376 260 415 293 gc
427 247 520 280 alim·
533 245 625 289 effer,
648 246 668 281 fi
685 247 833 282 voluntas
844 248 947 282 nostra
958 249 1066 283 Deum
1081 246 1331 292 determinaret,
1350 247 1370 282 fi
1393 251 1419 283 is
1435 246 1604 284 nobiscum
1621 261 1754 287 concut-

376 307 441 328 rcrc
450 307 461 328 t
473 308 508 328 cx
519 308 599 330 nutu
613 301 645 332 &
658 295 793 330 arbitrio
808 295 927 332 nostro.

410 344 498 392 Rcsp.
515 357 554 378 ex
572 345 620 379 his
631 358 697 379 non
709 344 795 379 aliud
807 344 924 380 confici
941 344 1040 393 quam
1054 348 1163 381 Deum
1176 357 1287 380 omnes
1307 356 1463 381 creaturas
1485 348 1518 381 in
1540 345 1636 381 finem
1661 348 1750 384 ordi-

372 405 447 428 nare
460 420 467 433 ‚
492 393 587 440 idque
606 407 672 429 non
684 406 765 442 vaga
777 393 952 430 &confusa
970 422 979 436 ‚
999 393 1051 429 sed
1062 395 1274 429 determinata
1289 397 1436 437 ratione3
1459 407 1516 444 per
1527 395 1614 430 illam
1630 394 1751 433 scilicet

372 440 609 489 impressionem
623 442 827 490 generalem,
846 443 886 477 de
904 448 1042 492 quajam
1053 442 1133 493 saepe
1147 444 1298 479 diximus,
1317 444 1417 491 Qod
1434 442 1454 478 ίῑ
1467 455 1577 478 autem
1593 445 1636 478 ad
1651 443 1750 495 fingu-

372 490 416 525 los
428 492 515 525 astus
528 491 730 526 voluntatem
746 492 1042 539 praedeterininaret
1055 505 1095 527 eo
1115 493 1234 536 modo,
1261 505 1326 540 quo
1346 493 1471 528 videtur
1491 493 1664 527 Tliomistis
1676 521 1686 536 ‚
1703 494 1746 529 ab

369 539 437 588 ipso
449 538 511 574 fine
524 540 640 575 ultimo
650 540 729 589 saepe
741 553 801 576 nos
813 539 1001 578 abduceret.
1021 544 1139 588 Neque
1150 543 1237 576 enim
1249 543 1338 577 aetus
1351 542 1417 575 odii
1431 543 1495 575 Dei
1509 543 1543 576 in
1560 553 1634 576 eum
1647 541 1747 578 finem

367 601 425 623 nos
441 588 544 624 ducit:
562 591 628 624 imo
647 601 683 625 ut
693 591 781 624 aetus
793 589 969 625 voluntatis
978 593 1062 624 circa
1075 589 1225 625 ultimum
1239 590 1350 633 finem,
1363 602 1418 625 aut
1428 590 1665 625 beatitudinem
1679 604 1747 627 non

366 638 413 671 est
432 636 516 672 liber
531 667 541 680 ,
567 639 657 685 quod
673 639 714 672 ad
735 651 808 674 eum
821 638 969 674 voluntas
992 639 1248 683 determinetur,
1274 642 1318 674 ita
1339 651 1400 676 nec
1415 641 1522 675 caeteri
1539 641 1626 674 aetus
1650 638 1744 676 liberi

366 684 466 721 effent
479 716 486 729 ‚
509 686 530 720 sl
541 687 560 722 ἐι
575 685 703 734 phylica
717 688 1054 735 praedeternainatione
1065 689 1259 737 penderent.

398 737 515 781 Neque
532 736 652 770 idcirco
667 738 841 784 quicquam
854 737 1051 772 detrahimus
1070 739 1110 772 de
1124 737 1245 772 summo
1279 739 1366 772 timae
1384 736 1479 772 causae
1499 738 1669 783 dominio,
1686 750 1744 775 aut

363 783 394 817 id
413 783 592 818 inficiamur
610 783 792 820 voluntates
811 786 934 821 nostras
947 786 966 822 {i
982 789 1058 822 Deo
1078 786 1166 822 fleffi
1183 792 1236 834 pol
1252 800 1288 829 e,
1306 799 1501 834 quocunque
1514 787 1654 822 voluerit
1673 801 1682 822 t
1701 786 1741 822 fic

361 843 470 867 tamen
485 844 519 867 ut
533 832 701 868 moraliter
721 845 848 870 tantum
865 834 1044 879 suadendo,
1062 835 1246 878 illiciendo,
1271 837 1336 883 pias
1356 837 1569 883 cogitationes
1589 840 1624 870 δε
1642 835 1741 871 affec-

360 892 410 915 tus
433 881 636 930 inspirando,
661 895 726 918 non
743 882 872 932 phyfice
894 884 1142 920 determinando
1169 882 1353 919 consensum
1376 883 1548 919 voluntatis
1568 883 1738 922 obtineat:

359 942 496 978 eamque
513 942 562 965 tot
576 932 679 966 modis
697 930 876 976 obsidebit,
902 944 952 967 tot
964 935 1058 967 armis
1069 962 1079 977 ‚
1100 946 1171 967 cum
1190 932 1281 967 volet
1292 962 1302 976 ,
1316 931 1539 1015 οΡΡιέΞ-ητὼίῑ,
1555 944 1589 966 ut
1603 932 1688 968 ultro
1707 932 1738 969 se

357 979 473 1015 dedat:
494 979 544 1014 sed
553 982 677 1030 integra
686 980 850 1030 semper&
864 981 956 1016 illaesa
974 993 1084 1017 manet
1094 986 1158 1030 ejus
1173 981 1324 1024 libertas,
1345 994 1381 1015 ac
1406 979 1523 1028 eipsam
1535 983 1670 1016 omnino
1679 983 1737 1017 de-

358 1030 519 1064 tcrminat.
548 1031 664 1065 Manet
685 1032 772 1065 enim
790 1031 869 1066 illud
882 1030 1025 1066 Concilii
1036 1032 1223 1066 Tridentini
1243 1031 1408 1064 decretum
1434 1041 1546 1065 contra
1559 1029 1734 1067 Calvinum

356 1075 479 1124 semper
490 1077 702 1114 inconcuffum
717 1093 726 1115 ε
747 1081 865 1127 Siquis
880 1080 1001 1114 dixerit
1015 1078 1149 1114 liberum
1161 1080 1294 1114 hominis
1312 1077 1514 1113 arbitrinma
1530 1080 1597 1112 Deo
1614 1090 1733 1114 motum

357 1124 395 1157 &⁴
409 1129 582 1159 excitatum
595 1154 604 1165 ‚
630 1127 715 1161 nihil
729 1131 890 1176 cooperari
904 1130 972 1162 Deo
984 1131 1139 1163 excitanti
1149 1139 1248 1175 atque
1266 1129 1398 1162 vocanti
1414 1155 1423 1169 ,
1447 1140 1506 1172 quo
1530 1127 1575 1160 ad
1590 1125 1732 1162 obtinen-

354 1172 428 1205 dam
435 1172 672 1218 justificationis
683 1178 826 1222 gratiam
832 1178 867 1220 [ὲ
879 1177 1024 1224 disponat
1036 1205 1045 1216 ,
1082 1190 1120 1211 ac
1136 1182 1291 1225 praepa'ret
1304 1203 1310 1213 ,
1328 1187 1430 1221 neque
1438 1176 1516 1222 posse
1535 1175 1731 1221 diffentirefi

352 1221 690 1268 velit‚Anathcmafit
700 1224 916 1273 Qodnescio
924 1236 965 1258 an
979 1225 1019 1258 de
1035 1226 1370 1273 praedetermiuatione
1383 1221 1509 1270 physica
1525 1223 1587 1257 dici
1600 1223 1730 1271 poffit‚fi

350 1268 495 1305 nfitatum
509 1269 664 1317 loquendi
675 1274 808 1306 modum
820 1271 985 1319 sequamur
997 1302 1006 1315 ‚
1023 1287 1090 1308 non
1101 1271 1268 1320 exquilitas
1279 1301 1288 1315 ‚
1309 1277 1342 1307 &
1352 1272 1370 1306 ἐι
1382 1274 1546 1307 communi
1556 1271 1609 1307 usu
1619 1285 1728 1308 remo-

349 1329 395 1351 tas
409 1316 600 1353 subtilitates
616 1319 845 1356 conseaemur.
873 1320 1047 1356 Praesertim
1065 1334 1138 1356 cum
1152 1323 1446 1368 praedeterininatio
1469 1318 1596 1367 phyfica
1613 1319 1649 1355 sit
1663 1320 1726 1356 bo-

348 1368 397 1400 nis
415 1366 548 1403 &malis
567 1368 691 1403 actibus
709 1371 910 1409 communis3
932 1368 1111 1415 sanis-juxta
1127 1369 1307 1405 &infirmis
1319 1397 1328 1410 ‚
1347 1371 1414 1401 imo
1423 1367 1526 1402 beatis
1547 1374 1579 1404 &
1594 1369 1726 1405 damna-

347 1416 387 1449 tis
400 1427 439 1448 ex
447 1418 613 1451 communi
628 1415 723 1451 causae
737 1419 845 1466 primae
860 1417 1050 1452 conditione
1064 1434 1074 1460 3
1096 1423 1129 1454 &
1139 1417 1286 1466 supremo
1298 1419 1329 1450 in
1339 1427 1497 1450 creaturas
1507 1417 1653 1452 dominio
1664 1431 1725 1453 ne-

345 1463 471 1498 cessaria
489 1464 642 1500 statuatur
659 1480 666 1501 :
687 1479 761 1501 curn
775 1469 874 1501 etiam
885 1471 988 1514 major
1003 1468 1109 1502 inuno
1128 1468 1229 1514 quam
1242 1469 1274 1500 in
1293 1465 1357 1499 alio
1369 1463 1429 1499 effe
1440 1476 1495 1499 aut
1511 1467 1638 1514 concipi
1656 1479 1724 1503 non

345 1511 459 1560 possit,
478 1514 533 1549 vix
552 1513 605 1548 illa
622 1514 722 1550 divini
733 1515 841 1550 auxilii
852 1527 966 1551 notam
975 1527 1031 1550 aut
1051 1516 1268 1550 characterem
1281 1517 1376 1563 gerit.
1402 1514 1618 1560 Qantumvis
1635 1518 1723 1552 enirn

365 1562 637 1598 taedeterminatio
655 1563 780 1612 physica
797 1576 965 1612 augeatur,
984 1577 1049 1599 non
1065 1564 1185 1599 idcirco
1205 1564 1292 1599 suum
1306 1563 1459 1598 eft-letum
1473 1561 1567 1597 citius
1585 1562 1720 1600 obtine-

342 1573 413 1653 Εἰς,
437 1610 514 1645 dum
534 1611 588 1645 illa
605 1610 739 1648 sufficiat
758 1614 799 1647 ad
821 1615 985 1648 actionem
1000 1627 1008 1648 ε
1026 1613 1185 1660 quidquid
1204 1617 1230 1647 ei
1255 1612 1412 1646 addideris
1426 1639 1436 1653 ,
1466 1613 1526 1646 erit
1545 1613 1660 1648 inutile
1684 1619 1719 1650 &

341 1658 627 1707 supervacaneum:
651 1661 722 1697 satis
739 1662 782 1697 est
801 1661 888 1709 quod
905 1663 1068 1697 actionem
1081 1663 1286 1697 determinet.
1303 1663 1425 1695 Mirum
1441 1659 1513 1694 sane
1531 1661 1618 1708 quod
1627 1664 1717 1697 auxi-

339 1707 417 1742 lium
432 1719 498 1742 tam
512 1722 684 1745 commune
694 1710 846 1746 omnibus
857 1713 1010 1747 creaturis
1025 1712 1138 1747 divinae
1151 1713 1255 1760 gratia·
1264 1711 1447 1746 charactere
1459 1707 1635 1758 insigniant.
1646 1715 1716 1747 Ve..

339 1755 410 1791 rum
427 1757 562 1804 idipsum
574 1759 738 1808 Theologi
759 1761 911 1797 viderint.
1691 1767 1694 1770 ’

380 1807 463 1854 Opp.
481 1821 502 1851 3.
523 1811 610 1842 Deus
622 1836 629 1850 ‚
642 1819 677 1842 ut
690 1820 802 1844 omnes
815 1808 883 1842 fere
904 1809 1044 1844 fatentur
1059 1837 1068 1849 ,
1085 1811 1246 1843 concurrit
1259 1809 1299 1843 ad
1311 1810 1479 1843 materiam
1493 1809 1628 1854 peccati,
1643 1810 1711 1844 imo

338 1855 533 1890 cletermiimt
544 1856 583 1889 ad
596 1857 795 1893 individuum
807 1856 956 1904 cujusque
967 1858 1058 1893 aeriis
1075 1861 1173 1892 etiam
1185 1857 1260 1892 mali
1272 1872 1279 1892 :
1292 1871 1366 1892 nam
1377 1856 1431 1891 etsi
1445 1855 1534 1890 causa
1554 1855 1652 1890 libera
1665 1857 1710 1891 ad.

336 1901 474 1949 speciem
487 1910 517 1941 &
532 1907 718 1940 exercitium
737 1906 829 1942 adtfis
852 1910 961 1942 Deum
983 1907 1175 1941 determinat
1190 1935 1198 1949 ‚
1217 1906 1358 1941 fatentur
1380 1917 1494 1940 omnes
1511 1904 1708 1939 determina-

338 1954 461 1986 tionem
474 1953 510 1986 ad
525 1955 723 1989 individuum
744 1956 762 1991 ξι
782 1958 885 2003 prima
899 1954 988 1990 causa
1017 1956 1089 1989 duci
1107 1967 1257 2002 oportere
1273 1969 1280 1990 ε
1299 1968 1372 1990 cum
1390 1967 1427 1988 ex
1444 1952 1576 1987 infinitis
1587 1954 1707 1987 indivi-

332 2001 403 2033 dms
418 2014 486 2047 quae
505 2001 571 2036 fieri
583 2002 725 2050 poffunt.
742 2005 781 2038 ad
799 2006 935 2052 primam
958 2007 1118 2051 pertineat
1139 2015 1236 2038 unum
1254 2017 1316 2052 prce
1330 2003 1400 2038 aliis
1414 2001 1650 2049 defi¹]ir<'·Efg0
1664 2001 1706 2036 1¹⁹·

332 2061 385 2082 cet
394 2052 480 2084 Deus
492 2063 688 2095 premnoveat
699 2052 827 2098 phvfice
838 2081 848 2095 ,
870 2064 923 2087 aut
935 2052 1131 2088 determinet
1146 2053 1185 2085 ad
1199 2055 1321 2099 peccati
1345 2049 1525 2091 materiale,
1546 2049 1607 2084 hoc
1622 2051 1705 2087 nihil

331 2098 477 2133 divinam
488 2094 802 2144 [1118titate1nlaedit‚
820 2101 922 2149 sicque
931 2112 1126 2150 praecipuum
1143 2113 1254 2136 contra
1273 2101 1642 2149 praedeterminationem
1654 2111 1703 2134 ar-

332 2159 521 2192 gumentum
535 2160 661 2184 Col‘rUlt.

369 2196 455 2243 chfp.
475 2210 497 2230 ι.
514 2195 610 2243 longe
621 2197 775 2244 disparem
793 2198 853 2232 effe
866 2200 949 2233 inter
962 2197 1148 2233 concursum
1172 2196 1390 2231 simultmeum
1408 2201 1440 2231 &
1462 2197 1614 2239 previum
1634 2195 1700 2231 dif-

332 2242 502 2279 ferentiam
517 2274 525 2287 ,
546 2257 581 2279 ut
596 2258 633 2280 ex
651 2247 743 2280 dietis
763 2247 886 2293 liquet:
906 2260 1012 2294 neque
1030 2250 1115 2282 enim
1135 2258 1300 2293 pecc.1tum
1313 2248 1379 2291 imp
1403 2247 1460 2278 tui
1480 2244 1699 2291 debctpiimae

330 2292 424 2326 caune
443 2306 512 2339 qua:
531 2294 699 2329 secundam
715 2294 880 2330 conserwt
900 2302 931 2332 &
950 2308 1052 2331 tuetur
1066 2325 1075 2338 ,
1099 2309 1163 2330 non
1183 2293 1319 2339 impellit
1340 2294 1377 2326 od
1401 2293 1518 2327 malum
1532 2321 1541 2335 ‚
1561 2306 1627 2327 non
1640 2294 1697 2326 de-

332 2344 558 2377 termimtdmo
571 2344 609 2376 ad
624 2343 746 2378 bonum
757 2344 878 2392 semper
888 2357 1072 2391 prcemovet
1087 2347 1127 2378 Sir
1153 2342 1205 2376 ubi
1216 2357 1241 2375 a.
1252 2342 1310 2377 boi·
1324 2345 1404 2376 cim·
1427 2355 1452 2374 π’.
1515 2341 1613 2375 malos
1626 2341 1692 2375 fru-

333 2388 398 2422 Ckus
411 2402 558 2435 procreat
572 2420 582 2434 ,
607 2392 752 2428 defectus
773 2393 826 2429 ille
845 2396 956 2429 nonin
975 2393 1073 2428 solem
1087 2392 1283 2433 refunditur,
1307 2404 1352 2426 uti
1376 2405 1434 2427 nec
1457 2389 1646 2426 clati-:ircano
1658 2392 1696 2426 in
