1857 2745
390 123 450 154 234
840 101 1262 143 PHILOSOPHIA

388 169 449 195 nec
462 155 579 191 eodem
591 153 695 188 modo
707 153 867 188 virtutem
874 150 1056 188 destruunt:
1072 163 1107 188 ut
1123 156 1210 190 vai-ia
1222 156 1338 193 mortis
1356 164 1475 205 genera
1485 152 1797 207 distinguimus‚qtui
1852 193 1854 197 .

388 218 457 244 non
467 216 532 239 uno
543 202 644 237 modo
659 203 762 236 vitam
774 203 951 249 perimunt.

421 255 462 289 R.
472 253 548 289 2.N
550 264 600 300 eg.
614 252 730 297 confiq-
746 250 904 300 Prodigus
923 253 1014 288 enirn
1029 264 1141 301 peccat
1150 253 1410 298 committendo,
1432 252 1524 303 quod
1540 253 1711 291 facultates
1723 255 1791 294 suas

390 313 513 340 temere
524 300 698 350 profundat
713 315 722 336 ‚-
746 311 859 335 avarus
877 302 1066 337 omittendo
1077 332 1087 347 ,
1103 301 1193 351 quod
1205 303 1286 340 nihil
1298 315 1354 338 aut
1368 317 1482 354 parum
1499 303 1661 353 largiatur.
1675 305 1792 341 Prodi-

389 351 503 403 galitas
522 348 647 386 excelsu
659 378 669 393 ‚
687 350 825 385 avaritia
839 348 972 386 defertu
989 363 1113 400 peccat.
1133 355 1278 389 Privatio
1290 354 1400 400 itaque
1415 352 1574 389 bonitatis
1585 354 1628 389 est
1639 366 1673 390 m
1685 355 1792 390 aerio.

391 415 434 438 ne
443 401 536 452 prodi
562 401 593 444 i,
618 399 735 434 eadem
745 398 792 433 est
810 400 845 434 in
858 397 1030 436 voluntate
1046 400 1114 450 ipsa
1129 404 1231 438 avari.
1256 405 1378 451 Neque
1400 405 1432 438 in
1446 415 1585 451 utroque
1604 405 1689 444 vitio
1703 404 1793 439 idem

391 452 439 487 est
454 413 618 492 oeceffiusa
635 451 756 484 virtute
771 463 778 485 :
802 460 918 497 peccat
935 452 1023 485 enim
1039 463 1153 491 avarus
1167 452 1353 496 retinendo,
1361 454 1492 500 quando
1506 466 1573 489 non
1589 453 1684 490 dccet
1699 465 1796 502 5pec-

389 513 443 537 cat
456 499 608 548 prodigus
628 498 824 542 dando‚cum
838 510 906 534 non
917 498 1021 536 dccet.
1030 501 1083 536 Est
1094 502 1193 536 eriam
1205 514 1269 537 una
1279 504 1421 550 privatio
1434 507 1539 551 major
1553 502 1665 546 altera,
1677 513 1795 550 quate-

389 563 449 587 nus
470 548 647 595 subjeetum
665 548 826 596 estyninus
838 546 1023 597 dispofiturn
1034 551 1074 584 ad
1088 550 1230 587 formam
1245 552 1489 602 excipiendam:
1503 563 1538 586 ut
1549 550 1673 601 lignum
1689 551 1796 588 viride

391 602 498 637 minus
511 598 559 633 est
587 595 699 646 dispofi
711 609 780 632 tum
800 596 843 632 ad
865 597 972 634 forma
984 601 1112 649 mignis.

424 648 563 694 Instant.
583 649 617 682 Si
631 646 756 683 malitia
774 645 859 683 nihil
884 648 928 683 est
946 661 1060 697 ptaeter
1079 651 1298 699 privationem
1320 648 1526 684 rectitudim's
1542 648 1666 686 debitae
1682 679 1692 695 ‚
1711 651 1794 689 nihil

388 700 453 737 erit
465 696 657 734 discriminis
671 697 757 733 inter
771 695 895 733 malum
919 698 1152 736 commissionis
1172 706 1206 737 &
1232 697 1434 737 omissionis:
1459 711 1534 735 cum
1563 698 1740 750 utrobique
1757 699 1796 738 fit

390 747 535 797 ejusdem
552 745 668 783 formae
681 774 692 790 ‚
716 757 772 781 aut
791 745 1004 795 perfectionis
1024 751 1178 797 privatio.

431 797 700 846 Raesp.Neg.ant.
721 795 904 831 Discrimen
928 796 1011 832 vero
1032 798 1053 834 {a
1070 798 1166 834 nobis
1183 803 1251 848 jam
1264 797 1400 833 allatum
1415 797 1478 840 est,
1497 795 1585 844 quod
1606 799 1641 832 in
1681 807 1798 835 eecato.

390 844 621 884 commiffionis
640 843 677 880 sit
698 847 841 894 privatio
860 846 1063 883 teffitudinis
1076 876 1088 892 ,
1119 860 1190 896 quae
1214 846 1353 882 debetur
1375 844 1433 895 ipfi
1454 845 1624 890 facultati,
1653 810 1708 881 [Ξιι
1733 859 1797 890 νο,

391 897 522 933 luntati.

443 946 589 987 Contra,
609 943 763 990 inquiunt
776 970 784 982 ,
811 943 941 979 Malum
957 954 1058 979 omne
1073 946 1292 979 committitur
1311 958 1319 979 :
1337 943 1384 978 est
1397 944 1498 978 etiam
1520 946 1718 981 contrarium
1733 944 1799 980 bo.·

392 1007 437 1030 no
456 1024 466 1038 ‚
484 1000 518 1032 &
536 991 729 1042 prohibetur
739 1004 900 1041 praecepto
910 995 1086 1042 negativo:
1104 995 1169 1029 Sed
1182 992 1338 1041 quidquid
1350 995 1567 1027 committitur
1585 1021 1597 1036 ,
1616 994 1797 1041 estaliquid

391 1042 583 1091 positivum:
605 1044 855 1077 contrariaitem
874 1040 946 1078 sunt
955 1040 1091 1089 pofitiva
1108 1059 1118 1085 3
1137 1055 1174 1076 ac
1193 1043 1327 1076 demum
1347 1042 1437 1088 quod
1449 1053 1617 1090 praecepto
1639 1045 1799 1091 negativo

393 1091 587 1141 prohibetur
604 1118 614 1133 ‚
635 1101 670 1124 ut
684 1089 809 1124 furtum
822 1095 856 1125 δέ
869 1090 992 1123 malitia
1009 1090 1107 1134 furti,
1127 1090 1174 1124 est
1192 1091 1307 1124 itidem
1329 1089 1408 1137 quid
1425 1090 1512 1125 reale
1527 1096 1561 1127 &
1577 1090 1763 1139 positivum.

434 1141 522 1190 Resp.
536 1139 596 1176 hos
609 1137 744 1173 cavillos
758 1137 856 1172 facile
868 1136 1006 1182 dilsolvi‚
1016 1137 1037 1174 si
1052 1139 1175 1174 malum
1187 1141 1297 1176 acrum
1308 1167 1319 1182 ,
1334 1139 1386 1174 seu
1399 1151 1434 1175 ut
1446 1142 1547 1182 aiunt,
1559 1140 1682 1176 malum
1691 1140 1799 1191 sump-'

395 1200 466 1225 tum
481 1187 690 1225 materialiter
700 1185 742 1221 ab
757 1186 823 1236 ipsa
836 1187 960 1222 malitia
970 1188 1215 1237 distinguamus.
1242 1190 1333 1224 Nam
1346 1189 1435 1224 aetus
1450 1188 1553 1224 malus
1567 1193 1798 1235 committitur,

394 1252 463 1276 non
477 1238 605 1275 malitia
617 1235 699 1285 ipsa:
716 1242 749 1273 δ(
767 1236 858 1284 quod
869 1235 1061 1287 prohibetur
1071 1267 1081 1282 ,
1099 1239 1142 1272 est
1155 1238 1278 1286 aliquid
1290 1236 1466 1287 pofitivurn
1479 1267 1489 1282 ‚
1509 1250 1545 1275 ut
1561 1238 1683 1275 furtum
1700 1242 1798 1283 ratio—

395 1300 437 1324 ne
451 1289 562 1332 airus,
580 1286 634 1322 seu
646 1284 801 1335 subjeffi,
825 1299 892 1322 non
904 1287 1030 1322 rarione
1049 1285 1143 1336 ipfius
1159 1288 1296 1331 formae,
1317 1286 1370 1322 seu
1387 1287 1519 1322 malitiae
1531 1317 1541 1331 ,
1576 1302 1646 1336 quae
1667 1291 1800 1339 proprie

395 1351 463 1373 non
476 1339 651 1387 opponitur
668 1346 828 1386 praecepto
840 1364 850 1379 ,
872 1333 927 1371 seu
938 1337 1126 1372 reffltudini
1136 1337 1254 1373 morali
1269 1351 1277 1373 :
1295 1349 1368 1384 quae
1379 1349 1454 1373 cum
1461 1336 1612 1374 dicuntur
1625 1341 1800 1384 contraria,

396 1386 512 1422 latiore
531 1385 711 1435 significatu
729 1386 941 1420 contrarietas
969 1388 1140 1435 accipitur⁴

432 1437 519 1484 Opp,
533 1452 556 1472 2.
567 1437 695 1471 Bonitas
714 1436 851 1469 affionis
867 1434 910 1468 est
923 1434 1041 1469 relatio
1051 1436 1290 1472 conformitatis
1305 1464 1315 1479 ‚
1339 1447 1396 1471 aut
1410 1434 1625 1472 fimilitudinis
1638 1448 1713 1471 curn
1728 1448 1798 1472 rec⁴

400 1495 432 1519 ta
451 1488 576 1520 ratione
594 1499 602 1519 :
622 1496 700 1532 ergo
711 1483 795 1517 illius
814 1482 937 1517 mahtia
952 1486 1013 1518 erit
1026 1484 1142 1518 itidem
1159 1484 1295 1528 relatio,
1324 1497 1360 1519 ut
1374 1484 1551 1533 loquuntur
1568 1512 1578 1527 ,
1603 1483 1800 1523 diflbrmita-

397 1535 436 1567 tis
447 1548 454 1569 ε
465 1532 517 1568 sed
533 1544 671 1579 utraque
683 1530 832 1567 estrealis
845 1560 856 1575 ,
871 1543 908 1566 ut
926 1530 1101 1568 similitudo
1114 1539 1148 1571 ὃς
1158 1532 1384 1571 diffimilitudo
1401 1549 1410 1571 ε
1425 1546 1503 1583 ergo
1513 1533 1637 1570 malum
1650 1533 1800 1578 formali,

398 1594 446 1617 ter
460 1583 502 1618 est
515 1582 638 1630 aliquid
648 1580 734 1616 reale
745 1610 754 1625 ‚
778 1586 811 1617 &
823 1593 892 1616 non
911 1579 1014 1617 solum
1027 1594 1115 1617 mera
1127 1585 1279 1632 privatio.

441 1633 629 1681 Rafia.Neg.
647 1632 722 1667 min.
735 1632 826 1668 Nam
843 1629 1095 1668 fundamentum
1113 1632 1205 1680 hujus
1227 1631 1394 1667 relationis
1412 1631 1459 1666 est
1479 1630 1608 1668 tantum
1629 1631 1801 1677 defeetug·

398 1692 454 1717 aut
469 1683 630 1729 privatio:
653 1693 753 1728 quare
771 1678 837 1728 ipsa
851 1679 966 1715 relatio
984 1694 1051 1717 non
1071 1684 1133 1716 erit
1154 1681 1308 1729 quiddam
1322 1679 1503 1729 positivum.
1529 1683 1652 1729 Neque
1680 1682 1799 1717 eadem

401 1732 443 1766 est
455 1733 539 1766 ratio
557 1728 838 1773 diffiniilitudinis,
870 1733 958 1780 cujus
984 1730 1233 1766 fundamentum
1248 1759 1257 1774 ,
1284 1742 1361 1779 puta
1376 1731 1513 1780 nigredo
1544 1733 1577 1766 in
1600 1732 1723 1779 pariete
1748 1730 1797 1765 est

397 1779 555 1828 quiddam
569 1778 665 1814 reale.
694 1781 748 1815 Sic
765 1777 884 1814 falsitas
898 1792 966 1815 non
978 1780 1025 1816 est
1038 1793 1115 1816 vera
1137 1785 1172 1818 ὅ(
1194 1780 1288 1817 realis
1307 1778 1424 1815 relatio
1439 1808 1449 1824 ‚
1476 1778 1529 1814 sed
1556 1781 1701 1828 privatio
1717 1792 1797 1816 con-

396 1830 569 1865 formitatis
585 1841 639 1863 aut
657 1827 871 1865 similitudinis
886 1840 959 1863 cum
971 1828 1116 1878 objecto.

434 1879 569 1923 Instant,
580 1879 681 1926 Qod
692 1878 795 1913 habet
803 1877 930 1914 causam
939 1879 1061 1915 realem
1081 1908 1090 1922 ‚
1111 1879 1155 1913 est
1166 1876 1244 1923 quid
1261 1877 1347 1911 reale
1366 1890 1373 1911 :
1391 1876 1444 1911 sed
1462 1875 1587 1911 malitia
1605 1874 1706 1910 habet
1721 1888 1797 1911 cau-

397 1927 462 1964 sam
471 1928 594 1963 realem
606 1956 616 1971 ‚
636 1940 756 1977 nempe
771 1926 996 1963 voluntatem:
1012 1939 1091 1976 ergo
1105 1925 1228 1963 malitia
1240 1925 1282 1959 est
1296 1925 1374 1973 quid
1386 1924 1558 1974 positivum
1570 1929 1604 1962 &
1617 1924 1714 1969 reale,
1729 1937 1797 1962 non

399 1990 487 2013 mera
513 1979 665 2026 privatio.

436 2029 528 2075 Refp.
542 2026 628 2071 Dist.
645 2027 720 2065 maj.
741 2024 844 2073 Qod
862 2022 965 2059 habet
980 2021 1104 2058 causam
1122 2021 1244 2057 realem
1256 2020 1454 2057 efficientem
1469 2023 1514 2058 est
1533 2023 1610 2071 quid
1627 2022 1733 2067 reale,
1754 2024 1796 2060 C.

397 2077 487 2126 quod
501 2074 602 2112 habet
612 2073 738 2110 causam
750 2072 961 2110 deficientem
971 2071 1100 2109 tanturn
1111 2101 1121 2116 ‚
1132 2074 1174 2109 N·
1190 2070 1229 2108 fic
1240 2084 1328 2108 mors
1343 2078 1376 2112 ὃ(
1385 2074 1508 2109 caecitas
1528 2071 1654 2108 causam
1671 2072 1798 2111 habent

398 2125 522 2162 realem
539 2154 549 2170 ‚
574 2124 626 2160 sed
647 2122 866 2159 deficientem.

437 2177 523 2224 Opp.
536 2189 560 2220 ς.
571 2175 714 2211 Privatio
725 2174 769 2208 est
780 2172 927 2209 absentia
937 2171 1052 2208 formae
1067 2174 1102 2206 in
1115 2169 1259 2220 subjesto
1271 2182 1351 2219 apto
1363 2171 1404 2205 ad
1413 2183 1485 2206 eam
1499 2171 1730 2220 recipiendam:
1743 2171 1797 2206 sed

399 2226 533 2270 quidam
553 2223 623 2259 sunt
646 2224 736 2258 aetus
751 2225 809 2270 qui
826 2221 951 2258 nullam
968 2220 1094 2270 poffiuit
1112 2221 1344 2257 rectitudinem
1369 2222 1537 2269 excipere,
1565 2232 1600 2255 ut
1621 2222 1707 2255 aetus
1728 2221 1797 2256 odii

401 2275 528 2311 Deiaut
539 2272 821 2321 idololatriae:ergo
836 2271 962 2307 malitia
973 2274 1007 2307 in
1021 2272 1059 2305 iis
1072 2269 1197 2308 acribus
1205 2283 1274 2306 non
1289 2270 1331 2305 est
1349 2269 1476 2305 tantum
1491 2272 1651 2319 privatio,
1671 2268 1724 2304 led
1739 2281 1795 2305 aut

403 2333 491 2356 mera
502 2325 634 2369 negatio
646 2351 656 2365 ‚
675 2334 731 2356 aut
751 2322 832 2369 quid
848 2320 1029 2370 positivum.

438 2371 527 2419 Resp,
540 2371 705 2407 Malitiam
719 2370 850 2408 illorum
873 2373 1005 2408 actuum
1015 2368 1077 2408 else
1095 2371 1315 2418 privationem
1328 2369 1530 2406 testitudinis
1541 2366 1661 2404 debitae
1680 2380 1748 2404 tum
1760 2370 1795 2403 in
