1857 2745
0 652 7 725 -υ-
0 555 7 646 --2r-
0 523 4 543 «Α

85 165 150 191 -nos
159 161 269 188 manet
278 178 289 194 ‚
298 149 454 198 quodque
463 149 496 186 in
505 101 678 199 conspe&
690 98 948 188 ge}&AFatr¹11i11{⁸
955 149 1040 187 illius
1057 161 1170 188 amore
1182 150 1318 200 pofitum
1333 118 1471 189 ostenffils

79 213 174 238 mus:
190 213 262 236 cum
275 200 484 235 Mahumetes
494 198 582 247 quasi
591 200 747 247 quiddam
761 203 836 236 Deo
846 206 880 238 &
889 201 1031 237 humana
1043 212 1156 236 mente
1169 203 1303 250 dignum
1314 230 1323 245 ,
1334 202 1471 252 promis-

78 262 162 285 cuos
185 249 375 285 concubitus
394 248 594 298 polliceatur.

117 299 211 347 Qid
227 300 261 334 in
276 311 318 333 eo
329 299 481 346 dignum,
497 310 564 334 non
579 298 686 333 dicam
700 298 862 348 Propheta
875 327 884 342 ‚
901 296 954 333 sed
973 298 1106 334 homine
1123 308 1135 334 Ξ
1152 298 1210 334 Ille
1228 303 1319 336 omni
1336 299 1470 336 libidine

43 378 44 381 ,
76 347 297 383 εἰῃῆειιῃῐιιειιίιε
309 352 344 384 &
356 347 483 390 furens,
505 348 616 382 omnia
638 345 752 381 rabide
763 359 921 396 appetens
936 360 1012 383 cum
1022 346 1245 396 inexplicabili
1267 350 1470 398 cupiditate,

81 398 191 431 omnia
204 398 238 431 in
251 395 281 431 se
293 395 419 445 colligit
430 422 439 434 ,
456 408 529 443 quae
541 397 574 431 in
599 394 682 430 falsis
703 397 873 445 Prophetis
882 395 1020 445 dispersa
1034 409 1091 432 eos
1111 397 1152 431 ad
1168 395 1347 433 fallendum
1362 401 1470 446 impu-

79 444 211 480 lerunt:
228 445 312 480 adeo
331 447 456 493 ignatus
471 457 577 480 rerum
591 447 740 481 omnium
755 474 766 489 ,
785 457 820 481 ut
835 444 976 481 anilibus
999 445 1138 488 fabulis,
1165 456 1321 493 tanquam
1347 447 1468 482 divinis

81 493 334 529 revelationibus
347 493 446 530 fidem
458 493 604 542 praebeat
619 493 732 530 :nullis
740 495 905 530 miraculis
922 493 1029 543 legem
1044 493 1129 529 suam
1144 493 1325 532 confirmat.
1347 497 1468 543 Neque

79 543 114 577 'id
129 544 246 578 mirum
256 572 265 586 ‚
280 555 352 578 cum
369 555 408 578 ea
420 543 539 592 religio
558 542 657 579 Mofis
673 548 708 580 &
723 543 840 579 Christi
856 544 1012 579 doctrina:
1029 545 1166 579 omnino
1185 555 1369 591 repugnet;
1395 557 1469 580 cum

78 591 185 641 legem
204 591 301 641 ipsam
310 591 492 627 naturalem
501 595 668 642 extinguat
679 605 737 636 ,ac
745 594 886 642 Juda'i'ca
901 591 1059 642 religione
1075 591 1174 641 longe
1183 590 1220 626 sit
1242 592 1379 628 inferior
1394 607 1402 628 z
1417 593 1469 629 seu

77 642 154 676 vitae
172 652 329 690 praecepta
340 670 351 684 ‚
367 640 577 677 seudivinum
588 642 711 678 cultum
729 640 918 678 consideres,
944 640 1082 677 Infinitis
1102 653 1141 676 ea
1155 640 1317 676 erroribus
1337 642 1481 677 admista*

76 701 135 725 ¹eos
146 700 270 726 tantum
285 690 392 738 potest
402 689 550 738 decipere
559 719 569 734 ‚
584 694 641 738 qui
653 690 848 739 religionem
866 693 973 738 potius
983 691 1025 726 ad
1046 690 1156 726 luxum
1165 718 1175 734 ,
1187 689 1391 738 voluptatem
1405 720 1415 736 ‚
1434 697 1468 729 δε

75 738 169 786 hujus
185 739 298 774 mundi
312 738 479 787 prosperos
494 750 650 782 eventus,
671 741 771 786 quam
787 740 828 774 ad
847 742 997 775 virtutem
1020 745 1054 777 &
1077 741 1201 775 rectam
1214 741 1374 776 tationem
1399 743 1468 775 exi-

78 799 179 837 gunt,
190 800 270 835 quos
283 789 394 836 utique
412 786 482 822 falli
499 792 532 824 &
550 790 583 823 in
596 800 740 823 errorem
756 788 863 823 induci
876 787 1082 836 aequiffimum
1097 789 1151 825 est.
1457 804 1459 807 ⁴

126 839 161 871 In
175 835 332 885 religione
342 836 524 872 Christiana
541 849 655 873 contra
668 837 739 872 sunt
748 839 878 881 omnia,
902 850 938 873 ut
955 840 1005 873 vir
1020 836 1148 873 doctus.
1166 849 1269 885 quem
1283 837 1465 873 identidem

77 883 300 928 laudavimus,
330 884 395 920 fuse
419 885 632 933 prosequitur,
661 888 752 922 Nam
771 888 805 921 in
831 885 926 921 Mose
946 892 979 924 ὃς
999 887 1131 922 Christo
1148 899 1262 922 omnes
1284 889 1385 921 animi
1406 887 1466 922 do-

77 945 125 968 tes
138 963 148 977 ‚
173 946 244 981 quae
257 933 360 968 fidem
378 934 462 981 apud
481 933 638 981 sapientes
661 945 845 977 merentur,
871 935 1048 970 excellenti
1067 935 1209 983 quadam
1243 937 1369 971 ratione
1397 934 1465 970 ful-

72 993 156 1030 gent
176 998 185 1025 3
212 982 294 1018 nihil
320 995 430 1016 eorum
441 981 669 1030 concupiscunt
682 1011 693 1026 ‚
717 995 787 1028 quae
796 982 944 1017 homines
956 984 996 1018 ad
1015 983 1196 1019 fallendum
1206 980 1312 1019 solent
1329 984 1463 1020 induce-

74 1042 130 1074 re;
145 1043 247 1079 opes,
271 1031 400 1065 divitias
412 1058 422 1073 ‚
440 1030 599 1074 honores,
627 1036 661 1067 δε
696 1030 758 1064 alia
777 1042 915 1076 quorum
929 1030 1098 1078 splendore
1111 1034 1279 1080 capiuntur
1297 1032 1462 1074 homines,

71 1091 307 1124 contemnunt3
327 1078 543 1114 revelationes
559 1078 625 1113 suas
640 1091 709 1126 quae
727 1090 767 1113 ex
781 1079 896 1113 divino
909 1078 1003 1115 fonte
1020 1092 1153 1115 manant
1164 1108 1172 1123 ,
1192 1079 1330 1128 publicis
1347 1085 1382 1117 &
1404 1092 1461 1115 au-

18 1128 19 1149 ἶ
70 1123 228 1163 thoritate
245 1128 348 1176 plenis
360 1138 428 1163 tum
444 1128 606 1164 vaticiniis
619 1156 629 1171 ‚
648 1139 717 1162 tum
731 1129 891 1176 portentis
906 1126 1103 1164 confirmant
1126 1143 1134 1164 ε
1160 1131 1245 1164 inter
1268 1140 1321 1163 eas
1341 1128 1462 1164 summa

70 1175 237 1212 consensio
251 1177 303 1212 est.
317 1179 467 1224 Utraque
476 1175 591 1225 religio
601 1189 668 1212 non
687 1189 719 1212 vi
730 1205 740 1219 ,
750 1189 817 1212 non
828 1178 924 1211 armis
935 1205 945 1220 ‚
962 1190 1029 1213 non
1045 1176 1235 1225 eloquentia
1248 1206 1259 1222 ‚
1270 1189 1325 1213 aut
1336 1176 1464 1227 sapien.

73 1227 126 1260 tiae
143 1226 289 1261 humanae
303 1224 500 1276 persuasione
512 1254 522 1270 ‚
539 1226 591 1260 sed
619 1226 774 1274 prodigiis
795 1230 830 1262 &
855 1226 1016 1261 miraculis
1035 1255 1045 1270 ,
1071 1225 1257 1262 incredibili
1283 1229 1407 1276 pietate
1427 1230 1460 1263 in

71 1277 193 1319 Deum,
207 1287 317 1310 amore
329 1277 360 1312 in
369 1277 556 1324 proximum
567 1303 574 1313 ,
593 1276 714 1311 invista
727 1276 825 1311 animi
841 1274 1035 1311 fortitudine
1052 1288 1124 1311 cum
1144 1275 1267 1311 summa
1279 1275 1460 1311 mansuetu.-

72 1324 148 1358 dine
162 1326 334 1371 conjuncta
348 1353 358 1368 ,
376 1326 560 1407 Martsyrum
576 1323 726 1372 languine
738 1351 748 1366 ,
758 1337 824 1359 non
840 1323 981 1359 humana
994 1325 1136 1372 denique
1149 1327 1276 1360 ratione
1298 1336 1353 1359 aut
1367 1326 1460 1360 indu-

19 1402 20 1424 }
73 1372 147 1407 stria
160 1401 170 1416 ‚
184 1373 242 1408 sed
259 1373 370 1408 divina
382 1385 456 1421 pror
470 1384 503 1406 us
518 1378 552 1409 δι’
567 1372 686 1408 coelesti
697 1374 815 1407 virtute
829 1383 864 1409 ut
874 1375 1033 1420 originem
1053 1372 1139 1408 suam
1152 1403 1162 1417 ,
1196 1373 1236 1408 fic
1256 1376 1457 1410 incrementa

19 1433 20 1437 ¹
71 1423 167 1469 cepit.
190 1423 300 1456 Sermo
313 1434 400 1455 meus
412 1422 534 1468 ,inquit
548 1422 675 1456 Docior
692 1422 838 1468 gentium
862 1436 884 1457 1.
895 1421 1051 1457 Corinth.
1068 1437 1094 1458 ι..
1114 1421 1344 1470 &pradicatio
1365 1429 1455 1461 mea,

75 1482 138 1504 non
147 1472 180 1503 in
196 1468 453 1518 perficafibilibus
466 1469 766 1518 humanaefhpientiae
781 1468 959 1515 verbisstd
965 1471 997 1504 in
1010 1470 1319 1518 oflenfionespiritus
1335 1469 1374 1504 <9-
1389 1473 1459 1505 vir-

71 1520 153 1553 tutis
165 1547 171 1556 ,
183 1530 219 1552 ut
233 1517 320 1563 fides
336 1518 442 1562 vestra
458 1531 518 1552 non
525 1518 570 1563 fit
582 1520 615 1552 in
617 1519 781 1566 sapientia
797 1516 1044 1564 hominum‚ftd
1060 1521 1094 1552 in
1112 1522 1236 1554 virtute
1258 1518 1330 1554 Dei,
1359 1521 1397 1554 Et
1415 1520 1459 1554 ad

71 1565 199 1602 eosdem
208 1565 347 1602 scribens
360 1569 392 1602 in
406 1566 542 1601 secunda
556 1567 646 1614 Epist.
660 1578 686 1601 c.
699 1581 736 1602 η-
758 1567 861 1614 Signa
875 1576 983 1621 autent
996 1566 1204 1614 Apostolatus
1218 1566 1369 1612 meifaCZa
1376 1569 1457 1612 fimt

62 1615 161 1664 fitper
171 1628 227 1650 vos
241 1617 272 1649 in
281 1617 362 1649 omni
379 1617 540 1664 patientia
553 1644 562 1658 ,
575 1617 607 1649 in
617 1615 721 1663 fignis
733 1614 771 1649 ό*
781 1615 939 1662 prodigt'is
951 1622 989 1649 (9⁸
1006 1614 1195 1650 virtutibus.

107 1664 178 1711 Qi
193 1664 260 1699 haec
273 1670 306 1700 &
318 1664 379 1699 alia
391 1667 424 1699 in
443 1676 513 1698 eam
533 1676 602 1699 rem
617 1664 752 1713 plurima
766 1665 921 1699 attentius
939 1662 1189 1700 consideraverit
1208 1693 1218 1708 ,
1235 1663 1256 1699 si
1277 1664 1378 1699 modo
1393 1676 1452 1700 aut.

20 1742 22 1753 ‚
70 1714 457 1761 praejudlcataeopiniones
470 1742 480 1756 ,
500 1725 553 1748 aut
572 1715 662 1761 pravi
680 1711 813 1748 affectus
832 1724 905 1746 eum
923 1726 990 1747 non
1007 1711 1215 1749 transversum
1229 1715 1355 1762 egerint
1373 1742 1384 1756 ,
1401 1716 1451 1748 in-

71 1761 196 1810 telliget
210 1761 359 1810 profecto
379 1775 451 1797 eam
471 1761 666 1810 religionem
678 1774 727 1797 tot
748 1761 983 1809 Prophetarum
994 1761 1131 1796 oraculis
1146 1768 1178 1799 &
1192 1763 1354 1810 portentis
1374 1774 1456 1797 con..

71 1808 191 1845 firmari
204 1840 212 1853 ,
238 1823 304 1846 tam
321 1813 387 1845 cito
405 1809 605 1855 adolescere,
626 1817 659 1848 ὃ(
685 1811 725 1844 ad
739 1821 903 1845 extremos
924 1808 1022 1857 usque
1050 1811 1164 1845 mundi
1187 1811 1265 1846 fines
1282 1814 1455 1858 propagari

70 1871 137 1894 non
148 1858 282 1906 potuisse
297 1888 305 1902 ‚
325 1861 417 1894 omni
432 1859 571 1894 humana
594 1872 656 1907 ope
679 1871 737 1896 aut
754 1858 907 1893 industria
924 1859 1107 1894 destitutam
1120 1888 1130 1903 ,
1151 1859 1207 1895 nifi
1232 1860 1252 1896 ἐι
1283 1862 1359 1894 Deo
1385 1858 1454 1908 ipso

68 1907 218 1955 profeCka
242 1937 252 1951 ‚
270 1908 353 1943 illius
376 1908 530 1942 duntaxat
550 1909 671 1943 auxilio
692 1913 725 1945 &
745 1907 950 1956 providentia
978 1910 1166 1946 muniretur.
1181 1909 1285 1957 quue
1311 1909 1461 1944 maxime>

69 1968 145 1990 cum
154 1957 370 1992 idololatriam
389 1968 460 1991 toto
477 1968 559 2004 pene
575 1957 657 1992 orbe
671 1959 828 1993 everterit
844 1955 993 1999 ,coelesti
1010 1957 1164 2006 sapientia
1178 1958 1350 1994 hominum
1358 1969 1452 1992 men-

72 2014 120 2039 tes
135 2005 291 2042 irradiarit
300 2036 309 2050 ,
321 2018 427 2042 mores
441 2005 583 2054 perditos
594 2008 792 2049 correxerit,
810 2010 844 2044 &
860 2004 1067 2043 admirabiles
1080 2006 1205 2058 prorsus
1218 2006 1351 2044 effeetus
1377 2005 1451 2042 ubi-

73 2064 137 2101 que
153 2064 307 2090 terrarum
323 2055 471 2091 ediderit.

117 2100 200 2137 lllud
217 2115 346 2152 quoque
364 2102 554 2152 perspiciet,
565 2116 632 2140 non
643 2105 744 2139 modo
757 2105 971 2141 Christianam
985 2104 1183 2154 religionem*
1193 2117 1304 2141 veram
1329 2106 1390 2143 esse
1416 2111 1451 2142 &

70 2147 168 2184 iblam
183 2164 250 2197 quae
263 2156 337 2188 Deo
347 2151 514 2201 probetur,
525 2152 575 2186 sed
590 2165 632 2188 ex
642 2166 679 2188 ea
691 2166 825 2201 quoque
841 2153 1027 2191 validissima
1040 2167 1175 2201 quaeque
1186 2166 1376 2203 argumenta
1392 2156 1450 2189 du-

70 2199 98 2232 ci
112 2226 121 2240 ,
134 2198 249 2243 quibus
262 2204 325 2237 Dei
339 2202 504 2237 existentia
520 2230 529 2244 ,
539 2203 760 2250 providentia,
774 2202 1047 2239 &immortalitas
1062 2206 1176 2238 animae
1189 2203 1457 2252 persuadeantuq

69 2251 104 2283 &
115 2246 177 2280 alia
188 2260 257 2294 quae
275 2250 422 2298 religioni
435 2253 616 2299 praemuniri
629 2250 754 2287 debent
765 2280 774 2295 ,
790 2254 928 2287 omnino
942 2252 1147 2287 demonstrat.

102 2295 238 2341 -Qotus
250 2301 334 2333 enim
347 2299 478 2347 quisque
489 2312 527 2334 ex
547 2301 647 2347 iisqui
663 2302 832 2348 Sapientes
848 2305 885 2336 &¹
900 2299 1086 2348 Philosophi
1104 2300 1202 2348 vulgo
1229 2299 1333 2334 habiti
1353 2299 1424 2336 sunt
1436 2329 1447 2343 ‚

71 2345 190 2392 quique
214 2346 343 2395 ingenio
359 2347 556 2392 excelluere,
575 2360 614 2389 ex
638 2349 726 2399 hujus
749 2347 887 2386 universi
917 2349 1197 2398 contemplatione
1221 2349 1261 2383 de
1281 2350 1446 2385 existentia
