1857 2745
368 150 417 183 330
795 128 1314 171 ‘'PH-ILOSOPHIA

897 203 1014 237 Tertia
1031 201 1203 246 Conclusio.

411 286 480 320 Tot
494 280 563 316 fere
578 280 649 315 sunt
659 278 806 321 virtutes,
832 289 916 326 quot
925 279 1013 314 vitia.

423 329 586 366 Probatur
598 334 632 367 &
651 328 830 377 explicatur
847 326 1018 364 conclufio.
1032 328 1101 363 Tot
1114 325 1185 362 sunt
1200 329 1335 363 virtutes
1348 358 1357 372 ,
1379 339 1462 377 quot
1475 327 1546 364 sunt
1558 326 1647 362 actus
1659 329 1753 365 virtu·

366 395 436 419 tuni
449 380 555 430 specie
567 379 727 414 distincti:
745 377 797 412 sed
812 379 896 413 inter
906 379 971 413 duo
985 380 1066 412 vitia
1080 375 1150 411 sunt
1166 376 1302 425 persaepe
1324 379 1389 413 duo
1402 379 1493 413 aelus
1505 381 1663 414 virtutum
1683 376 1754 425 spe.

365 435 414 467 cie
423 427 539 467 diversi
550 458 560 473 ,
570 428 799 477 quorumjtinus
814 428 920 463 tendit
931 429 963 463 in
978 426 1145 476 objectum
1155 454 1165 469 ‚
1183 425 1264 462 alter
1275 428 1404 462 videtut
1413 427 1455 462 ab
1469 441 1510 462 eo
1525 427 1687 463 recedere.
1701 428 1754 462 Sic

363 484 449 517 inter
459 478 723 529 prodigalitatem
737 482 771 514 δε
789 479 958 512 avaritiam
968 476 1033 512 duo
1043 477 1114 512 sunt
1127 476 1216 511 astus
1229 477 1333 525 specie
1345 478 1485 513 distineti
1499 507 1509 521 ,
1534 477 1609 511 dare
1634 480 1668 512 δε
1681 476 1756 515 reti-
1802 490 1803 493 ¹

362 542 441 567 nere
454 527 674 575 ,liberalitatis
688 527 730 562 est
741 527 817 561 dare
829 538 884 571 ,ut
895 527 990 562 decet
1004 527 1226 575 ,parcimoniae
1238 529 1377 562 retinere
1392 555 1402 570 ,
1425 539 1461 562 ut
1485 536 1626 575 oportet.
1643 524 1708 559 Sed
1722 523 1755 559 hi
1804 540 1805 543 ¹

361 581 451 615 atibus
465 580 541 614 dare
555 582 589 615 &
599 580 739 613 retinere
749 588 804 620 ,ut
822 577 910 611 resta
922 578 1006 611 ratio
1018 577 1163 624 praecipit
1172 604 1181 619 ,
1194 587 1258 611 tam
1284 575 1356 611 sunt
1372 578 1454 611 inter
1468 577 1498 611 se
1509 573 1622 610 divetfi
1632 603 1641 618 ‚
1652 571 1755 621 quant
1803 614 1805 616 ¹

363 630 441 664 dare
453 634 488 666 δε
501 629 642 663 retinere
656 638 773 676 praeter
792 628 954 662 rationem
969 632 1002 664 &
1020 626 1174 661 modum:
1192 637 1271 675 ergo
1290 625 1493 660 liberalitatis
1507 629 1539 662 &
1553 624 1756 674 parcimoniae
1802 634 1804 666 ς

363 679 452 713 aetus
471 690 539 713 tam
546 677 713 713 suntinter
727 675 758 711 se
767 676 911 711 distincti
922 705 932 720 ,
946 675 1046 724 quam
1060 674 1296 724 prodigalitatis
1311 681 1344 713 ὃς
1357 677 1513 711 avaritiae.

399 726 554 773 Confirm.
569 726 662 762 Idem
676 725 747 761 fere
765 724 908 773 reliquas
928 728 1064 762 virtutes
1074 726 1275 773 percurrenti
1288 724 1345 759 fiet
1361 724 1575 760 manifestum.
1595 725 1686 760 Nam
1704 725 1756 761 5114

363 789 413 813 ter
423 776 674 825 imprudentiam
689 780 723 812 δε
738 774 952 811 calliditatem
967 774 1038 810 sunt
1055 774 1228 822 prudentia
1239 778 1272 810 &
1287 773 1446 808 sinceritas
1459 791 1469 818 ·,
1485 777 1571 809 inter
1587 774 1755 822 ignaviam
1802 809 1807 822 ,Ἰ

363 833 399 864 &
414 827 647 869 temeritatem,
659 825 818 859 fortitudo
833 829 867 861 δε
879 827 1005 860 cautio:
1017 829 1051 860 ὃς
1063 826 1106 858 ita
1117 823 1157 857 de
1171 821 1303 870 reliquis
1315 852 1325 866 ‚
1344 822 1398 858 nisi
1411 823 1496 859 forte
1506 835 1579 858 cum
1594 820 1754 858 vocabula
1806 843 1807 846 =

366 875 530 911 deficiunt.
547 876 658 922 Atque
668 873 742 910 hinc
756 872 803 917 fit,
817 886 852 909 ut
863 874 1008 922 quaedam
1021 875 1101 909 vitia
1114 874 1249 908 virtutes
1266 875 1466 907 mentiantur
1476 902 1486 916 ,
1497 877 1531 909 &
1541 870 1697 907 vicissim:
1715 883 1752 906 ac

360 924 443 974 saepe
457 927 569 961 evenit
580 935 615 958 ut
628 924 730 959 virtus
744 923 785 957 ad
801 922 941 958 alterum
956 934 1175 958 extremorum
1187 922 1333 956 videatur
1352 924 1483 970 propius
1506 921 1670 955 accedere.
1699 921 1753 955 Sic

360 973 522 1010 fortitudo
533 972 690 1016 audaciae,
703 971 952 1020 quamignaviae
974 972 1021 1006 est
1036 972 1177 1006 vicinior
1199 985 1208 1012 ;
1231 973 1429 1018 parcimonia
1448 971 1590 1006 avaritiae
1608 969 1654 1003 est
1675 981 1754 1029 pro.
1806 975 1825 1011 ζ.

363 1025 454 1071 pior,
470 1020 772 1070 quamliberali'tati
789 1022 1029 1068 ;tempetantia
1040 1021 1143 1068 magis
1163 1020 1202 1053 ad
1224 1019 1402 1068 voluptatis
1418 1021 1639 1068 privationem
1653 1030 1754 1066 quam
1806 1050 1807 1067 3
1821 1041 1824 1051 .

1854 1069 1857 1088 i

361 1073 402 1106 ad
415 1073 700 1119 intemperantiam
710 1069 854 1105 accedit:
868 1069 956 1103 unde
970 1074 1004 1105 &
1019 1070 1099 1104 vitia
1117 1067 1307 1114 plerumque
1321 1071 1478 1103 virtutum
1495 1066 1598 1116 specie
1612 1079 1670 1102 nos
1687 1067 1753 1102 fal-

361 1120 439 1155 lunt.
460 1122 550 1155 Hinc
559 1118 638 1152 illud
655 1119 801 1154 Othonis
815 1117 855 1151 de
874 1116 982 1151 Galba
993 1117 1080 1165 apud
1096 1117 1172 1151 Cor.
1190 1118 1352 1152 Tacitum.
1378 1118 1453 1164 Qae
1471 1118 1533 1151 alii
1537 1116 1681 1163 scelera,
1702 1114 1752 1151 hic

360 1169 503 1203 remedia
516 1178 632 1205 vocat,
650 1167 725 1201 dum
737 1164 833 1211 falsts
852 1165 1030 1201 'nominibus
1042 1167 1254 1212 severitatem
1273 1176 1331 1214 pro
1341 1168 1470 1212 fflvitia
1491 1195 1501 1209 ‚
1518 1166 1751 1214 parcimoniam

359 1229 418 1267 pro
435 1218 601 1254 avaritia,
611 1216 773 1265 fitpplicia
787 1212 825 1248 &⁴
836 1216 1041 1250 contumelias
1055 1213 1194 1259 vestram
1206 1213 1405 1263 diſsiplinam
1418 1216 1575 1264 appellat.

400 1267 524 1314 Oppon.
542 1266 621 1301 Una
630 1266 676 1300 est
688 1268 786 1299 virtus
801 1265 884 1298 inter
902 1264 966 1298 duo
978 1266 1058 1299 vitia
1077 1261 1242 1312 opposita,
1269 1275 1305 1298 ut
1324 1263 1415 1313 supra
1438 1263 1657 1307 ostendimus,
1682 1276 1750 1300 non

360 1315 431 1350 duae
444 1330 451 1351 z
465 1315 504 1350 fic
516 1313 694 1349 liberalitas
706 1325 769 1348 una
782 1313 825 1346 est
842 1314 926 1347 inter
937 1314 1107 1347 avaritiam
1119 1317 1152 1348 &
1166 1312 1431 1361 prodigalitatem
1445 1327 1452 1347 :
1474 1313 1529 1347 illa
1543 1315 1630 1347 enim
1648 1313 1703 1348 dat
1715 1318 1752 1350 &

360 1368 481 1399 retinet
492 1393 501 1407 ,
515 1376 552 1399 ut
562 1374 694 1411 oportet
708 1379 715 1405 ;
728 1374 789 1396 nec
802 1362 911 1410 potest
926 1362 1001 1396 dare
1020 1373 1056 1397 ut
1069 1362 1162 1396 decet
1178 1389 1187 1403 ,
1207 1364 1288 1409 quin
1303 1362 1418 1396 eadem
1435 1365 1576 1397 retineat
1591 1362 1751 1408 quantum

361 1413 484 1449 necesse
498 1414 550 1448 est.
570 1410 703 1458 Qodsi
716 1412 803 1446 enim
812 1413 884 1458 quis
894 1411 975 1446 nihil
987 1410 1043 1446 fibi
1057 1411 1179 1454 servet,
1186 1415 1253 1457 jam
1267 1425 1334 1447 non
1345 1410 1485 1445 liberalis
1499 1440 1508 1455 ,
1526 1410 1577 1445 sed
1595 1411 1749 1459 prodigus

359 1463 483 1497 futurus
494 1463 545 1498 est.
565 1461 670 1497 Simili
687 1462 813 1495 ratione
823 1472 891 1495 non
911 1461 1018 1508 potest
1031 1459 1089 1496 sibi
1102 1463 1241 1495 retinere
1255 1471 1416 1507 quantum
1432 1460 1527 1495 decet
1541 1488 1551 1503 ,
1566 1457 1622 1495 nili
1634 1458 1751 1509 largia-

360 1522 410 1545 tur
426 1523 587 1557 quantum
608 1513 692 1545 ratio
712 1508 893 1557 praescribit.

400 1561 426 1591 R
433 1562 489 1608 sp.
503 1559 587 1603 Dist.
596 1559 738 1594 anteced.
750 1560 829 1594 Una
840 1558 885 1592 est
897 1560 995 1593 virtus
1010 1557 1189 1602 moraliter,
1200 1563 1282 1595 &ex
1299 1562 1462 1595 communi
1472 1558 1627 1605 loquendi
1637 1560 1754 1604 modo‚‘

360 1609 406 1644 C.
428 1611 537 1644 Siren]
547 1607 679 1657 Phyfice
692 1606 880 1645 &subtilius
894 1606 1116 1654 inspiciamus,
1132 1609 1177 1644 N.
1196 1607 1368 1643 Confundi
1380 1611 1470 1644 enim
1487 1607 1591 1644 solent
1609 1608 1670 1644 illae
1684 1611 1752 1645 vir..

361 1669 447 1692 tutes
461 1688 470 1700 ,
484 1660 633 1706 quamvis
651 1670 764 1693 revera
774 1656 833 1692 sint
843 1656 984 1693 diversae.
998 1659 1087 1694 Nam
1096 1658 1185 1691 aetus
1199 1656 1395 1693 earumlicet
1414 1656 1474 1693 sint
1493 1659 1577 1692 inter
1597 1657 1627 1692 se
1646 1660 1751 1694 maxi..

361 1720 412 1742 me
423 1707 652 1754 cognati,sunt
671 1718 782 1742 tamen
800 1706 956 1743 distincti.
974 1706 1150 1753 »Siquidem
1170 1705 1348 1741 liberalitas
1360 1707 1434 1751 dat,
1452 1709 1650 1756 parcimonia
1668 1709 1750 1742 reti..

359 1768 416 1791 net
425 1786 433 1800 ‚
449 1758 547 1804 idque
564 1770 635 1792 cum
645 1758 757 1792 decet:
771 1768 884 1791 contra
893 1755 1102 1804 prodigalitas
1114 1756 1168 1790 dat
1182 1768 1255 1790 cum
1267 1769 1334 1791 non
1344 1756 1438 1791 decet
1447 1786 1456 1800 ‚
1469 1769 1529 1792 nec
1540 1759 1659 1792 retinet
1674 1769 1748 1795 cum

358 1817 490 1853 oportet
502 1821 508 1841 :
520 1819 555 1841 ut
572 1809 708 1840 avaritia
723 1818 789 1840 non
801 1805 855 1840 dat
870 1805 925 1840 ubi
953 1815 1105 1854 oportet,
1131 1810 1164 1841 ὃς
1186 1808 1306 1840 retinet
1324 1818 1398 1840 cum
1416 1819 1483 1841 non
1500 1806 1606 1841 decet.
1637 1807 1750 1853 Qare

359 1858 494 1890 avaritia
505 1855 616 1890 deficit
630 1855 650 1890 a
669 1854 877 1897 liberalitate,
897 1855 1025 1889 excedit
1036 1852 1091 1888 ubi
1105 1866 1177 1890 cum
1187 1856 1386 1902 parcimonia
1403 1866 1607 1901 comparatur
1617 1866 1624 1887 :
1636 1866 1749 1889 contra

358 1907 469 1939 evenit
486 1907 517 1940 in
538 1904 779 1954 prodigalitate.
800 1905 899 1941 Unde
909 1909 941 1940 δ(
953 1902 1128 1940 liberali-tas
1141 1909 1174 1939 &
1185 1905 1382 1950 parcimonia
1396 1905 1479 1936 inter
1497 1902 1561 1936 duo
1571 1905 1651 1946 vitia
1664 1902 1748 1951 posi..

358 1965 369 1987 t
382 1966 395 1986 t·
407 1952 476 1988 sunt
486 1984 493 1997 ,
508 1953 697 1988 sed'diversa
714 1956 862 1996 ratione,
880 1952 934 1987 illa
945 1954 978 1987 in
991 1951 1098 1986 dando
1112 1980 1121 1994 ,
1133 1952 1196 1985 liaec
1209 1953 1241 1984 in
1255 1951 1429 1985 retinendo
1450 1950 1600 1987 verstitur.

392 2005 436 2037 Ac
453 2003 527 2037 licet
541 2004 753 2037 concedamus
782 2001 1012 2040 liberalitatem
1027 2000 1045 2035 a
1062 2000 1262 2047 parcimonia
1279 2011 1345 2034 non
1371 1997 1456 2047 polse
1480 1999 1612 2042 divelli,
1633 2002 1644 2044 (
1656 1999 1747 2047 quod

356 2066 422 2087 non
437 2064 549 2087 verum
564 2052 607 2085 est
616 2052 656 2085 de
667 2064 708 2085 eo
718 2053 773 2097 qui
786 2051 901 2085 vendit
913 2050 1024 2084 omnia
1034 2061 1070 2083 ut
1084 2048 1245 2083 Christum
1255 2047 1404 2096 sequatur
1418 2050 1449 2091 ‚)
1475 2049 1507 2082 id
1519 2061 1628 2084 tamen
1641 2048 1746 2096 liquet

356 2101 454 2136 alium
469 2099 530 2136 effe
542 2099 696 2137 affictum
712 2099 810 2134 dandi
825 2127 834 2141 ,
854 2111 926 2133 cum
938 2098 1051 2140 decet,
1072 2097 1172 2133 alium
1185 2098 1355 2132 retinendi.
1380 2098 1542 2146 Qamvis
1562 2100 1650 2134 enim
1677 2111 1745 2133 non

355 2149 451 2197 possit
463 2152 533 2196 quis
546 2150 620 2183 dire
630 2159 785 2196 quantum
794 2149 888 2182 decet
902 2177 910 2190 ,
928 2146 983 2182 nist
1002 2152 1034 2183 ὃς
1049 2150 1188 2182 retineat
1205 2147 1293 2194 quod
1307 2149 1389 2182 ratio
1407 2146 1580 2196 praescribit
1590 2177 1599 2190 ,
1610 2147 1673 2181 hoc
1688 2147 1743 2189 est,

355 2201 435 2245 quin
454 2198 609 2234 abstineat
623 2198 643 2235 {1
655 2197 761 2233 dando
775 2197 941 2246 plusquam
954 2197 1060 2240 decet,
1072 2198 1159 2243 quod
1179 2196 1224 2231 est
1242 2198 1380 2231 retinere
1393 2226 1402 2240 ,
1427 2210 1463 2232 ut
1479 2199 1567 2232 aiunt
1585 2225 1594 2239 ,
1610 2197 1743 2244 fleg-iti-

357 2259 414 2289 ve,
428 2254 459 2284 8<
473 2260 586 2296 praeter
607 2248 825 2282 intentionem
837 2258 965 2291 ,tamen
981 2244 1155 2282 liberalitas
1169 2245 1247 2282 exse
1263 2259 1329 2283 non
1351 2245 1484 2282 includit
1502 2248 1644 2283 animum
1664 2247 1743 2281 teri-

356 2297 473 2334 nendi:
492 2299 523 2335 id
537 2300 623 2333 enini
633 2298 777 2346 pertinet
788 2296 827 2332 ad
839 2298 1078 2346 parcimoniam.
