1857 2745
332 180 392 210 104
677 162 744 198 DE
789 161 1327 199 UNIVERSALIBUS

374 214 459 262 Resp.
475 214 517 248 Di
525 211 555 245 st.
571 221 677 246 antec.
688 210 805 259 species
819 212 1014 260 imperfecta
1027 242 1037 257 ,
1052 225 1188 261 quaeque
1203 216 1236 248 in
1249 212 1409 262 categoria
1422 210 1544 247 direete
1566 224 1633 247 non
1649 211 1718 247 coI-

338 263 459 298 locatur
472 291 480 304 ‚
505 262 545 295 C.
563 260 708 308 perfecti
723 289 733 303 ‚
751 273 887 308 quaeque
910 261 951 296 ad
974 261 1115 310 aliquam
1138 265 1337 311 categoriam
1361 262 1481 295 dii-cete
1501 262 1654 310 pertinet.
1674 262 1719 298 N.

337 310 442 348 nullus
463 312 548 345 enirn
558 309 645 345 locus
661 309 703 344 est
717 310 749 344 in
763 312 929 359 categoria
939 310 1112 360 sanguineo
1129 312 1281 356 animali,
1297 323 1351 346 aut
1366 310 1486 358 bipedi.

856 392 1004 425 Secunda
1023 393 1198 437 ConclufiO.

373 454 424 491 Ut
452 453 562 489 multae
588 453 659 489 sunt
677 451 796 502 species
813 484 822 497 ,
848 467 920 502 quae
951 454 1107 505 simplices
1129 454 1252 491 habent
1278 458 1501 504 &reciprocas
1515 453 1722 490 differentias,

339 502 377 539 sic
394 503 574 551 complures
593 503 661 539 sunt
677 532 686 546 ,
700 517 731 538 in
749 503 866 551 quibus
886 504 938 540 vel
952 506 1046 541 iiullae
1057 504 1129 540 sunt
1142 504 1299 552 ejusmodi
1312 504 1514 547 differentiae,
1527 503 1724 552 velaffigna-

338 555 365 587 ri
383 566 450 588 non
463 551 599 600 possunt.

377 604 487 636 Prima
496 615 568 650 pars
579 601 792 638 conclusionis
804 615 841 636 ex
861 604 896 637 iis
909 616 979 650 quae
994 603 1128 639 diximus
1145 603 1242 639 facile
1253 601 1422 650 colligitur.
1440 602 1532 636 Nam
1544 601 1639 634 unius
1654 598 1725 633 an}-

341 650 434 686 rnalis
444 662 507 685 una
518 651 565 685 est
581 653 748 699 reciproca
757 651 940 687 differentia
957 681 964 691 ‚
975 665 1091 701 nempe
1101 652 1299 688 senfitivum:
1312 663 1387 685 cum
1409 651 1550 685 viventis
1564 647 1599 682 sit
1612 659 1676 682 una
1692 653 1727 684 &

341 700 530 734 immediata
541 699 652 734 divisio
668 715 680 736 z.
690 714 787 737 omne
799 703 885 735 enim
899 701 1018 736 animal
1036 703 1078 737 est
1093 701 1273 738 sensitivurn
1288 730 1298 744 ‚
1317 706 1349 737 &
1369 712 1467 735 omne
1487 697 1669 733 senfitivum
1684 697 1728 731 est

340 748 469 784 animal.
502 750 553 783 Sic
578 751 610 784 in
635 751 879 785 Mathematicis
909 749 1065 797 ejusmodi
1098 750 1286 786 differentiae
1306 750 1480 797 reciprocae
1503 753 1537 784 δε
1551 747 1727 793 adaequatae

366 796 455 833 affim
464 809 633 834 occurrunt
649 804 700 841 ,&
719 800 972 834 demonstrantur
995 814 1002 835 :
1029 811 1063 834 ut
1090 799 1253 847 :equalitas
1271 797 1435 833 radiorum
1464 799 1498 832 in
1516 794 1657 837 circulo,
1677 793 1729 828 seu

340 810 495 882 Enearum
509 846 529 882 ὲ
546 859 659 882 centro
669 848 709 882 ad
727 847 848 883 lineam
858 850 1171 892 circumcurrentem,
1184 847 1237 883 vel
1256 844 1563 889 circumferentiam,
1574 845 1620 879 est
1635 841 1730 878 diffe-

341 897 446 930 rentia
467 895 550 929 illius
575 899 758 945 reciproca,
777 910 846 943 quae
864 895 1028 932 essentiam
1044 898 1152 932 circuli
1173 897 1347 931 constituit.

379 942 605 979 Conclufionis
615 957 684 993 pars
702 945 803 979 altera
817 958 883 979 non
896 948 1000 980 minus
1011 946 1054 980 est
1070 957 1182 994 aperta
1197 957 1290 981 :cum
1300 946 1387 978 enim
1402 943 1441 977 ad
1453 942 1571 990 species
1583 941 1728 978 animalis

342 991 533 1040 compositas
549 995 581 1027 in
606 1006 723 1042 genere
742 992 921 1029 substantiae
940 994 1161 1029 descendimus
1174 1023 1184 1038 ‚
1198 996 1252 1029 vix
1270 993 1333 1027 illae
1351 991 1541 1029 differentiae
1561 994 1730 1040 reciprocae

345 1052 523 1076 occurrunt.
542 1042 744 1089 Qanqunm
765 1045 797 1077 in
813 1042 974 1077 nonnullis
986 1045 1186 1090 reperiuntur
1197 1073 1207 1087 ‚
1217 1054 1252 1076 ut
1270 1054 1283 1075 r
1294 1042 1426 1077 itionaie
1440 1043 1473 1075 in
1488 1041 1622 1075 homine
1635 1069 1644 1083 ,
1655 1041 1729 1075 hin-

345 1092 487 1125 nitivum
505 1091 538 1124 in
556 1102 665 1136 equo,
683 1090 869 1124 latrativum
891 1092 924 1124 in
947 1103 1028 1126 cane
1049 1105 1056 1125 :
1087 1091 1139 1126 sed
1167 1093 1199 1125 in
1223 1089 1381 1138 plerisque
1401 1088 1624 1124 desiderantur.
1645 1090 1730 1136 Qae

346 1141 433 1173 enim
443 1140 510 1172 avis
527 1152 556 1174 v.
574 1152 604 1186 g.
616 1149 764 1173 occurret
785 1137 968 1173 diffitenda
987 1142 1175 1188 reciproca?
1192 1138 1297 1187 plures
1312 1137 1401 1173 simul
1419 1150 1592 1186 congerere
1607 1137 1732 1173 neceffe

345 1188 406 1231 est,
425 1199 459 1221 ut
475 1187 594 1221 animal
605 1187 722 1235 plumis
741 1193 775 1224 &
789 1187 936 1236 sanguine
956 1190 1150 1225 instructum.
1164 1190 1256 1223 Idem
1277 1188 1317 1222 de
1332 1187 1499 1222 elementis
1513 1191 1602 1235 juxta
1617 1187 1731 1235 vulga-

347 1249 414 1270 rem
433 1235 621 1270 sententiam
644 1237 707 1271 dici
722 1237 834 1285 potest.
860 1235 950 1271 Solet
968 1241 1055 1273 enim
1072 1237 1198 1273 definiri
1220 1237 1420 1273 elementum
1435 1266 1444 1280 ,
1470 1249 1583 1283 corpus
1599 1235 1731 1285 [implex

347 1283 578 1333 corruptibile:
593 1286 687 1332 quod⁴
707 1284 837 1334 simplex
853 1283 888 1320 sit
901 1287 955 1328 ,id
970 1300 1042 1321 cum
1061 1287 1147 1323 coelo
1160 1301 1168 1323 :
1181 1286 1268 1334 quod
1288 1282 1323 1321 sit
1349 1284 1557 1334 corruptibile
1572 1315 1582 1330 ,
1601 1287 1632 1321 id
1655 1299 1738 1321 cum.

348 1336 452 1369 mixto
470 1347 604 1381 corpore
617 1334 717 1369 habet
728 1346 912 1370 commune.

386 1386 494 1432 Major
514 1383 556 1417 est
574 1383 612 1417 de
632 1383 764 1418 homine
778 1381 948 1418 d1ffi2u1tas
963 1412 972 1426 ‚
982 1396 1025 1418 an
1039 1383 1196 1419 rationale
1209 1382 1244 1418 sit
1257 1381 1436 1419 differentia
1448 1383 1531 1419 illius
1552 1385 1731 1431 reciproca,

348 1433 433 1467 adeo
444 1445 478 1466 ut
490 1434 593 1467 omnis
608 1436 640 1468 ὃ(
658 1431 737 1468 solus
751 1432 852 1468 homo
871 1430 906 1467 sit
919 1433 1102 1468 rationalis:
1120 1432 1348 1468 difficultatem
1359 1444 1455 1482 auget
1464 1433 1548 1468 illius
1562 1435 1649 1467 vocis
1664 1445 1731 1468 arn-

350 1481 499 1529 biguitas.
517 1483 604 1515 Nam
616 1479 636 1514 si
653 1493 709 1529 per
731 1479 887 1515 rationale
900 1480 1112 1530 intelligimus
1124 1484 1190 1516 vim
1207 1480 1407 1517 discurlivam
1419 1512 1427 1525 ‚
1442 1494 1504 1529 qua
1519 1482 1620 1517 homo
1632 1494 1738 1516 unum

350 1543 392 1565 ex
405 1530 469 1563 alio
482 1528 605 1578 colligit
616 1558 625 1571 ,
641 1543 708 1564 non
719 1528 789 1563 satis
801 1529 905 1577 liquet
917 1542 971 1564 cur
980 1531 1097 1579 Angeli
1110 1544 1176 1565 non
1191 1528 1250 1564 sint
1259 1530 1432 1565 rationales
1443 1560 1452 1574 ,
1462 1544 1536 1566 cum
1548 1529 1734 1573 discurrant,

352 1585 386 1616 ἅ
399 1591 500 1614 unum
515 1590 553 1612 ex
569 1578 632 1612 alio
645 1577 801 1625 colligant
812 1607 822 1621 ‚
832 1576 852 1612 fi
870 1579 975 1614 minus
994 1581 1025 1614 in
1038 1579 1133 1614 rebus
1148 1576 1324 1614 neceffiriis
1339 1578 1468 1621 ‚saltem
1481 1581 1515 1616 in
1533 1582 1570 1613 iis
1582 1591 1654 1626 quae
1665 1578 1734 1615 sunt

351 1630 587 1676 contingentes.
613 1627 713 1674 Qod
726 1626 746 1661 fi
757 1629 1006 1675 perceptionem
1019 1657 1028 1671 ,
1042 1641 1098 1663 aut
1113 1629 1348 1676 cog³tationem
1360 1642 1492 1665 omnem
1512 1628 1570 1664 hac
1584 1641 1665 1663 voce
1685 1630 1735 1663 in-

354 1676 528 1723 te'ligimus
543 1705 552 1719 ‚
575 1687 630 1710 aut
650 1688 737 1710 certe
755 1675 1012 1712 intellectualem
1030 1678 1253 1726 cognitionem
1265 1703 1274 1717 ,
1289 1677 1371 1710 adeo
1386 1690 1454 1711 non
1473 1678 1516 1712 est
1543 1676 1737 1724 deneganda

354 1725 502 1772 Angelis,
516 1723 699 1773 utipliDeo
715 1725 811 1774 longe
827 1726 1035 1774 praestantiori
1050 1726 1152 1761 modo
1170 1726 1355 1760 conveniat.
1381 1725 1494 1759 Restat
1512 1727 1609 1774 igitur
1628 1736 1661 1759 ut
1686 1737 1734 1760 ta-

354 1774 483 1808 tionalis
495 1773 660 1818 nomine,fi
677 1773 861 1810 differentia
871 1775 912 1809 est
924 1775 1062 1810 hominis
1079 1775 1244 1822 reciproca
1258 1801 1267 1816 ‚
1281 1774 1349 1807 vim
1363 1773 1555 1810 discurrendi
1568 1786 1641 1808 cum
1654 1786 1736 1821 qua-

352 1824 373 1856 d
383 1836 427 1857 im
437 1823 457 1858 a
471 1821 603 1905 sf¹³fib²¹⁵
624 1824 843 1872 dependentia
859 1823 1096 1874 intelligamus:
1112 1825 1151 1858 de
1165 1834 1232 1869 quo
1242 1821 1376 1869 quidem
1385 1822 1464 1858 nihil
1476 1821 1597 1858 necesse
1610 1823 1653 1856 est
1669 1823 1733 1858 hoc

353 1872 426 1907 loco
446 1872 477 1907 fi2
492 1884 536 1906 ius
559 1870 715 1909 dilserere.

383 1922 589 1966 Sed,inqnies
601 1950 612 1964 ,
626 1933 696 1968 quae
707 1923 790 1955 ratio
806 1919 905 1955 efficit
914 1949 923 1960 ‚
938 1932 973 1955 ut
985 1920 1176 1956 differentiae
1193 1922 1225 1956 in
1235 1920 1401 1957 nonnullis
1417 1919 1512 1954 rebus
1523 1917 1582 1954 fint
1591 1921 1734 1968 recipro-

354 1982 401 2004 cae
410 2000 418 2013 ‚
432 1972 464 2005 in
478 1969 548 2004 aliis
560 1982 626 2005 non
640 1972 731 2005 item.

389 2021 475 2068 Rcsp.
504 2020 535 2053 Id
558 2018 669 2067 colligi
690 2030 815 2053 tantum
843 2016 863 2052 a
886 2017 980 2052 nobis
1002 2016 1088 2066 poffe
1115 2031 1157 2053 ex
1173 2020 1219 2052 rei
1233 2018 1380 2066 cujusque
1396 2016 1578 2054 actionibus
1593 2046 1602 2061 ‚
1618 2022 1736 2065 &pro-

355 2067 556 2116 prietatibus.
575 2069 735 2103 Naturam
757 2069 845 2102 enirn
863 2069 907 2100 rei
920 2066 1049 2102 aliunde
1070 2066 1176 2116 perspi
1185 2070 1269 2103 &arn
1282 2067 1401 2103 habere
1418 2082 1486 2103 non
1504 2062 1671 2114 possumus.
1690 2069 1735 2101 Ex

355 2116 537 2152 diffitentia
554 2115 705 2151 elsentiali
719 2145 730 2160 ,
751 2128 788 2150 ut
803 2128 843 2149 ex
861 2116 966 2150 radice
992 2117 1115 2150 intimae
1135 2119 1347 2165 proprietates
1360 2146 1371 2160 ‚
1387 2116 1440 2151 seu
1470 2116 1641 2151 facultates
1658 2127 1735 2162 pro-

355 2165 460 2200 fluunt
480 2183 486 2202 :
502 2179 536 2200 ut
562 2168 609 2200 vis
634 2164 810 2214 respirandi
826 2193 835 2207 ‚
864 2165 1035 2200 incedendi
1052 2194 1061 2208 ‚
1090 2165 1170 2201 visus
1190 2179 1345 2213 quoque,
1361 2166 1487 2200 auditus
1508 2165 1622 2201 &aliae
1641 2165 1736 2207 vires,

359 2226 414 2247 aut
427 2215 596 2250 facultates
613 2226 671 2257 ‚ex
687 2213 804 2262 quibus
823 2215 912 2249 astus
928 2214 1074 2261 quidam,
1091 2226 1126 2248 ut
1136 2213 1445 2263 respiratio,inceffus
1460 2211 1559 2258 ,vifio
1579 2215 1734 2247 oriuntur.

362 2265 429 2310 Qi
442 2265 571 2309 quidem
588 2266 676 2298 astus
693 2293 701 2307 ‚
713 2274 748 2298 ut
761 2261 926 2311 respiratio
938 2293 947 2307 ‚
958 2261 1036 2299 visio
1049 2292 1058 2306 ‚
1069 2265 1154 2298 inter
1170 2264 1345 2298 accidentia
1359 2273 1580 2305 numerantur3
1602 2260 1737 2295 faculta-

362 2322 408 2344 tes
422 2311 491 2345 lunt
502 2312 567 2358 ipsae
578 2315 788 2361 proprietates
805 2328 814 2355 3
830 2312 917 2346 radix
931 2315 1165 2360 proprietatum
1180 2313 1226 2347 est
1242 2315 1286 2347 rei
1303 2310 1432 2348 essentia
1444 2342 1453 2355 ,
1468 2311 1520 2347 seu
1540 2323 1642 2358 genus
1654 2338 1664 2352 ,
1682 2308 1736 2344 seu

361 2358 544 2394 diffitentia
564 2375 572 2396 :
599 2375 675 2395 nam
692 2361 836 2409 quaedam
856 2363 1066 2410 proprietates
1082 2372 1119 2396 ex
1136 2374 1253 2410 genere
1275 2390 1286 2406 ‚
1310 2373 1364 2397 aut
1383 2360 1567 2398 differentia
1586 2360 1737 2408 generica

361 2408 542 2453 dirninmt,
556 2422 590 2444 ut
609 2412 711 2446 taetus
723 2422 761 2445 ex
782 2410 923 2456 animali,
944 2410 996 2449 vel
1014 2409 1176 2448 stnfitivo.

1473 2457 1735 2497 ARTICULUS
