1857 2745
599 97 640 133 M
660 99 695 134 O
709 98 742 133 R
761 98 789 134 A
805 97 831 134 L
851 99 865 133 1
883 97 916 134 S.
1389 106 1436 144 28,-

46 150 230 188 libertatem
267 147 404 184 nostram
423 145 576 183 volumus
599 176 610 191 ‚
648 161 715 183 non
732 147 818 182 aliud
839 146 1022 182 obtendere
1040 147 1176 185 solemus
1199 176 1210 192 ,
1241 148 1341 195 quam
1367 163 1426 184 vo-

43 199 202 236 {unitatem
212 197 377 234 nostram:
396 208 493 245 atque
509 198 544 233 in
564 199 687 244 pactis,
711 195 886 233 foederibus
908 201 942 233 &
961 197 1181 233 contractibus
1204 198 1353 234 voluntas
1368 212 1428 235 no-

44 249 108 284 stra
123 246 320 297 potiffimum
341 248 533 282 convenitur
553 259 561 281 ε
581 245 670 294 quod
687 249 720 282 in
740 258 778 282 ea
804 248 943 281 maxime
961 247 1070 295 vigeat
1086 246 1228 283 libertas.

80 298 283 345 Qanquam
308 296 396 331 idem
413 296 456 331 est
479 297 604 330 animus
629 298 685 343 qui
702 297 825 346 judicat
851 301 885 333 ὅ(
905 295 1019 342 eligit,
1056 309 1118 331 nec
1144 300 1227 330 vires
1254 296 1313 332 illae
1343 298 1427 346 plus-

43 359 142 396 quam
164 347 362 395 cogitatione
383 356 437 381 aut
466 342 580 379 officiis
601 345 835 395 distinguuntur
856 359 864 381 :
891 345 975 379 adeo
998 356 1034 379 ut
1054 344 1205 393 superflua
1219 347 1368 382 videatur
1388 349 1427 383 il-

33 395 76 432 -la
95 393 327 438 controversia,
347 405 455 430 utrum
479 393 628 429 voluntas
646 424 656 439 ,
682 405 737 429 aut
763 393 948 431 intelle6tus
968 391 1004 427 sit
1025 393 1113 428 sedes
1132 392 1290 429 libertatis
1319 410 1326 431 :
1354 409 1427 432 cum

39 444 127 481 >liber
138 444 174 480 fit
187 445 311 479 animus
325 472 335 486 ,
357 454 410 479 aut
436 443 621 492 hornoipse
638 473 648 488 ‚
665 457 733 481 non
750 446 798 480 vis
821 442 929 490 aliqua
939 453 994 477 aut
1008 442 1144 478 facultas
1168 457 1176 479 t
1211 448 1340 492 majoris
1375 457 1425 480 ta-

41 507 118 530 men
135 493 214 529 lucis
231 494 332 542 gratia
355 491 474 528 merito
491 494 663 541 inquiritur
678 506 719 528 an
741 504 833 530 mens
860 491 962 527 libera
985 489 1039 535 fit,
1064 503 1102 526 ut
1125 492 1246 538 judicat
1274 505 1343 528 rem
1364 496 1425 530 effe

38 543 245 587 faciendam3
262 554 302 578 an
319 544 425 590 potius
445 554 487 579 ex
510 544 614 579 animi
639 542 872 586 inclinatione,
892 540 945 577 seu
962 552 1004 576 ex
1021 543 1189 590 appetitu,
1207 552 1264 576 aut
1276 541 1428 579 volunta-

35 603 75 627 -te
92 591 222 627 libertas
235 593 341 627 omnis
364 590 401 626 fit
419 592 604 640 repetenda.

81 641 173 677 *Cum
194 652 303 677 autem
322 640 472 676 voluntas
494 643 526 676 in
550 641 680 677 homine
694 641 730 677 fit
756 641 937 684 rationalis,
952 652 990 674 ac
1001 639 1158 687 judicium
1175 640 1274 689 ipsum
1294 644 1426 678 rationis

37 692 118 725 citra
135 689 312 726 voluntatis
334 701 448 725 nutum
473 703 540 726 non
560 689 619 726 fiat
640 708 649 734 3
676 691 755 726 illud
776 691 910 739 planum
927 689 1078 733 videtur,
1105 688 1245 725 liberum
1258 690 1427 727 arbitrium

38 737 80 774 fic
92 740 223 785 utrique
241 738 388 774 facultati
408 738 505 773 ineffe
519 766 529 781 ,
548 750 585 774 ut
602 738 676 775 fons
693 745 726 776 &
739 740 828 774 radix
842 737 1001 773 libertatis
1016 737 1052 773 [it
1068 740 1102 774 in
1126 738 1311 783 intelleetu,
1326 740 1379 775 sed
1393 744 1426 777 in

37 788 114 824 astu
125 787 299 823 voluntatis
313 789 415 836 magis
427 786 562 824 eluceat.
574 788 736 824 Voluntas
749 790 860 837 itaque
874 788 922 823 est
934 786 1134 832 formaliter,
1158 800 1192 823 ut
1213 790 1303 826 aiunt
1313 817 1324 833 ,
1344 788 1428 826 libe-

34 848 90 881 ta,
109 837 330 886 dependenter
348 848 458 871 tamen
471 835 513 870 ab
531 836 709 873 intellectu.

76 887 140 921 Sed
152 915 162 929 ,
177 887 326 931 inquiunt
338 913 349 928 ,
367 884 448 921 nihil
458 885 581 921 neceffe
596 886 639 920 est
648 886 863 935 multiplicare
882 884 1019 932 subjecta
1034 885 1211 923 libertatis:
1225 899 1303 937 ergo
1316 900 1354 923 ea
1364 902 1426 925 vo-

38 933 155 970 luntati
169 932 226 968 soli
236 935 341 970 inerit.

77 985 166 1030 Refp.
192 982 333 1018 eundem
349 980 411 1017 esse
421 984 562 1017 animum
577 984 633 1030 qui
643 994 678 1018 ur
689 983 812 1032 iudicat
825 988 859 1021 δι
872 981 981 1031 eligit,
993 982 1077 1019 liber
1086 984 1202 1020 dicitur
1214 999 1221 1021 :
1235 997 1334 1021 unum
1343 986 1427 1021 adeo

34 1032 172 1068 &idem
181 1031 228 1065 est
247 1029 342 1066 liberi
357 1029 483 1065 arbitrii
497 1030 683 1079 subjefflim.

74 1081 199 1116 Contra
210 1107 220 1123 ,
234 1080 402 1127 inquiunt,
420 1089 454 1113 ut
470 1080 552 1113 ratio
566 1078 596 1114 se
613 1079 715 1114 habet
733 1080 774 1113 ad
795 1078 998 1114 intellectum
1013 1106 1023 1121 ,
1041 1079 1081 1113 fic
1100 1079 1238 1116 liberum
1257 1081 1425 1119 arbitrium

33 1129 77 1164 ad
94 1128 296 1165 voluntatem
314 1139 322 1161 :
339 1126 392 1162 sed
405 1127 522 1162 eadem
534 1127 579 1162 est
591 1127 726 1163 facultas
737 1140 805 1175 quae
817 1126 972 1176 intelligit
983 1129 1234 1164 &ratiocinatur
1250 1145 1259 1165 ‚·
1281 1143 1359 1179 ergo
1373 1144 1427 1166 ea-

34 1178 112 1214 dem
130 1176 265 1213 facultas
288 1176 359 1214 vult
375 1181 410 1214 δε
427 1176 518 1225 eligit
535 1206 546 1222 ,
568 1176 627 1212 -seu
646 1176 749 1212 libera
771 1177 839 1222 est;
863 1188 964 1225 atque
987 1176 1071 1212 adeo
1086 1175 1220 1213 libertas
1238 1179 1285 1213 est
1311 1182 1344 1217 in
1359 1180 1425 1217 sola

34 1227 216 1264 voluntate.

76 1276 347 1323 Respondeo,›nos
360 1287 420 1310 nec
431 1278 614 1313 ratiocinari
629 1306 637 1320 ‚
661 1274 915 1312 autconcludere
924 1273 987 1311 fine
1005 1276 1175 1313 voluntate
1190 1295 1199 1323 3
1216 1290 1276 1313 nec
1294 1281 1416 1330 eligere

31 1336 90 1360 aut
107 1325 210 1360 libere
220 1323 344 1372 aliquid
362 1324 469 1359 facere
483 1327 560 1360 citra
570 1327 726 1374 judicium
747 1324 935 1362 intellectr'is
955 1337 963 1359 ε
984 1323 1069 1360 secus
1082 1355 1093 1371 ,
1113 1339 1180 1363 non
1200 1339 1235 1363 ut
1256 1327 1403 1367 homines
1415 1349 1425 1363 »

31 1372 86 1410 sed
107 1385 143 1409 ut
152 1375 240 1422 pueri
252 1385 309 1408 aut
326 1385 435 1408 mente
450 1377 536 1421 capti
550 1377 685 1424 agimus.
1416 1399 1426 1415 ‚

69 1422 202 1466 Instant.
221 1424 254 1456 Si
268 1421 422 1470 judicium
436 1424 569 1457 rationis
589 1424 728 1460 liberum
743 1424 805 1467 est,
822 1435 992 1472 peccatum
1009 1421 1070 1458 esse
1083 1428 1205 1472 poterit
1216 1456 1226 1470 ‚
1247 1439 1424 1476 antequam

31 1469 70 1506 fit
80 1469 298 1505 voluntarium
311 1496 321 1511 ‚
342 1475 376 1506 δέ
389 1469 575 1517 priusquam
597 1473 773 1507 voluntatis
789 1484 884 1506 nutus
910 1471 1081 1506 accesserit.

68 1519 154 1567 Resp.
174 1519 214 1551 N
217 1531 263 1566 eg.
273 1519 508 1567 ant-Judicium
517 1522 640 1570 quippe
655 1520 780 1557 nullum
795 1518 832 1555 fit
845 1522 925 1556 citra
934 1519 1108 1557 voluntatis
1121 1521 1303 1571 imperium,
1315 1535 1349 1561 ut
1359 1531 1425 1576 jam

29 1566 114 1616 saepe
139 1567 286 1602 diximus.

554 1619 706 1655 Secunda
719 1621 747 1653 C
749 1618 890 1665 onclnfio.

62 1715 217 1752 ‘Libertas
241 1715 388 1751 *humana
413 1727 452 1751 ex
478 1727 589 1751 natura
617 1716 750 1766 spiritali
775 1718 898 1759 animi,
926 1721 960 1754 δι
977 1717 1139 1764 utriusque
1159 1717 1346 1764 facultatis,
1372 1723 1424 1756 in-

31 1765 181 1801 tellectus
202 1764 354 1802 videlicet
375 1770 410 1802 &
432 1764 607 1801 voluntatis
627 1765 841 1814 amplitudine
857 1795 866 1810 ‚
908 1778 945 1801 ut
972 1778 1011 1801 ex
1036 1766 1131 1802 fonte
1160 1779 1215 1803 aut
1238 1770 1345 1804 radice
1371 1769 1424 1804 sua

29 1826 144 1851 oritur.

64 1863 158 1901 Proh.
171 1861 258 1897 fimul
273 1868 307 1900 &
320 1863 495 1911 explicatur
508 1862 668 1899 conclusio
686 1875 729 1899 ex
751 1866 840 1899 Divo
855 1863 987 1899 Thoma
999 1895 1009 1908 ,
1033 1867 1088 1913 qui
1112 1864 1226 1912 triplex
1245 1866 1422 1902 formarum

28 1924 128 1960 genus
142 1923 218 1961 apte
236 1912 411 1960 distinguit.
445 1915 586 1949 Primum
599 1924 651 1946 eas
668 1912 894 1961 complectirur
906 1941 916 1954 ,
938 1925 1009 1960 quae
1021 1916 1147 1962 penitus
1162 1913 1232 1949 sunt
1244 1917 1423 1950 irrmateria

28 1961 178 1996 demersae
196 1990 206 2004 ,
218 1973 356 2009 quaeque
375 1960 620 1997 inclinationem
630 1961 772 2005 habent,
787 1966 805 2005 (
817 1960 838 1997 fi
853 1974 914 2010 qua
928 1963 1009 1998 iniis
1027 1963 1075 1998 est
1094 1962 1286 2006 inclinatio)
1308 1964 1424 1999 admo-
1469 2004 1474 2014 ⁸

30 2008 109 2044 dum
129 2009 299 2044 limitatam
315 2039 325 2052 ,
346 2015 380 2046 &
394 2011 531 2046 naturali
546 2012 702 2046 duntaxat
719 2012 869 2059 appetitu
879 2010 969 2047 velut
979 2012 1122 2061 pondere
1132 2011 1278 2047 feruntur
1293 2028 1300 2048 ‚·
1316 2024 1423 2060 neque

28 2059 64 2092 in
81 2059 118 2092 iis
133 2057 233 2093 ullum
245 2060 288 2093 est
301 2059 437 2094 dominii
448 2071 503 2095 aut
514 2059 671 2095 libertatis
690 2062 860 2109 vestigium
872 2076 879 2096 :
889 2072 925 2095 ut
936 2063 969 2096 in
981 2061 1148 2096 elementis
1161 2090 1169 2104 ,
1189 2061 1306 2109 plantis
1319 2091 1330 2106 ,
1342 2067 1376 2100 δι
1388 2064 1423 2096 iis

31 2117 101 2153 quse
119 2109 224 2143 omnis
235 2106 305 2142 sunt
323 2110 519 2156 cognitionis
538 2112 684 2158 expertia
701 2138 712 2153 ‚
732 2110 846 2144 videre
859 2110 918 2146 est.

68 2155 145 2189 Aliae
159 2155 230 2191 sunt
251 2155 362 2191 formae
380 2170 446 2193 non
468 2159 549 2192 adeo
567 2160 709 2192 materiae
729 2158 882 2195 immersae
897 2187 907 2203 ,
937 2172 1072 2207 quaeque
1093 2171 1129 2194 ut
1148 2162 1344 2209 cognitionis
1358 2189 1368 2203 ,
1386 2159 1425 2195 fic

33 2203 141 2237 morsis
161 2204 325 2253 spontanei
346 2208 502 2255 principia
520 2207 598 2242 sunt·
621 2208 711 2242 Hinc
722 2209 842 2257 judicio
859 2209 1003 2255 quodam
1018 2238 1027 2251 ,
1050 2211 1197 2255 quamvis
1212 2222 1278 2244 non
1294 2209 1398 2244 libero
1413 2238 1423 2251 ,

34 2250 87 2285 sed
103 2253 236 2287 naturali
252 2253 396 2289 feruntur
410 2269 417 2290 :
434 2268 468 2290 ut
486 2259 519 2291 in
531 2255 643 2290 bestiis
658 2260 834 2300 cernimus,
857 2260 890 2292 in
913 2256 1031 2305 quibus
1056 2258 1202 2303 quaedam
1225 2258 1270 2292 est
1284 2257 1373 2293 velut
1387 2258 1425 2292 li-

34 2299 167 2334 bertatis
187 2299 310 2337 umbra.
333 2302 458 2339 Verum
476 2317 509 2340 ut
520 2318 628 2340 carum
637 2308 779 2353 cognitio
796 2306 925 2356 angusta
941 2305 987 2341 est
1001 2306 1175 2341 admodum
1188 2335 1199 2350 ,
1219 2305 1300 2343 sicin
1318 2310 1355 2341 iis
1368 2320 1423 2356 ap-

37 2350 159 2395 petitus
170 2362 235 2384 non
244 2348 375 2398 seipsum
389 2356 470 2401 regit
481 2384 490 2398 ‚
512 2366 567 2389 aut
579 2356 784 2391 determinat.

1148 2406 1261 2453 Nnij
