1857 2745
347 158 426 193 ‚544
740 132 744 137 ⁸
803 136 1309 173 MET'APHYSICffi

395 197 514 227 Contra
526 217 534 232 ,
549 189 674 224 nullum
687 184 880 222 attributum
894 185 997 234 potest
1012 188 1187 220 convenire
1207 188 1267 220 toti
1277 185 1452 221 colleffivo
1464 214 1474 229 ,
1491 189 1581 234 quo'd
1595 200 1663 224 ‘nec
1683 188 1745 227 ΤΠ-ις

358 242 441 292 gulis
455 268 466 282 ,
485 250 546 274 nec
558 237 630 271 ullis
645 237 738 283 hujus
752 236 853 270 totius
866 233 1009 282 partibus
1027 235 1184 269 convenit
1199 262 1210 277 ,
1232 233 1288 269 nisi
1300 234 1386 268 forte
1396 235 1436 268 de
1461 236 1526 283 ipsa
1539 237 1742 283 collefflone,

359 291 412 325 leu
439 285 601 321 totalitate
629 295 742 334 agatur
767 297 776 318 ε
806 281 859 317 sed
876 281 937 317 effe
964 281 1109 317 absolute
1126 281 1334 318 neceisarium
1348 311 1358 325 ,
1377 283 1476 327 nulli,
1488 296 1524 319 ut
1541 285 1677 329 volunt,
1696 292 1744 322 rei

358 337 517 384 competit
532 363 541 377 ,
559 346 666 382 neque
685 333 728 368 est
743 330 877 380 ipsamet
892 330 1052 366 collectio.
1078 333 1161 380 Ergo
1175 330 1195 365 fi
1205 345 1318 366 omnes
1334 343 1486 366 creaturae
1502 332 1636 370 seorsum
1664 334 1746 371 sum-

359 398 424 436 ptae
433 385 503 420 sunt
521 385 747 433 contingentes
758 410 768 426 ,
785 379 852 430 ipsa
866 379 1018 416 colleffio
1029 393 1095 415 nou
1112 383 1172 415 erit
1186 379 1331 415 absolute
1345 379 1532 426 neceffaria,
1549 382 1603 418 sed
1618 386 1746 419 contin-

363 448 453 485 gens,
753 465 757 468 .

396 484 461 519 Sed
473 513 483 527 ‚
501 484 651 530 inquiunt
662 483 716 524 ‚in
731 479 796 528 ipsa
811 477 991 516 Aristotelis
1001 477 1171 526 hypothesi
1185 478 1228 513 de
1242 479 1353 513 mundi
1366 483 1548 516 aeternitate
1560 484 1680 529 primus
1698 482 1747 516 ef-

362 535 468 569 fenus
486 531 694 566 demonstrati
707 542 774 565 non
790 528 892 578 poffet
903 556 913 571 ,
930 539 1040 574 neque
1053 528 1137 562 adeo
1149 530 1251 576 prima
1262 531 1408 563 omnium
1429 530 1517 565 causa
1532 558 1542 573 ‚
1564 543 1635 565 cum
1657 531 1691 564 in
1701 528 1749 565 se-

362 586 410 619 rie
431 580 558 616 infinita
584 578 708 615 nullum
719 577 755 613 fit
764 580 924 627 primum;
948 588 1084 623 tumque
1099 576 1226 612 daretur
1244 575 1417 625 ptooress‘us
1427 580 1460 613 in
1474 578 1647 615 infinitum.

398 634 519 665 Contra
532 640 547 673 ·‚
572 629 652 664 hanc
668 626 872 676 hypothesim
887 624 948 661 effe
970 623 1199 673 impossibilem
1216 630 1281 675 jam
1296 607 1386 674 ὥρη
1406 627 1623 671 ostendimu5‚
1646 639 1749 675 eaque

363 680 456 723 data,
468 692 535 714 non
545 675 688 712 concessa
703 680 737 711 in
751 676 829 711 serie
847 674 1009 711 causarum
1026 686 1095 721 quae
1107 676 1250 709 univoca:
1268 676 1417 710 dicuntur
1432 705 1442 719 ‚
1458 676 1534 710 illud
1546 675 1669 724 semper
1679 680 1759 712 ma-'

363 740 455 764 neret
468 723 701 768 inconcussum,
718 727 754 760 in
766 724 862 760 caufis
887 725 1059 771 aequivocis
1074 723 1225 771 progredi
1241 725 1275 759 in
1286 722 1449 759 infinitum
1458 738 1525 760 non
1541 725 1649 761 licere.
1658 728 1748 762 Nam

364 790 399 812 ut
420 775 521 813 nullus
542 773 579 809 fit
591 776 711 822 primus
729 774 830 809 homo
842 803 852 818 ‚
865 776 923 820 qui
945 772 1022 807 alios
1043 775 1189 820 genuerit
1201 801 1210 815 ‚
1228 771 1351 820 semper
1364 775 1425 807 erit
1436 777 1539 821 prima
1551 774 1639 808 causti
1651 776 1750 822 aequi..

365 838 446 864 voca
463 854 472 868 ‚
486 826 638 859 nimirum
652 826 741 858 Deus
755 835 850 859 :nam
865 820 963 857 causae
979 823 1127 856 univocae
1142 833 1200 869 per
1213 822 1359 855 accidens
1375 821 1432 856 sibi
1447 825 1586 857 invicem
1597 822 1666 857 sunt
1676 822 1749 857 sub-

362 876 455 922 jestae
473 904 482 917 ‚
505 879 538 913 ὅτ,
553 872 744 921 posteriores
767 883 867 919 agunt
884 870 1143 918 independenter
1165 870 1185 903 iz
1203 871 1325 917 primis.
1349 871 1413 904 Sed
1435 873 1468 905 in
1487 871 1564 906 serie
1587 870 1749 906 causarum

361 937 432 971 quae
448 925 620 970 aequivocae
635 921 982 968 dicuntur‚postetiotes
994 918 1066 953 sunt
1079 917 1168 953 velut
1181 918 1391 953 instrumenta
1401 931 1491 965 ,quae
1503 932 1570 954 non
1586 932 1684 967 agunt
1698 923 1751 956 ni-

363 972 385 1008 si
402 984 491 1007 mota
507 972 527 1006 ἐι
545 969 717 1018 prioribus.
751 971 801 1004 Sic
825 972 934 1015 itaque
959 978 1096 1014 corpora
1110 966 1251 1000 coelestia
1271 966 1324 1000 vel
1351 965 1420 1001 sunt
1442 968 1461 1002 ἐι
1480 967 1580 1016 seipsis
1594 996 1605 1011 ,
1632 968 1686 1003 vel
1707 967 1750 1002 ab

364 1022 472 1068 aliqua
486 1019 577 1056 causa
590 1048 600 1062 ‚
616 1030 727 1066 neque
742 1017 793 1053 h'ic
805 1017 894 1053 locus
910 1015 971 1051 esse
992 1016 1095 1064 potest
1109 1014 1282 1063 progreffui
1302 1017 1334 1049 in
1350 1014 1513 1050 infinitum
1532 1030 1539 1051 :
1561 1014 1599 1050 fic
1617 1017 1751 1052 confor-

366 1072 467 1105 matio
480 1071 616 1117 partium
629 1070 661 1102 in
675 1067 792 1115 plantis
811 1072 845 1104 &
856 1064 1074 1101 animantibus
1085 1092 1094 1102 ‚
1105 1064 1234 1098 aliunde
1250 1066 1324 1098 oriri
1338 1077 1405 1099 nou
1417 1065 1524 1113 potest
1539 1077 1637 1112 quam
1650 1065 1670 1101 ὲ.
1681 1077 1754 1101 cau-

366 1119 396 1153 sa
409 1120 594 1165 aeqiiivoca,
619 1122 652 1152 &
667 1117 811 1164 suprema
831 1114 1057 1162 intelligentia.

417 1171 540 1200 Verum
552 1194 561 1208 ‚
572 1167 698 1210 inquies
711 1193 719 1207 ‚
734 1178 800 1199 non
817 1163 975 1211 possumus
998 1162 1176 1208 supponere
1185 1165 1296 1198 omnia
1310 1163 1532 1211 contingentia
1549 1176 1616 1199 non
1631 1163 1750 1198 existe·

369 1228 403 1249 re
415 1230 421 1250 :
433 1218 480 1249 uti
493 1213 670 1261 supponere
691 1225 758 1247 non
768 1213 842 1246 licet
856 1213 967 1245 omnia
981 1210 1138 1256 possibilia
1152 1212 1296 1245 existere.

408 1267 538 1298 Contra.
564 1265 676 1309 Longe
693 1260 796 1308 dispar
812 1261 854 1294 est
867 1261 961 1294 ratio.
991 1261 1079 1294 Nam
1096 1261 1205 1292 omnia
1221 1258 1379 1306 poffibilia
1393 1259 1461 1302 sunt
1476 1259 1603 1295 infinita
1620 1259 1754 1307 potesta-

370 1326 402 1348 te
418 1327 424 1348 :
440 1312 525 1346 unde
543 1313 651 1345 omnia
662 1309 752 1345 simul
773 1308 850 1345 sumi
865 1319 1032 1355 nequeunt
1042 1335 1051 1350 ,
1062 1318 1118 1341 aut
1133 1309 1166 1342 in
1181 1310 1288 1343 astum
1309 1309 1426 1343 reduci.
1455 1309 1517 1343 Sed
1531 1310 1753 1356 contingentia
1769 1331 1773 1334 «

369 1362 447 1396 licet
458 1360 543 1394 forte
557 1359 615 1393 sint
633 1358 906 1401 infinita‚,tamen
923 1367 957 1390 ut
971 1355 1039 1391 sunt
1056 1358 1130 1390 astu
1141 1384 1151 1399 ‚
1169 1359 1378 1403 accipiuntur.
1415 1360 1526 1405 Qate
1539 1359 1648 1392 omnia
1666 1355 1753 1391 simul

371 1409 449 1448 sumi
466 1406 592 1455 possunt
603 1436 611 1449 ,
630 1420 665 1440 ur
676 1405 765 1442 fimul
777 1406 929 1446 existunt.

407 1474 432 1495 2.
454 1461 498 1492 Ex
515 1455 612 1490 causae
635 1454 828 1502 exemplaris
852 1454 1040 1487 conditione
1056 1455 1118 1488 Dei
1134 1453 1301 1488 existentia
1325 1453 1388 1487 hoc
1404 1453 1526 1501 vulgari
1545 1482 1554 1496 ‚
1576 1453 1630 1488 sed
1646 1453 1754 1488 valido

373 1506 584 1542 demonstrari
606 1503 685 1539 solet
698 1514 898 1551 argumento.
911 1502 964 1537 Est
981 1501 1088 1548 aliqua
1106 1502 1315 1550 exemplariS,
1328 1507 1362 1537 ὅ(
1385 1502 1476 1536 velut
1489 1502 1665 1551 archetypa
1680 1515 1756 1536 cau-

374 1555 405 1591 sa.
421 1585 430 1599 ‚
448 1566 518 1602 quae
532 1566 581 1587 res
600 1565 713 1587 omnes
735 1552 776 1585 ad
790 1563 913 1587 certum
922 1563 1089 1586 numerum
1106 1580 1115 1593 ‚
1130 1550 1310 1599 &speciem
1332 1551 1543 1586 determinet:
1563 1549 1613 1586 sed
1625 1563 1662 1585 ea
1681 1563 1756 1585 cau-

375 1605 407 1640 sa
431 1604 493 1638 alia
514 1616 581 1637 non
609 1599 787 1649 potest‘ess‘e
805 1612 905 1648 quam
920 1598 1055 1647 idipsum
1079 1600 1169 1652 quod
1199 1602 1264 1635 Dei
1294 1602 1426 1635 nomine
1440 1599 1678 1648 intelligimus:
1701 1610 1756 1633 cut

375 1655 463 1693 enim
476 1663 579 1686 certus
594 1649 629 1685 sit
648 1649 809 1684 stellarum
822 1661 972 1685 numerus
989 1677 999 1691 ,
1017 1661 1069 1683 cur
1087 1649 1132 1683 iol
1145 1661 1224 1683 unus
1235 1678 1244 1692 ,
1261 1661 1322 1683 una
1338 1659 1419 1683 tetra
1432 1677 1443 1692 ,
1468 1661 1545 1683 unus
1566 1650 1649 1683 adeo
1662 1661 1757 1682 mun-

377 1703 431 1736 dus
444 1731 453 1744 ‚
472 1713 509 1735 ex
524 1699 588 1735 sola
604 1701 669 1734 Dei
685 1698 853 1740 voluntate
865 1704 900 1734 &
922 1698 1074 1740 sapientia
1097 1699 1128 1732 id
1147 1696 1273 1733 definiri
1287 1697 1402 1746 potest.
1420 1699 1500 1733 Non
1517 1700 1605 1732 enim
1623 1710 1671 1731 res
1685 1709 1758 1732 om-

377 1763 432 1785 nes
447 1762 485 1784 ex
501 1748 531 1784 se
547 1750 772 1797 contingentes
789 1776 798 1789 ‚
816 1752 850 1784 &
869 1746 1089 1782 indifferentes
1107 1747 1146 1780 ad
1166 1746 1250 1782 hunc
1268 1749 1377 1795 petius
1391 1775 1400 1787 ‚
1414 1759 1511 1792 quam
1529 1747 1569 1780 ad
1584 1746 1682 1780 alium
1698 1758 1757 1780 nu-

378 1811 502 1833 metum
514 1827 524 1841 ,
540 1809 595 1831 aut
613 1797 869 1845 magnitudinem
886 1796 906 1830 ἐι
919 1793 1020 1842 seipsis
1033 1823 1041 1837 ,
1056 1794 1108 1829 vel
1127 1795 1146 1831 :a
1164 1797 1291 1844 propria
1305 1794 1454 1842 cujusque
1468 1806 1581 1829 natura
1602 1795 1760 1829 determi-

378 1849 447 1883 nari
462 1858 598 1894 queunt.
615 1848 697 1881 Non
714 1845 822 1880 itemb.
833 1843 926 1885 casu,
936 1855 992 1878 aut
1007 1843 1136 1878 fortuna
1147 1872 1156 1886 ‚
1171 1856 1206 1878 ut
1219 1843 1324 1879 multis
1336 1845 1534 1891 argumentis
1543 1849 1607 1891 jam
1621 1844 1758 1877 demon-

377 1898 508 1931 stratum
519 1895 561 1929 est
574 1906 581 1927 ε
595 1907 665 1942 qua:
681 1896 769 1928 enim
782 1892 850 1928 sunt
873 1893 1011 1928 fortuita
1024 1921 1033 1935 ,
1048 1905 1120 1927 raro
1140 1894 1307 1935 accidunt,
1330 1904 1391 1927 nec
1405 1891 1529 1939 semper
1550 1891 1666 1924 eodem
1684 1903 1758 1924 mo-

378 1947 421 1980 do
433 1947 635 1992 contingunt.
652 1943 800 1977 Siderum
812 1953 920 1977 autem
938 1940 1161 1977 converliones
1171 1970 1179 1985 ,
1201 1940 1387 1976 animalium
1400 1952 1489 1974 ortus
1503 1967 1511 1977 ‚
1529 1942 1666 1987 partium
1677 1951 1757 1973 con.-

381 1994 550 2036 fommtio,
568 1997 601 2028 &
622 1991 780 2039 quidquid
796 1993 828 2026 in
843 2002 953 2026 natura
966 1992 1123 2024 cernimus
1135 2019 1144 2032 ,
1161 2003 1249 2025 certa
1267 1989 1303 2025 fit
1322 1995 1353 2025 &
1371 1990 1524 2023 constanti
1540 1989 1664 2021 ratione
1679 2015 1687 2028 ‚
1698 1999 1758 2022 ne..

379 2055 443 2089 que
454 2042 535 2076 ullus
546 2041 593 2074 est
608 2040 741 2074 fortuna:
761 2039 847 2080 locus
860 2053 867 2074 :
884 2042 966 2086 Ergo
984 2051 1050 2073 non
1070 2038 1154 2072 aliud
1168 2038 1263 2074 nobis
1276 2038 1468 2083 relinquitur
1479 2065 1488 2079 ,
1501 2048 1597 2083 quam
1607 2047 1640 2070 ut
1650 2035 1670 2071 ἐι
1679 2039 1758 2072 Deo

381 2102 535 2138 tanquam
552 2088 594 2122 ab
613 2087 789 2135 exemplari
808 2086 895 2122 causa
906 2086 966 2123 suis
981 2089 1122 2121 numetis
1136 2086 1267 2121 definita
1280 2083 1341 2121 effe
1360 2084 1526 2119 fateamur.
1573 2096 1577 2099 ’

430 2139 560 2174 Addunt
580 2136 735 2171 Platonici
749 2139 856 2174 Deum
865 2147 899 2171 ut
910 2134 1129 2182 exemplarem
1151 2135 1273 2169 causam
1290 2130 1350 2169 effe
1376 2136 1478 2168 omnis
1496 2137 1640 2168 veritatis
1653 2139 1685 2170 &
1700 2146 1757 2168 co-

380 2190 532 2233 gnitionis
550 2186 689 2221 fontem.
714 2187 822 2231 Atque
838 2196 878 2219 ex
900 2184 966 2218 hoc
985 2196 1117 2230 quoque
1135 2186 1291 2232 principio
1316 2185 1380 2218 Dei
1399 2183 1596 2217 existentiam
1619 2181 1757 2230 probare

381 2230 601 2278 Zontendunt,
618 2233 676 2268 hac
688 2233 881 2281 potiffimum
899 2235 1024 2267 ratione
1038 2231 1160 2267 subnixi
1176 2261 1184 2271 ,
1201 2245 1299 2280 quam
1326 2230 1406 2265 alibi
1425 2231 1604 2265 identidem
1623 2234 1758 2279 attingi-

384 2298 463 2319 mus.
488 2284 588 2330 Qiod
602 2294 636 2317 ut
659 2281 780 2317 sensum
800 2294 1004 2316 communem
1026 2283 1165 2316 externis
1195 2281 1386 2329 superiorem
1410 2307 1419 2320 ,
1442 2282 1560 2326 quique
1584 2281 1622 2314 de
1648 2282 1682 2313 iis
1703 2285 1756 2326 ju-

387 2334 473 2368 dicet
487 2363 495 2376 ,
510 2334 713 2370 &rationem
739 2329 825 2366 sensu
845 2333 1008 2365 communi
1030 2331 1279 2378 praestantiorem
1303 2328 1523 2371 admittimus3
1548 2330 1591 2363 ita
1608 2327 1695 2375 supra
1708 2339 1758 2361 ra-

381 2384 509 2420 ,tionem
522 2411 531 2425 ,
550 2392 604 2415 :tut
626 2392 771 2416 mentem
802 2380 939 2421 nostram
961 2379 1084 2427 tegulas
1110 2377 1260 2426 quasdam
1277 2375 1492 2413 immutabiles
1505 2406 1514 2421 ,
1535 2383 1567 2414 &
1586 2379 1756 2412 veritatem
