1857 2745
551 143 1041 181 PARSSECUNDA.
1413 150 1459 188 ¹83

71 197 163 235 Deus
181 194 290 231 videat
303 191 375 228 fore
391 203 428 229 ut
438 191 597 231 *voluntas
612 195 647 229 in
657 192 780 229 malum
793 194 902 229 aetum
915 221 926 237 ,
949 201 1036 243 cujus
1046 196 1172 243 generis
1183 194 1230 229 est
1242 194 1457 237 mendacium,

53 244 132 282 ssese
144 243 299 280 inflectat.

3 333 5 338 λ
95 296 210 341 ltaque
233 290 400 339 objefitum
419 289 642 340 propositionis
658 292 698 326 de
712 292 822 327 futuro
836 293 1042 341 contingenti
1056 297 1121 340 jam
1139 291 1182 326 est
1205 291 1455 326 determinatum

58 354 127 392 >pto
140 353 289 391 tempore
302 340 430 383 futuro·,
445 343 478 375 in
495 341 525 376 se
538 370 546 383 ‚
564 343 699 388 inquam
710 371 720 385 ‚
744 342 785 376 est
798 342 1050 377 determinatum
1070 346 1104 378 ὃ(
1120 340 1254 375 relative
1276 340 1317 374 ad
1336 340 1454 375 volun-

66 402 168 427 tatem
185 402 325 426 creatam
345 418 354 433 ‚
376 402 448 437 quae
461 401 574 424 revera
587 388 649 425 sese
666 392 708 425 est
728 391 989 425 determinatum.
1018 392 1142 437 Neque
1169 401 1206 423 ea
1226 389 1454 424 determinatio

66 445 131 487 ejus
144 439 286 476 libertati
299 437 409 475 obest:
428 452 504 474 narii
522 438 653 488 seipsam
667 439 769 474 libere
785 438 1028 475 determinabit.
1044 437 1169 475 Verum
1186 438 1238 476 ista
1258 439 1291 472 in
1307 437 1453 473 Theolo-

63 492 125 538 giae
136 489 227 537 ipsius
241 487 350 523 abdita
370 493 403 524 &
419 486 572 523 inaccessa
588 487 658 522 loca
671 487 799 537 longius
816 501 874 524 nos
892 488 1046 524 evehunt-

101 540 199 574 Nunc
220 538 259 572 ad
275 550 312 572 ea
330 549 401 584 quae
416 540 516 585 magis
538 536 608 573 sunt
622 539 750 586 Logicae
769 540 897 586 propria
915 537 1112 572 veniendum
1125 564 1134 580 ‚
1157 548 1193 571 ac
1208 536 1342 572 subinde
1356 535 1450 571 nobis

63 585 144 622 illud
155 588 281 623 videtur
295 585 524 622 discutiendum
536 616 546 630 ,
567 599 608 622 an
631 588 735 621 omnis
749 585 923 635 propositio
937 584 972 621 sit
987 597 1062 622 vera
1076 585 1128 622 vel
1151 584 1237 622 falsa.

494 682 1017 721 ARTICULUSIH.

364 780 491 814 ‘Utrum
512 782 611 814 omnis
628 780 795 828 propofitio
809 780 854 826 fit
872 792 951 815 vera
977 781 1138 828 autfalsiz.

63 876 274 964 OMnem
285 875 538 924 propositionem
563 889 675 912 veram
696 876 757 912 effe
779 890 834 913 aut
850 876 961 913 falsam
975 907 984 921 ,
999 890 1038 912 ex
1054 880 1092 911 iis
1109 890 1181 925 quae
1200 875 1339 927 probata
1355 873 1425 909 sunt
1438 899 1446 910 ,

159 924 254 960 facile
269 924 438 973 colligitur.
458 929 546 962 Nam
560 927 674 960 veritas
689 925 913 974 propositionis
928 926 1009 961 nihil
1024 927 1110 961 aliud
1129 927 1176 961 est
1199 927 1298 974 quarn
1324 934 1447 958 conve-

60 976 183 1010 nientia
198 976 282 1009 inter
299 973 551 1022 propositionem
567 979 600 1010 &
616 984 685 1009 rem
700 974 920 1023 significatam.
936 975 998 1009 Sed
1014 977 1119 1011 omnis
1133 973 1306 1024 propositio
1323 970 1446 1019 aliquid

61 1025 229 1066 enunciat,
250 1023 339 1069 quod
359 1026 403 1057 rei
425 1024 598 1065 convenit,
630 1034 764 1070 rumque
785 1024 829 1058 est
846 1036 923 1058 vera
945 1040 954 1065 3
977 1036 1031 1058 aut
1045 1024 1132 1070 quod
1150 1027 1196 1058 rei
1221 1037 1287 1058 nori
1302 1021 1350 1056 est
1371 1032 1449 1054 coii-

59 1070 167 1106 forme
183 1098 193 1113 ‚
215 1082 350 1118 tumque
368 1072 409 1105 est
421 1071 506 1106 falsa.
532 1074 613 1118 Ergo
627 1073 730 1105 omnis
751 1071 928 1118 propositio
945 1084 1020 1105 vera
1035 1072 1079 1106 est
1096 1099 1105 1113 ‚
1125 1083 1180 1106 aut
1199 1071 1288 1107 falfii.

98 1118 325 1164 Con-firmatur.
347 1121 380 1154 Si
396 1133 468 1166 quae
492 1118 551 1154 sint
567 1118 800 1167 propositiones
814 1132 874 1154 nec
885 1131 970 1154 verae
983 1132 1042 1154 nec
1054 1118 1136 1154 falsae
1150 1149 1160 1163 ‚
1187 1119 1250 1154 illae
1270 1129 1364 1154 erunt
1387 1130 1447 1165 po-

0 1161 2 1172 ’
55 1166 219 1203 ‘tissimum
228 1180 298 1216 quae
317 1169 357 1203 de
371 1168 466 1204 rebus
486 1167 598 1203 futuris
619 1173 653 1204 &
671 1167 935 1217 contingentibus
956 1168 1148 1204 formantur.
1180 1169 1243 1204 Sed
1259 1173 1325 1216 jam
1341 1166 1448 1201 osten-

59 1216 126 1252 sum
139 1217 185 1251 est
201 1229 252 1253 eas
271 1214 332 1251 effe
343 1229 433 1252 vetas
455 1228 509 1252 aut
526 1216 615 1252 falsas
636 1230 643 1252 :
667 1229 749 1252 verae
764 1220 850 1252 enim
869 1218 938 1252 sunt
949 1229 1020 1265 quae
1031 1216 1193 1253 affirmant
1207 1218 1293 1266 quod
1312 1216 1354 1250 est
1365 1244 1375 1258 ‚
1391 1225 1448 1249 aut

59 1266 148 1313 quod
170 1266 231 1301 fuit
248 1294 258 1309 ,
290 1277 346 1300 aut
361 1267 450 1314 quod
470 1266 612 1301 futurum
630 1267 673 1300 est
699 1280 707 1302 :
737 1265 820 1302 secus
839 1266 931 1303 falsae.
950 1270 1033 1316 Ergo
1050 1265 1225 1316 propositio
1245 1267 1349 1302 omnis
1372 1276 1444 1311 quae

58 1314 180 1363 aliquid
200 1313 372 1364 fignificat,
395 1328 472 1352 vera
492 1316 534 1350 est
554 1327 609 1350 aut
621 1313 709 1351 falsa.

553 1414 734 1448 Solvuntur
749 1411 942 1458 objciliones.

93 1507 180 1555 Opp.
198 1513 227 1542 10
250 1510 308 1542 Eas
323 1507 553 1556 propositiones
568 1521 639 1553 quse
658 1509 804 1543 dicuntur
821 1510 969 1556 praeticae
985 1536 994 1550 ,
1017 1520 1089 1554 quae
1110 1508 1230 1543 scilicet
1251 1510 1283 1543 id
1300 1510 1446 1546 efficiunt

59 1556 148 1602 quod
158 1555 336 1604 significant
353 1585 362 1598 ‚
381 1556 556 1603 cujusmodi
573 1556 643 1590 sunt
660 1555 902 1590 sacramentales
914 1568 985 1598 ‚nec
997 1568 1087 1590 veras
1106 1556 1166 1591 else
1179 1569 1239 1591 nec
1252 1557 1362 1592 falsas:
1376 1572 1442 1594 non

60 1606 147 1639 enim
157 1604 226 1639 sunt
242 1617 324 1640 verae
336 1634 346 1648 ‚
369 1607 441 1651 quia
462 1605 586 1640 nullum
601 1603 843 1652 praesupponunt
860 1603 1028 1650 objectum
1052 1617 1059 1639 :
1074 1617 1141 1639 non
1153 1607 1233 1641 item
1251 1605 1320 1642 sunt
1337 1606 1421 1642 falsae
1432 1638 1441 1651 ,

60 1655 137 1700 quia
150 1651 293 1688 efficiunt
306 1654 471 1702 objeetum
490 1653 587 1688 suuni.
610 1656 694 1701 Ergo
712 1654 818 1688 omnis
838 1651 1013 1700 propositio
1028 1665 1092 1688 non
1103 1654 1144 1688 est
1155 1666 1235 1688 *vera
1248 1683 1257 1698 ‚
1277 1667 1331 1690 aut
1354 1655 1442 1694 falsa.

105 1703 195 1747 Resp.
211 1704 250 1735 N
254 1715 298 1750 eg.
309 1702 452 1737 anteced.
464 1703 627 1749 Quamvis
643 1704 730 1736 enim
748 1702 833 1748 hujus
845 1703 970 1750 generis
989 1701 1217 1749 propositiones
1232 1717 1298 1738 noii
1308 1705 1443 1753 praefiip..

60 1762 184 1798 ponant
201 1749 289 1785 suum
297 1750 462 1800 objedtum
472 1781 480 1794 ,
496 1763 603 1786 tamen
618 1751 649 1785 id
662 1762 794 1798 ponunt,
807 1750 882 1787 &id
898 1748 1041 1784 efficiunt
1053 1751 1139 1797 quod
1148 1748 1443 1800 affirmant.1taque

60 1811 101 1833 eo
115 1801 268 1847 temporis
279 1811 449 1834 momento
463 1813 528 1846 quo
541 1799 653 1834 ultima
664 1798 785 1847 syllaba
796 1801 1024 1847 pronunciatur
1037 1828 1046 1841 ‚
1066 1801 1240 1835 veritatem
1258 1800 1342 1835 suam
1361 1814 1441 1837 con-

57 1845 231 1894 sequuntur
242 1877 252 1890 ‚
271 1853 303 1884 δε
317 1861 389 1883 cum
405 1860 438 1881 re
455 1847 625 1896 fignificata
642 1859 833 1895 congruunt.

93 1895 158 1932 Alii
169 1895 362 1945 respondent
379 1909 430 1930 eas
448 1895 682 1945 propositiones
695 1895 755 1931 effe
765 1898 904 1945 praffice
917 1901 951 1934 δε
964 1898 1130 1932 moraliter
1147 1909 1239 1932 veras
1255 1926 1266 1940 ‚
1293 1909 1359 1933 non
1374 1897 1442 1946 spe-

58 1943 219 1987 culmive,
241 1958 314 1980 cum
331 1948 452 1994 priores
466 1945 524 1981 sint
541 1945 600 1980 suis
621 1944 771 1994 objefflS.
800 1947 889 1980 Hinc
903 1945 1136 1994 propositiones
1152 1946 1392 1982 sacramentales
1410 1950 1442 1983 vi

57 1992 118 2027 suae
129 1991 380 2042 figiiificationi8‚
390 2008 454 2030 non
467 1997 499 2030 vi
514 1994 569 2030 suae
581 1997 723 2029 veritatis
739 1994 869 2031 effeetus
880 1993 949 2029 suos
962 2007 1132 2043 procreant
1143 2011 1150 2032 ε
1164 2009 1239 2030 nam
1252 1997 1287 2030 in
1299 1996 1334 2029 iis
1347 1995 1441 2045 signi⁴

59 2039 169 2077 ficatio
183 2045 268 2090 prior
280 2044 324 2077 est
334 2046 478 2079 veritate.
491 2046 569 2080 Haec
581 2046 703 2091 quippe
723 2043 937 2093 praesupponit
951 2043 1116 2093 objectum
1129 2075 1138 2089 ‚
1156 2043 1341 2093 significatio
1354 2045 1440 2082 facit.

58 2089 184 2126 Verum
199 2092 256 2126 ista
267 2090 410 2127 subtilius
422 2092 594 2128 discutiunt
604 2092 768 2139 Theologi
782 2108 790 2129 :
813 2092 907 2128 nobis
922 2092 994 2128 satis
1008 2093 1105 2129 fuerit
1118 2090 1286 2142 exposuilse
1303 2106 1366 2141 qua
1389 2107 1440 2128 ra-

61 2140 149 2177 tione
160 2139 221 2175 illae
233 2141 463 2189 propositiones
477 2142 536 2178 fint
549 2154 629 2177 verce
647 2141 811 2176 moraliter
832 2147 866 2179 &
884 2144 1028 2190 practice
1041 2172 1050 2185 ,
1068 2141 1192 2178 tametsi
1209 2143 1353 2177 nondum
1366 2142 1440 2178 'sunt

62 2197 144 2221 verae
167 2188 379 2237 speculative,
401 2203 558 2238 quatenus
577 2190 799 2238 speetanturut
816 2193 935 2238 priores
946 2191 1002 2227 suo
1015 2191 1143 2228 effectu.
1172 2193 1223 2226 Sic
1234 2190 1286 2224 illa
1300 2191 1440 2238 propoli·

63 2235 109 2268 tio
121 2263 131 2277 ‚
156 2239 220 2285 Ego
235 2248 265 2271 te
279 2237 396 2287 baptist
408 2269 417 2283 ‚
435 2252 511 2274 vera
526 2240 572 2274 est
587 2269 596 2282 ,
612 2251 647 2273 ut
659 2237 824 2285 objetstum
841 2239 930 2274 suum
948 2242 1057 2287 ponit,
1082 2254 1147 2276 non
1161 2251 1197 2274 ut
1215 2238 1293 2273 illud
1309 2236 1439 2289 praesup-

62 2285 155 2328 ponit
166 2299 173 2317 ;
186 2295 221 2318 ac
235 2286 357 2322 diverso
380 2288 522 2337 respeffitu
533 2290 618 2337 prior
629 2288 670 2322 est
686 2286 740 2321 suo
757 2286 889 2335 objecto
902 2294 934 2324 &
946 2289 1102 2336 posterior
1122 2303 1129 2324 :
1149 2289 1237 2335 prior
1251 2287 1295 2321 est
1312 2292 1436 2324 ratione

61 2331 296 2380 significationis
317 2353 326 2378 ·‚
341 2338 492 2384 posterior
508 2339 634 2372 ratione
644 2338 785 2370 veritatis
803 2348 899 2382 quam
917 2335 1017 2371 habet
1034 2337 1075 2372 ab
1095 2338 1232 2386 objecto.

54 2409 58 2414 .
101 2382 187 2430 Opp.
201 2395 233 2418 2¹²
245 2383 478 2431 Propositiones
498 2386 567 2422 illas
582 2416 592 2431 ,
622 2399 692 2435 quae
708 2383 843 2421 falsificae
866 2390 899 2424 δε
923 2384 1106 2423 insolubiles
1124 2387 1332 2424 nominantur
1345 2415 1356 2430 ,
1376 2397 1437 2421 nec
