1857 2745
465 123 877 163 TRACTATUS
909 120 1185 171 ,Terei-ms,
1500 138 1548 167 77

134 172 338 224 ,opposituru-
362 173 653 219 Quemadmodum
665 176 721 222 qui
742 176 775 209 in
794 171 940 211 tenebris
960 173 1024 217 est,
1042 179 1096 209 a'ut
1107 175 1163 221 qui
1182 172 1318 209 vinculis
1347 171 1390 207 est
1408 138 1542 209 confin-

144 226 216 261 &us
227 253 236 269 ‚
249 237 315 260 non
332 224 436 273 potest
453 224 560 273 legere
582 252 591 268 ‚
607 234 663 258 aut
675 221 851 259 ambulare.

190 288 213 320 3.
238 272 310 311 Ubi
330 286 431 309 unum
446 274 490 307 est
500 283 627 308 tantum
644 275 679 307 in
695 272 796 306 nostra
810 271 985 318 potestate,
1002 269 1051 304 ibi
1063 270 1149 305 nulla
1165 271 1211 304 est
1229 269 1347 305 eleffio
1365 282 1373 304 ε
1394 267 1445 302 sed
1461 267 1542 316 posi<

147 334 180 358 ta
191 323 528 371 praedeterminatione
540 334 640 356 unum
651 332 776 356 tantum
788 320 835 354 est
848 319 936 367 quod
950 330 1121 367 acceptare
1134 318 1284 367 poffimus
1300 332 1308 354 :
1329 316 1440 352 frustra
1455 319 1541 353 adeo

145 371 218 408 sunt
235 371 479 407 exhortationes
491 398 500 413 ‚
515 381 673 419 praecepta
684 399 695 413 ,
710 375 743 408 &
756 370 1032 404 comminationes
1047 381 1056 404 ε
1082 368 1115 401 id
1138 370 1227 403 enim
1249 367 1352 401 solum
1371 365 1468 401 nobis
1488 381 1539 402 re-

142 418 300 467 linquitur
310 419 496 455 faciendum
506 420 546 453 ad
555 420 647 466 quod
659 418 807 454 voluntas
821 418 1068 454 determinatur.
1088 417 1174 463 Qus
1192 419 1278 452 enim
1296 428 1362 450 non
1374 414 1468 463 poffit
1489 416 1536 451 se-

142 481 218 504 cum
229 470 262 504 id
279 471 469 517 cogitare,&
479 471 590 504 Deum
604 471 647 503 ita
661 466 877 516 compellare?
900 468 954 502 Tu
969 466 1049 502 mihi
1062 467 1203 514 praecipis
1224 476 1389 507 amorem,
1407 475 1439 498 tu
1455 477 1536 512 prae-

143 520 210 553 mia
221 520 345 554 amanti
359 517 520 565 polliceris
531 546 540 560 ‚
558 524 591 556 ὅ(
607 517 646 552 ad
656 518 854 552 contrarium
864 527 916 551 me
926 516 1122 551 determinas
1137 531 1146 558 3
1161 514 1332 561 quomodo
1343 513 1424 548 mihi
1443 514 1538 549 datur

142 569 236 615 optio
248 596 258 610 ,
272 578 329 602 aut
342 566 484 614 eligendi
502 566 653 615 potestas,
669 564 690 600 si
704 566 835 601 aliunde
850 577 928 600 meae
946 564 1107 601 voluntati
1122 563 1420 612 praedeterminatio
1443 574 1535 597 acce-

141 616 199 651 dat
217 626 227 652 Ξ
255 619 302 652 Eo
314 628 367 651 me
378 614 513 664 impelle
525 644 535 658 ,
546 627 601 651 aut
618 615 745 664 applica
758 626 847 661 ,quo
858 625 955 649 turne
977 614 1056 649 ferri
1068 614 1231 660 praecipis3
1255 624 1310 646 cur
1326 622 1438 659 poenas
1459 611 1533 646 sub-

140 676 212 698 eam
222 676 356 713 propter
366 664 564 701 electionem
575 677 645 712 quae
655 664 674 700 ὲ
684 676 736 699 me
745 676 811 707 non
825 663 966 710 pendet?
977 661 1107 699 Infinita
1120 673 1205 710 pene
1219 663 1252 696 in
1260 660 1344 695 hanc
1355 671 1424 706 regn
1437 660 1534 695 affer-

135 715 168 748 xi
195 712 323 762 poss'unt
339 713 458 761 quibus
476 712 625 757 efficitur,
640 712 786 749 libertati
797 713 908 748 nostrae
917 741 929 758 ‚
944 724 1000 749 aut
1011 709 1236 748 indifferentiae
1251 708 1335 745 male
1358 721 1431 744 cum
1450 721 1533 758 prae-

138 762 412 798 determinatione
433 765 622 799 convenire.

170 812 291 846 Melius
309 806 443 858 quidem
457 814 488 848 S.
497 812 644 848 Thomas
661 809 799 846 scribens
811 814 842 846 in
855 810 1048 859 Magistrum
1065 810 1172 858 quaest.
1183 822 1206 846 1.
1224 820 1272 844 att
1288 823 1312 846 1.
1327 806 1398 842 dist.
1410 819 1454 851 39.
1474 809 1529 855 lp-

127 863 170 907 fit
183 889 194 904 ‚
213 862 338 908 inquit,
352 864 499 908 potentia
520 861 701 895 voluntatis
713 888 722 899 ‚
743 872 900 907 quantum
920 863 952 894 in
958 861 996 904 [ὲ
1016 859 1055 904 est
1068 887 1078 902 ‚
1090 858 1270 905 indifferens
1302 857 1341 902 est
1362 856 1407 889 ad
1417 857 1527 903 plura.-

126 908 189 956 fid
202 910 289 956 quod
303 909 515 944 determinate
533 921 628 945 excat
640 912 673 945 in
687 909 878 945 humanum
895 908 949 944 vel
961 909 1053 943 illum
1068 936 1078 948 ,
1097 921 1158 942 non
1171 906 1212 953 est
1229 905 1270 942 ab
1287 907 1352 942 alio
1372 903 1522 939 determi-

130 969 254 998 nante,
263 958 322 1004 sed
335 957 453 1006 abipfiz
464 959 640 995 voluntate.

170 1005 383 1056 Respondete
397 1007 512 1051 solent,
529 1008 569 1042 ad
583 1009 746 1042 rationem
763 1006 924 1042 libertatis
947 1019 1015 1042 non
1032 1008 1153 1054 requiri
1171 1004 1362 1040 facultatem
1388 1005 1529 1053 agendi,

135 1067 193 1091 aut
207 1068 272 1092 non
281 1057 438 1104 agendiin
453 1056 543 1093 sensu
564 1055 744 1106 compofiro
755 1085 764 1099 ‚
776 1055 829 1090 sed
844 1055 974 1091 insensu
990 1053 1112 1090 diviso:
1130 1067 1229 1102 quam
1246 1053 1438 1088 facultatem
1450 1081 1460 1096 ,
1471 1065 1528 1088 aut

129 1104 389 1140 indifferentiam
408 1108 578 1153 ptaemotio
591 1104 718 1155 phyfica
737 1118 804 1140 non
825 1104 934 1148 tollit,
956 1103 1009 1138 sed
1023 1104 1214 1138 facultatem
1237 1103 1354 1146 agendi
1370 1130 1380 1145 ,
1405 1108 1439 1139 &
1461 1115 1527 1137 non

130 1155 250 1202 agendi
268 1156 302 1189 in
317 1152 406 1189 sensu
418 1154 614 1203 composito:
634 1155 717 1189 adeo
732 1165 767 1188 ut
779 1154 867 1188 astus
880 1166 923 1202 op
949 1151 1018 1187 ofiti
1030 1181 1040 1195 ,
1055 1142 1351 1200 praedetermffiatio
1361 1153 1526 1193 nimirum,

130 1208 168 1240 &
184 1205 270 1239 aetio
288 1202 333 1238 illi
350 1206 510 1247 contraria
525 1203 615 1239 simul
628 1202 689 1238 effe
703 1215 768 1238 non
780 1200 908 1250 poffint:
935 1202 972 1236 ed
985 1203 1133 1249 potentia
1152 1200 1192 1234 ad
1204 1197 1386 1248 oppositum
1404 1211 1526 1243 manet,

131 1264 344 1300 quaecumque
357 1251 434 1287 adsit
445 1253 756 1301 praedeterminatio.
797 1253 849 1286 Sic
861 1253 918 1298 qui
936 1250 1026 1285 sedet
1047 1277 1058 1293 ,
1077 1250 1157 1284 stare
1176 1262 1243 1284 non
1259 1248 1364 1297 potest
1387 1250 1421 1283 in
1437 1247 1526 1283 sensu

128 1300 334 1349 composito:
359 1300 412 1337 sed
424 1304 455 1337 ei
468 1313 579 1337 tamen
601 1313 714 1337 manet
728 1302 878 1349 potentia
897 1300 938 1334 ad
965 1299 1120 1334 standum.
1153 1298 1264 1342 Qre
1283 1295 1500 1332 indifferentia
1512 1325 1523 1340 ,

118 1352 298 1398 inquiunt,
309 1362 409 1396 quam
423 1349 554 1385 libertas
577 1352 680 1398 exigit
692 1377 701 1392 ,
719 1349 765 1383 est
782 1349 918 1394 quidem
940 1360 978 1381 ex
997 1358 1088 1394 parte
1109 1348 1198 1381 aetus
1218 1347 1335 1394 primi,
1360 1358 1426 1381 non
1442 1348 1522 1381 item

130 1410 171 1433 ex
184 1410 275 1446 parte
291 1400 381 1433 aetus
396 1397 534 1433 secundi.
550 1400 628 1432 Hoc
643 1399 754 1444 utique
765 1397 812 1430 est
826 1395 1066 1431 Thomistarum
1084 1393 1281 1443 perfugium.

164 1447 229 1482 Sed
248 1459 361 1482 contra
372 1449 480 1495 primo
491 1477 500 1491 ‚
517 1447 809 1495 praedeterminatio
825 1443 954 1493 physica
971 1443 1057 1479 tollit
1076 1445 1256 1492 potentiam
1273 1445 1457 1490 proximam
1479 1443 1521 1478 ad

129 1509 199 1531 non
214 1496 376 1544 agendum
391 1510 399 1531 ε
414 1496 577 1531 antecedit
591 1497 680 1530 enim
690 1496 799 1530 aerum
812 1493 987 1529 voluntatis
1002 1493 1115 1528 nostrae
1129 1519 1138 1530 ,
1156 1503 1255 1539 atque
1278 1492 1362 1525 adeo
1377 1495 1521 1539 pertinet

128 1545 169 1579 ad
187 1545 297 1579 actum
313 1546 454 1591 primum
467 1574 476 1587 ,
493 1557 559 1579 non
575 1545 614 1579 ad
625 1546 734 1580 actum
749 1541 922 1577 secundum
938 1554 1019 1585 3nec
1031 1552 1179 1576 remanet
1187 1538 1320 1575 facultas
1330 1541 1464 1587 agendi,
1486 1546 1520 1577 &

129 1605 198 1628 non
212 1593 330 1642 agendi
345 1595 380 1628 in
390 1592 478 1629 sensu
492 1592 596 1628 diviso
608 1592 730 1640 ,qualis
752 1592 792 1626 ad
811 1590 999 1626 libertatem
1021 1592 1193 1637 requiritur
1205 1617 1215 1631 ,
1232 1601 1302 1635 quae
1313 1587 1520 1633 simultatem,

128 1653 166 1676 ut
176 1644 266 1677 aiun't
278 1670 288 1684 ,
306 1645 523 1689 potentiarum
535 1644 646 1688 exigit,
663 1655 730 1678 non
742 1641 881 1676 astitum.
895 1643 1017 1686 Neque
1027 1641 1115 1674 enim
1128 1639 1186 1684 qui
1198 1637 1257 1671 stat
1268 1666 1278 1678 ,
1296 1635 1335 1671 fic
1346 1637 1451 1684 potest
1467 1638 1515 1673 se-

127 1690 205 1725 dere
220 1719 231 1734 ‚
245 1702 282 1725 ut
301 1691 390 1725 a&us
405 1689 567 1739 oppositos
586 1690 674 1726 simul
691 1694 886 1737 conjungat,
903 1688 954 1723 sed
976 1687 1074 1722 habet
1100 1685 1314 1721 nihilominus
1337 1689 1518 1732 potentiam

128 1742 310 1787 proximam
324 1745 357 1775 &
375 1741 558 1787 expeditam
581 1752 616 1774 ut
630 1739 749 1781 sedeat,
768 1750 833 1785 qua
844 1736 865 1770 si
874 1738 1072 1778 destituitur,
1083 1735 1186 1770 nullus
1201 1734 1246 1767 est
1260 1734 1395 1782 amplius
1415 1733 1516 1770 liber-

128 1789 187 1822 tati
206 1788 306 1824 locus.
327 1790 378 1824 Ut
395 1790 452 1835 qui
467 1788 602 1824 vinculis
616 1788 800 1823 constrictus
816 1787 906 1831 est‚&
923 1797 1012 1820 certo
1031 1784 1104 1820 loco
1122 1781 1237 1818 affixus
1254 1811 1264 1826 ‚
1282 1785 1307 1818 is
1331 1783 1371 1816 ad
1391 1795 1518 1820 curren-

126 1837 204 1871 dum
218 1836 299 1871 liber
309 1837 370 1872 dici
380 1849 447 1874 non
459 1838 580 1885 potest:
599 1837 689 1884 quod
701 1834 831 1871 vincula
841 1835 965 1870 fuerint
984 1832 1027 1868 ab
1041 1832 1219 1869 extrinseca
1236 1831 1324 1866 causa
1347 1831 1495 1879 imposita
1506 1860 1518 1876 ‚

125 1890 160 1924 &
180 1885 249 1921 haec
268 1885 357 1921 causti
373 1889 609 1921 connexionem
620 1883 740 1920 habeat
750 1882 955 1919 neceffariam
964 1895 1037 1918 cum
1046 1882 1177 1917 effectu.
1188 1883 1296 1928 Atque
1312 1880 1399 1914 idem
1408 1885 1518 1916 omni.

125 1946 169 1969 no
185 1934 225 1969 de
240 1934 368 1984 phyfica
378 1935 715 1982 praedeterininatione
731 1934 796 1967 dici
811 1932 916 1980 potest
929 1944 1020 1979 ‚quae
1033 1930 1220 1966 libertatem
1237 1929 1341 1972 tollit,
1355 1933 1517 1977 &poten-

127 1983 207 2018 tiam
217 1984 257 2019 ad
274 1984 437 2033 agendum
447 1984 651 2034 expeditam:
669 1995 743 2018 cum
753 1980 885 2017 aliunde
894 1982 1048 2017 adveniat
1057 1985 1092 2019 &
1109 1978 1263 2018 effectum
1272 1977 1360 2014 suum
1375 1977 1516 2014 necessa-

126 2043 176 2066 rio
191 2044 352 2079 procreet.

131 2081 221 2121 fSed
237 2108 246 2123 ,
257 2084 425 2128 inquiunt,
442 2081 731 2130 ptaedeterminatio
742 2080 830 2115 tollit
849 2080 980 2128 quidem
993 2077 1249 2116 indifferentiam
1268 2074 1436 2124 paffivam‚
1447 2089 1516 2113 non

126 2131 267 2164 activam
282 2133 386 2178 :prius
403 2131 553 2167 voluntas
576 2131 645 2164 'erat
660 2129 750 2165 velut
775 2132 807 2166 in
830 2128 1034 2176 aequilibrio,
1053 2127 1345 2171 praedeterminatio
1362 2125 1450 2160 illam
1480 2128 1515 2161 in

127 2190 223 2212 unam
236 2191 360 2227 partem
376 2179 510 2216 inclinat
523 2191 599 2215 :nec
612 2181 712 2227 magis
729 2178 847 2213 idcirco
858 2177 999 2213 libertati
1015 2175 1121 2211 officit
1135 2187 1253 2222 ‚quam
1263 2185 1351 2208 actus
1374 2173 1439 2222 ipse
1451 2188 1514 2209 vo-

126 2224 257 2259 luntatis
270 2255 279 2268 ‚
291 2241 358 2272 quae
369 2231 564 2276 privativam
577 2227 666 2262 illam
684 2232 718 2263 ὃ(
734 2226 887 2274 pensilem
904 2225 1161 2261 indifferentiam
1176 2223 1275 2258 tollit.
1288 2224 1409 2269 Neque
1425 2225 1514 2261 enim

125 2286 221 2322 agere
233 2274 388 2321 possumus
404 2277 459 2311 nifi
470 2278 525 2312 illa
540 2276 851 2322 indifferentia‚qua
861 2275 1009 2310 voluntas
1022 2285 1134 2308 manet
1151 2270 1291 2321 suspensa
1302 2300 1312 2315 ‚
1329 2270 1511 2308 auferatur:

125 2323 251 2358 ncceffe
267 2324 309 2358 est
327 2326 414 2359 enim
436 2338 472 2361 ut
493 2327 532 2363 de
554 2328 700 2373 potentia
713 2325 752 2358 ad
769 2336 877 2359 actum
893 2324 1073 2359 reducatur.

158 2371 224 2408 Sed
234 2384 346 2411 contra
361 2386 452 2411 :cum
461 2373 739 2445 indii-ferentiailla
760 2370 881 2422 passiva
899 2371 1025 2409 tollitur
1038 2399 1048 2415 ,
1059 2384 1124 2407 non
1139 2383 1178 2407 ex
1189 2373 1321 2455 pzropria
1337 2369 1515 2405 voluntatis

1231 2432 1247 2454 c
1257 2432 1273 2455 c
1282 2432 1299 2454 c
1327 2431 1365 2469 ιι]
