1857 2745
672 134 700 168 L
729 135 763 169 O
789 134 853 168 Gi
882 132 913 169 C
934 134 982 170 AE.
1479 143 1519 176 27

630 213 661 249 C
683 215 711 250 A
730 215 755 250 P
783 215 818 251 U
838 217 869 251 T
935 217 963 250 V
984 214 1005 248 1.

465 297 570 345 Leges
581 294 717 345 fingulis
737 295 855 345 figuris
881 297 1016 345 propria
1041 294 1253 344 explicantur.

129 381 189 464 P
200 380 300 415 Rima
311 376 412 427 figura
421 377 543 427 duplici
571 376 786 415 fundamento
803 379 959 413 innititur.
989 377 1176 425 Utrumque
1192 374 1242 410 his
1257 372 1394 410 vocibus
1413 377 1515 423 expri-

202 431 246 464 mi
266 427 347 463 solet
359 456 369 471 ‚
387 427 452 461 dici
463 428 502 461 de
511 427 610 464 omni,
632 431 666 462 &
686 428 751 463 dici
765 427 804 461 de
826 428 926 462 nullo.
951 425 1033 460 Illud
1045 425 1160 461 clarius
1172 423 1316 466 effertur,
1332 424 1424 470 quod
1439 436 1520 458 con-

123 481 217 514 venit
240 476 416 525 superiori,
437 478 595 511 convenit
613 475 769 513 inferion'.
786 478 849 512 Aut
868 475 958 523 quod
970 475 1090 509 eodem
1103 474 1240 516 recidit,
1259 473 1349 520 quod
1365 475 1522 508 convenit

123 526 285 562 attributo
296 554 305 569 ‚
330 526 362 559 id
378 537 512 573 quoque
527 528 684 561 convenit
695 526 851 575 subje&0.
882 524 985 573 Qod
1002 524 1153 561 tribuitur
1170 523 1318 565 viventi,
1343 522 1376 555 id
1390 522 1522 557 animali

125 575 227 612 tribui
253 574 364 610 debet.
905 603 916 608 κ

160 624 310 661 Alterum
325 624 369 658 est
382 624 447 658 dici
457 624 494 658 de
504 624 591 658 nullo
601 652 611 667 ,
626 624 713 672 quod
728 623 813 659 hunc
828 621 931 658 habet
954 622 1170 659 intellectum.
1187 620 1290 669 Qod
1304 630 1462 667 repugnat
1474 618 1524 654 su.

123 675 265 723 periori,
291 672 378 706 idem
393 684 552 721 repugnat
566 673 725 710 inferiori.
757 674 933 722 Repugnat
960 671 1084 719 spiritui
1112 672 1200 721 quod
1226 672 1262 706 [it
1277 666 1523 716 cottuptibilis,

122 722 211 757 idem
227 733 360 768 quoque
379 724 493 756 am'wae
521 722 672 757 rationali
686 733 845 769 repugnet
871 721 994 757 neceffe
1014 723 1067 757 est.

154 773 297 807 Primum
314 771 424 818 itaque
434 769 681 805 fundamentum
694 771 735 804 ad
756 768 958 819 syllogismos
983 768 1182 807 affirmantes
1196 772 1338 819 pertinet
1356 799 1366 814 ‚
1396 773 1430 805 δε
1450 764 1523 800 aliis

125 818 234 857 vetbis
246 823 388 868 proponi
399 818 480 854 solet
493 834 501 855 ε
515 831 588 854 cum
601 824 700 870 majus
720 831 901 855 extremum
912 847 922 862 ,
943 817 997 854 seu
1012 819 1205 856 attributum
1219 822 1379 856 convenit
1391 815 1521 858 medi0,

123 875 157 908 &
170 869 312 905 medium
327 870 447 905 minori
459 880 608 905 extremo
629 880 726 912 3tum
743 874 842 917 majus
861 880 1043 906 extremum
1068 872 1186 906 minori
1216 881 1350 918 quoque
1375 878 1526 902 extremo

124 929 311 954 conventet.

162 966 343 1003 Secundum
362 970 397 1003 in
413 967 609 1017 negantibus
629 965 820 1016 syllogismis
835 966 966 1002 obtinet
986 980 994 1001 ε
1016 978 1089 1002 cum
1104 974 1204 1016 majus
1223 978 1402 1002 extremum
1426 974 1522 1011 repu-

147 1028 202 1051 nat
225 1015 354 1059 medio,
373 1022 408 1053 &
422 1015 566 1052 medium
578 1019 733 1052 convenit
755 1017 876 1050 minori
900 1025 1073 1059 exttem03
1102 1028 1172 1051 tum
1189 1021 1286 1062 majus
1311 1024 1496 1049 extremum
1512 1038 1524 1055 ,

122 1029 174 1101 ἕω
198 1062 392 1100 attributum
405 1067 526 1101 minori
539 1076 673 1112 quoque
687 1073 847 1111 repugnat
865 1076 874 1098 ε
888 1074 924 1097 ut

430 1137 548 1176 Nullus
565 1137 690 1187 spiritus
713 1136 757 1171 est
774 1138 995 1188 corruptibilis
1014 1153 1023 1176 t

435 1190 556 1224 Omnis
576 1189 683 1222 anima
710 1187 876 1223 rationalis
895 1189 939 1224 est
954 1188 1101 1238 spiritus:

431 1240 516 1286 Ergo
530 1236 617 1272 nulla
632 1237 741 1272 anima
760 1237 927 1273 rationalis
943 1239 987 1274 est
1005 1235 1238 1287 corruptibilis.

164 1312 252 1348 Hinc
266 1311 334 1346 duae
344 1310 460 1360 regula:
473 1312 585 1359 primae
600 1309 707 1360 fignrae
718 1313 873 1348 oriuntur.
886 1314 992 1348 Prima
1003 1313 1046 1348 est
1056 1343 1065 1357 ‚
1090 1314 1123 1347 in
1141 1312 1245 1346 modis
1259 1310 1389 1346 direCkis
1411 1312 1521 1359 ptimae

131 1361 240 1411 figutae
249 1391 260 1406 ,
273 1365 374 1408 major
384 1359 419 1396 fit
429 1359 626 1398 universalis.
640 1359 741 1397 Unde
758 1360 889 1397 vitiosus
908 1362 952 1397 est
965 1362 1018 1398 hic
1028 1360 1238 1413 syllogifinus.

430 1442 588 1491 Qdam
611 1440 783 1478 substantia
807 1443 853 1477 est
869 1443 1010 1480 animal:

422 1494 543 1527 Omnis
559 1491 640 1538 lapis
664 1492 706 1525 est
735 1491 907 1528 substantia
925 1508 934 1529 t

425 1543 510 1587 Ergo
525 1540 657 1586 quidam
669 1538 750 1587 lapis
762 1540 806 1574 est
818 1541 951 1576 animal.

168 1608 269 1641 Ratio
283 1606 375 1654 hujus
393 1605 510 1655 tegnlae
518 1605 583 1639 haec
597 1606 659 1648 est,
677 1606 765 1653 quod
783 1607 906 1640 medius
934 1607 1088 1641 terminus
1115 1605 1270 1654 nusquam
1299 1606 1524 1646 distribuatut3

127 1667 194 1690 non
208 1657 243 1690 in
254 1657 390 1701 majori,
408 1653 527 1690 cumfit
539 1653 736 1700 particularis
749 1671 757 1698 3
768 1667 835 1690 non
852 1657 884 1690 in
900 1657 1039 1699 minori,
1053 1654 1111 1690 ubi
1123 1657 1166 1691 est
1189 1654 1383 1691 atuibutum
1399 1668 1523 1705 propo-

129 1702 248 1739 fitionis
261 1703 459 1741 affirmantis.

164 1755 200 1787 In
212 1753 317 1788 modis
335 1753 499 1788 indireetis
511 1782 521 1798 ,
538 1754 618 1789 utin
629 1750 929 1798 Frisesomotum‚ex
942 1757 1064 1802 majore
1079 1753 1265 1803 patticulati
1281 1756 1372 1792 reete
1387 1753 1520 1791 conclu.

128 1802 162 1837 di
172 1802 296 1851 potest,
324 1803 387 1838 hoc
402 1803 518 1839 modo,

452 1852 635 1899 Qtoddam
650 1851 770 1888 animal
785 1852 828 1887 est
840 1851 1012 1888 substantia
1025 1869 1034 1896 ;

457 1901 578 1939 Nullus
599 1901 680 1950 lapis
706 1901 749 1936 est
762 1901 899 1937 animal:

453 1954 538 2000 Ergo
548 1952 693 1999 quaedam
708 1949 878 1985 substantia
902 1963 969 1986 non
987 1948 1032 1983 est
1057 1948 1148 1999 lapis.

173 2000 258 2036 Cum
271 2001 359 2035 enim
383 2001 490 2036 minor
506 1999 683 2050 propofitio
696 1998 733 2034 s1t
746 1998 931 2036 universalis
945 2005 978 2037 &
989 2011 1108 2048 negans
1123 2026 1133 2043 ‚
1158 1998 1284 2034 medius
1308 1998 1464 2033 terminus
1489 1999 1523 2033 in

132 2060 170 2083 ea
198 2048 401 2086 distribuitur,

170 2098 315 2133 Secunda
331 2097 440 2147 regula
452 2101 486 2134 in
496 2099 601 2133 modis
619 2100 749 2134 discetis
763 2099 829 2135 haec
838 2099 880 2134 est
897 2127 906 2142 ,
918 2110 958 2133 ex
972 2099 1098 2133 minore
1108 2107 1247 2147 negante
1259 2095 1341 2132 nihil
1354 2094 1524 2131 concludi.-

133 2158 193 2183 tut.
221 2149 324 2182 R.1tio
336 2147 427 2194 hujus
437 2147 554 2197 regulae
566 2149 632 2184 haec
646 2149 690 2183 est
703 2178 712 2193 ‚
736 2149 824 2196 quod
848 2147 869 2183 fi
886 2151 991 2183 minor
1008 2147 1184 2197 propofitio
1202 2145 1237 2181 fit
1257 2157 1376 2193 negans
1388 2172 1397 2182 ,
1421 2148 1522 2193 major

133 2199 194 2232 etit
218 2195 379 2233 affirmans
402 2214 411 2238 ς
431 2209 567 2245 tumque
586 2197 779 2233 attributum
797 2197 935 2233 sumetur
948 2198 1202 2247 particulariter,
1218 2201 1252 2232 &
1272 2208 1339 2231 non
1355 2193 1524 2228 distribue-

135 2255 204 2282 tut:
221 2258 293 2281 cum
308 2248 340 2281 in
355 2245 555 2282 conclufione
566 2276 576 2291 ‚
598 2260 668 2295 quae
692 2259 813 2297 negans
826 2246 934 2283 fututa
952 2248 994 2282 est
1008 2274 1016 2289 ‚
1040 2248 1126 2282 idem
1149 2243 1340 2280 attributum
1352 2241 1522 2278 distribua-

136 2305 204 2330 tut:
222 2300 255 2331 δ(
269 2307 376 2331 tamen
389 2308 426 2332 ex
441 2295 551 2344 regula
573 2296 718 2346 generali
731 2295 836 2333 nullus
865 2299 1019 2334 terminus
1038 2296 1119 2333 sumi
1143 2294 1245 2330 debet
1262 2289 1468 2331 universaiffis
1489 2293 1524 2328 in

136 2342 336 2380 conclufione
348 2373 356 2383 ‚
372 2346 470 2393 qussam
488 2347 520 2381 in
535 2345 705 2395 praemisfis.

171 2391 238 2429 Res
252 2392 316 2441 ipsa
333 2395 486 2444 exemplo
510 2394 566 2432 fiet
581 2395 739 2434 illusttior.

1220 2454 1316 2504 Dij
