1857 2745
570 115 610 148 M
626 115 662 149 O
675 113 708 147 R
726 113 753 149 A
772 113 799 147 L
819 114 834 147 1
849 113 887 149 S.
1372 136 1387 156 2

42 167 226 218 ignorantia
239 163 401 200 vincibilis
413 162 530 199 dicitur
544 175 616 198 cum
626 165 702 211 quis
717 162 770 199 vel
782 160 839 197 fibi
847 159 939 197 causa
950 161 993 197 est
1001 174 1056 197 cur
1074 163 1268 213 ignoret,vel
1280 180 1346 204 non
1357 137 1429 206 miz

2 213 5 254 ἱ
33 228 69 253 ut
77 227 137 266 par
147 214 193 249 est
208 243 219 259 ‚
247 215 393 250 animum
409 214 592 248 advertere.
1071 239 1074 242 ,

0 268 4 308 J
67 267 107 301 ᾖ...
121 259 164 299 Er
184 274 276 313 parte
289 266 336 297 tei
353 274 425 309 quae
437 264 622 311 ignoratur,
634 259 697 295 alia
713 261 757 296 est
770 263 845 311 juris
861 290 872 305 ‚
890 272 927 296 ut
938 259 960 296 si
975 264 1049 309 quis
1063 266 1192 312 ignoret
1205 264 1292 314 leges
1308 264 1368 301 suae
1380 269 1426 301 ci-

0 327 5 356 γ
32 313 165 356 vitatis·‚
179 312 243 347 alia
253 312 297 347 est
310 312 402 347 faeti.
416 314 498 345 Item
511 311 575 344 alia
586 311 630 344 est
645 323 717 344 curn
738 323 845 346 errore
856 312 1029 359 conjuncta
1039 341 1048 356 ‚
1067 325 1137 359 quaa
1149 314 1268 348 scilicet
1288 315 1331 349 est
1350 316 1427 351 falsa

0 363 5 371 '
31 363 307 411 cogniti03eaque
316 361 380 395 dici
392 360 472 395 solet
490 372 596 408 pravae
608 357 819 407 dispositionis
836 373 844 395 t
867 358 931 394 alia
947 360 991 394 est
1026 373 1081 395 ura
1100 362 1246 406 inscitia,
1270 362 1321 397 seu
1339 377 1428 399 mera

34 412 231 459 cognitionis
244 411 394 456 privatio.
419 411 602 458 Ignorantia
619 408 697 443 faeti
711 408 903 458 plerumque
919 372 1044 444 excusat
1055 438 1066 454 ,
1086 413 1132 445 uti
1143 416 1177 448 ὅ(
1187 424 1275 446 meta
1290 411 1424 457 inscitia,

32 458 55 494 fi
67 471 134 494 non
157 457 192 493 fit
211 456 381 502 affectata,
400 470 454 493 aut
470 471 508 493 ex
526 457 733 506 negligentia,

66 521 90 552 3.
109 509 294 556 Ignorantia
304 509 430 542 ratione
448 509 458 540 i
483 506 539 541 (ius
554 508 693 542 aaronis
705 536 714 551 ,
732 508 850 543 dicitur
865 506 1058 542 antecedens
1072 535 1082 550 ‚
1095 520 1170 544 cum
1188 509 1308 545 scilicet
1325 512 1369 545 ita
1380 511 1429 545 est

32 554 117 591 illius
135 556 222 603 quo‘d
246 553 381 591 efficitur
393 520 504 599 causa,
521 567 556 590 ut
571 556 714 590 detracta
729 557 930 605 ignorantia,
952 556 1040 590 affio
1061 569 1130 592 non
1146 556 1238 593 fieret
1263 573 1271 594 :
1293 570 1330 593 ut
1353 571 1427 594 cum

32 604 120 652 apud
137 605 299 641 Ovidium
317 605 482 653 Cephalus
502 609 673 652 conjugem
687 608 770 639 inter
782 607 896 641 dumos
910 603 1095 640 latitantem
1119 606 1250 643 occidit.
1281 609 1355 643 Nec
1370 608 1425 642 du-

32 649 124 688 bium
135 654 179 688 est
191 655 269 700 quin
281 653 372 701 hujus
390 656 516 702 generis
532 655 715 701 ignorantia
736 654 951 690 voluntarium
969 655 1094 702 penitus
1110 655 1212 691 tollat.
1241 658 1323 691 Haec
1338 659 1427 691 enim

33 701 218 736 consensum
229 703 533 737 omnemantecedit
544 730 557 744 ‚
576 707 610 738 &
621 704 716 737 inviti
727 706 862 739 omnino
881 704 1003 751 agimus
1020 705 1110 751 quod
1128 717 1166 739 ex
1177 707 1358 753 ignorantia
1371 718 1428 741 an-

19 749 206 785 'tecedente
221 749 395 785 efficimus.

64 799 188 847 oppa.
213 799 296 846 Qae
318 797 400 833 fiunt
411 811 450 833 ex
464 798 644 847 ignorantia
660 799 875 835 antecedente
887 828 898 844 ‚
914 800 953 835 iis
974 813 1043 837 non
1065 814 1224 852 repugnat
1253 802 1400 840 voluntas
1420 818 1428 839 :

0 845 1 885 l
33 857 112 894 ergo
127 859 194 883 non
207 846 278 882 sunt
293 846 479 895 [impliciter
494 847 723 885 involuntaria.

0 894 1 912 ¹
23 917 30 921 -
65 897 106 928 R.
120 895 206 940 Dist.
220 906 288 932 ant.
307 898 349 929 Iis
362 908 429 931 non
437 907 600 944 repugnat
612 897 764 932 voluntas
780 899 855 934 acen
865 927 875 942 ‚
895 911 1028 949 propter
1039 902 1236 949 cognitionis
1249 900 1429 945 defectum,

35 942 76 978 C.
91 941 203 977 habitu
215 972 224 987 ‚
243 945 286 979 N.
310 941 386 978 h'inc
396 944 508 987 dolor,
522 955 579 978 aut
596 945 931 994 tristitia-subsequimr
947 977 957 991 ,
981 961 1051 996 quae
1076 948 1249 985 manifesto
1272 952 1314 985 est
1333 964 1430 1000 argu-

35 1002 148 1026 mento
159 1019 169 1035 ,
184 992 217 1026 id
227 991 352 1028 facturn
368 992 459 1027 fuiffe
470 992 686 1028 involuntarie
699 1000 733 1031 &
746 996 848 1029 invita
858 996 1038 1034 voluntate.

71 1039 223 1084 Contra,
245 1042 393 1088 inquiet,
419 1043 476 1088 qui
496 1053 534 1075 ex
549 1042 805 1089 concupiscentia
828 1045 905 1090 quid
922 1057 1072 1093 operatur
1087 1074 1097 1090 ,
1122 1045 1204 1094 saepe
1237 1048 1357 1082 tristitia
1374 1058 1430 1082 aut
1462 1054 1466 1058 “

37 1089 229 1138 :egritudine
239 1091 369 1137 angitur
387 1106 396 1132 ς
413 1094 448 1126 &
464 1101 573 1124 tamen
590 1089 772 1136 voluntarie
795 1096 873 1138 agit.

70 1139 156 1184 Resp.
169 1139 281 1186 Longe
291 1136 449 1185 disparem
459 1136 521 1172 eise
530 1140 689 1174 rationem
708 1153 715 1174 :
733 1151 808 1174 nam
822 1140 947 1174 tristitia
962 1140 1016 1175 illa
1031 1153 1103 1188 quae
1121 1141 1319 1189 subsequitur
1329 1146 1431 1180 affic-

36 1198 113 1222 nem
129 1198 169 1221 ex
177 1185 433 1235 concupiscentia
452 1187 594 1230 factam,
612 1200 680 1223 uon
692 1189 858 1223 ‘ustionem
875 1188 975 1238 ipsam
987 1219 997 1233 ,
1012 1190 1063 1224 sed
1076 1204 1206 1238 poenam
1225 1192 1297 1226 huic
1318 1194 1429 1241 adjun-

37 1237 124 1271 θείω
133 1234 398 1283 respicit3neque
413 1235 465 1270 illa
479 1237 566 1271 astio
580 1235 757 1272 voluntatis
770 1237 972 1286 propenfioni
990 1239 1122 1274 adversa
1142 1241 1189 1274 cst
1207 1254 1214 1275 :
1236 1252 1270 1275 ut
1294 1253 1332 1275 ea
1360 1255 1428 1289 qua:

37 1283 516 1333 exignorantia>proficiscitur,
532 1297 671 1333 quaeque
681 1288 783 1335 magis
796 1287 836 1321 ad
855 1289 1023 1323 aetionem
1040 1288 1139 1336 ipsam
1154 1318 1164 1332 ‚
1192 1289 1288 1337 quam
1307 1291 1344 1324 ad
1359 1303 1431 1339 poe.

44 1345 104 1368 nas
117 1332 267 1369 refertur.

41 1401 45 1404 ·
77 1382 167 1431 Opp'.
180 1396 208 1418 2.
222 1384 333 1418 Metus
343 1385 400 1429 qui
413 1382 456 1417 est
469 1381 559 1417 causa
576 1396 629 1419 cur
642 1395 802 1420 mercator
815 1397 937 1421 merces
950 1389 1097 1435 projiciat
1113 1388 1148 1421 in
1161 1398 1248 1421 mare
1264 1415 1273 1428 ‚
1287 1400 1351 1422 non
1370 1386 1431 1421 ob-

37 1428 97 1465 stat
111 1458 121 1473 ,
141 1433 313 1478 quominus
328 1431 382 1465 illa
397 1433 556 1478 proJeffio
567 1432 603 1467 fit
615 1433 797 1468 voluntaria
814 1449 822 1470 :
839 1437 922 1482 Ergo
936 1436 954 1471 ἐι
973 1439 1063 1483 pari,
1083 1436 1159 1471 licet
1178 1438 1360 1483 ignorantia
1373 1448 1430 1469 an-

39 1478 193 1513 recedens
215 1477 251 1513 fit
261 1479 348 1513 causa
362 1479 498 1514 astionis
510 1481 572 1522 ,id
587 1483 720 1516 minime
738 1483 895 1529 impedit,
914 1487 1086 1529 quominus
1108 1485 1197 1517 afflo
1217 1494 1256 1517 ex
1278 1486 1432 1530 ignoran-

41 1527 87 1562 tia
109 1526 196 1562 fasta
206 1525 448 1563 fit‘voluntatia.

77 1576 166 1622 Resp.
182 1574 349 1624 Disparem
362 1576 422 1610 effe
431 1578 612 1620 tationem,
634 1577 724 1625 quod
747 1579 930 1626 ignorantia
948 1578 1168 1627 praesiipponat
1183 1578 1305 1626 aliquid
1325 1592 1430 1628 oppo-

42 1624 132 1660 fitum
145 1626 265 1660 aetioni
277 1637 343 1671 quae
365 1624 457 1660 fit'ex
479 1627 657 1673 ignorantia
673 1654 683 1668 ‚
710 1640 778 1662 non
792 1628 873 1660 item
889 1639 1002 1663 metus,
1018 1630 1066 1663 Ac
1079 1627 1156 1662 licet
1171 1640 1333 1662 mercator
1351 1628 1428 1663 mul-

43 1685 113 1708 tum
129 1675 160 1708 in
173 1673 204 1708 id
217 1674 418 1722 propendeat
429 1702 439 1717 ,
463 1686 498 1708 ut
512 1673 576 1708 suas
590 1673 648 1709 fibi
664 1674 768 1710 servet
785 1686 906 1709 merces
919 1703 929 1717 ,
945 1676 1028 1710 adeo
1044 1687 1078 1710 ut
1095 1675 1149 1710 illa
1166 1678 1322 1724 projectio
1335 1676 1429 1712 abso-

42 1721 108 1757 lute
125 1725 204 1758 &in
218 1721 248 1757 se
264 1722 405 1771 spectata
421 1721 597 1758 voluntatis
618 1723 822 1759 inclinationi
837 1723 1035 1760 adversetur:
1056 1736 1164 1761 tamen
1181 1724 1270 1760 nullo
1284 1726 1382 1760 modo
1398 1729 1429 1760 ei

44 1769 246 1812 adversatur,
263 1784 336 1806 curn
352 1771 487 1806 relative
507 1777 540 1820 ᾇ(
553 1775 584 1807 in
603 1773 715 1808 ordine
729 1774 771 1808 ad
789 1775 866 1806 vitae
888 1772 1165 1809 conservationem
1179 1802 1188 1815 ,
1206 1776 1255 1807 cui
1274 1776 1430 1822 projectio

45 1820 201 1856 mercium
218 1820 316 1855 instar
333 1822 433 1856 medii
451 1821 494 1854 est
508 1820 674 1856 neceslaria
688 1851 698 1865 ,
721 1820 886 1869 spectum.
924 1825 1036 1870 Itaque
1050 1823 1096 1857 est
1114 1824 1147 1857 in
1162 1822 1268 1869 aliqua
1285 1822 1432 1857 volunta-

46 1878 78 1903 te
91 1871 303 1918 repugnantia
313 1898 322 1913 ,
348 1870 400 1903 sed
414 1868 558 1905 inefficax
572 1874 605 1906 ἃ(
617 1871 836 1905 conditionata
849 1898 859 1913 ,
875 1883 941 1906 non
960 1870 1071 1906 efficax
1092 1900 1102 1915 ,
1128 1882 1162 1905 ut
1178 1873 1211 1905 in
1226 1873 1261 1904 iis
1277 1881 1349 1918 quae
1362 1874 1431 1919 agi..

46 1929 115 1952 mus
130 1921 362 1967 exignorantia
373 1947 383 1961 ,
400 1930 540 1966 quorum
550 1917 668 1953 scilicet
683 1918 771 1954 causa
784 1919 827 1953 est
839 1921 1029 1967 ignorantia.

91 1979 126 2011 4.
134 1969 317 2014 Ignorantia
328 1967 443 2002 dicitur
452 1969 602 2002 comitari
615 1969 801 2011 actionem,
818 1980 891 2002 cum
912 1970 957 2003 ita
970 1970 1012 2004 est
1024 1967 1113 2004 cansa
1135 1974 1199 2015 eJ'us
1218 1969 1305 2016 quod
1321 1968 1356 2004 fit
1367 1998 1376 2013 ‚
1396 1980 1432 2004 ut

48 2015 87 2050 ea
98 2026 207 2050 tamen
224 2015 344 2051 sublata
352 2016 564 2052 nihilominus
582 2017 614 2051 id
630 2014 830 2053 efficeretur:
842 2028 879 2052 ut
888 2015 911 2051 fi
920 2020 991 2065 quis
1006 2021 1091 2053 inter
1102 2018 1285 2052 venandum
1297 2046 1306 2060 ,
1327 2019 1434 2053 inimi-

52 2075 124 2098 cuni
140 2063 212 2099 loco
233 2065 309 2099 ferae
328 2065 478 2100 occiderit
496 2080 503 2101 :
527 2076 596 2100 tum
612 2069 699 2101 enim
719 2068 806 2102 actio
824 2065 880 2101 illa
897 2079 1003 2114 neque
1023 2068 1066 2102 est
1085 2069 1213 2116 proprie
1230 2065 1433 2110 voluntaria,

52 2124 125 2148 cum
145 2115 250 2149 omnis
265 2112 346 2148 abfit
355 2116 502 2162 cognitio
513 2132 523 2159 3
543 2126 606 2150 nec
624 2114 747 2163 prorsus
766 2116 1004 2160 involuntaria,
1036 2129 1109 2150 cum
1125 2115 1271 2150 voluntas
1287 2114 1349 2163 ipsa
1367 2129 1433 2151 non

54 2161 240 2198 reluaetur.

90 2224 113 2255 5.
124 2213 276 2258 Denique
289 2214 471 2260 ignorantia
481 2212 596 2248 dicitur
613 2211 813 2260 consequens
827 2241 836 2255 ,
856 2227 926 2262 quae
940 2213 1122 2263 explicitum
1140 2242 1149 2255 ‚
1172 2223 1227 2246 aut
1244 2211 1354 2246 saltem
1372 2213 1434 2246 im-

57 2255 199 2303 plicitum
208 2259 381 2295 voluntatis
392 2261 575 2297 consensum
584 2260 717 2296 includit
735 2276 742 2297 :
760 2273 794 2296 ut
812 2260 911 2309 siquis
923 2263 1032 2297 doceri
1048 2274 1112 2297 non
1132 2261 1210 2295 velit
1221 2290 1230 2304 ‚
1246 2273 1312 2307 quo
1321 2261 1372 2294 die
1381 2260 1433 2295 fu-

58 2316 164 2340 tutum
177 2306 377 2356 sit-jejunium
391 2338 400 2353 ,
416 2310 484 2358 quo
501 2310 632 2345 liberius
653 2320 766 2357 peccet
784 2323 792 2344 :
811 2310 877 2344 haec
894 2313 1022 2359 proprie
1043 2310 1089 2344 est
1108 2311 1288 2358 ignorantia
1300 2308 1433 2344 affecta-

59 2364 90 2387 ‘2
101 2382 111 2398 >
131 2366 202 2402 qUae
218 2356 300 2437 ἔξεο
311 2370 378 2394 non
389 2359 534 2405 excusat,
551 2371 586 2395 ut
601 2370 768 2408 peccatum
783 2370 899 2408 augeat
919 2374 928 2395 ;
951 2370 1054 2406 eaque
1070 2358 1113 2394 est
1130 2360 1267 2441 ommino
1283 2357 1435 2393 volunta-

249 2416 306 2438 om.
319 2408 350 2440 I.
1184 2410 1210 2442 lv
1236 2420 1270 2441 m
