1857 2745
395 148 454 181 274
836 125 1287 163 PHILOSOPHIA

397 185 442 217 rja
455 210 465 224 ,
478 177 590 214 saltem
604 178 637 212 in
648 176 700 211 sua
714 173 813 212 causa.
825 176 980 222 Namqui
992 174 1064 211 vult
1075 173 1200 213 causam
1209 205 1221 220 ,
1243 178 1270 210 is
1281 172 1373 210 fimul
1390 177 1424 213 &
1442 184 1480 210 ea
1491 185 1561 223 quae
1575 174 1699 212 causam
1709 181 1788 217 conf·

396 232 569 276 sequuntur
579 253 589 268 ,
607 224 694 259 velle
709 224 884 259 censendus
898 223 956 259 est.
1203 229 1208 233 '
1791 262 1798 270 Ι

432 276 497 311 Sed
513 303 523 318 ‚
549 275 672 320 inquies
684 299 694 310 ‚
715 274 771 320 qui
790 275 857 322 agit
869 285 909 308 ex
934 274 1114 321 ignorantia
1129 273 1347 320 consequente
1360 301 1370 316 ,
1389 273 1414 305 is
1428 270 1491 307 fine
1504 274 1713 321 cognitione,
1735 284 1786 318 at-
1836 287 1838 289 ’

396 337 461 373 que
470 323 552 359 adeo
562 335 631 358 non
640 320 822 357 voluntarie
838 333 986 370 operatur
999 334 1007 356 :
1021 333 1099 371 ergo
1111 323 1293 371 ignorantia
1305 323 1406 356 etiam
1425 319 1625 368 consequens
1638 321 1787 358 volunta-

398 378 482 409 rium
496 371 602 415 tollit,
617 382 673 406 aut
689 369 800 406 saltem
818 371 992 419 plurimum
1011 372 1184 407 imminuit.

434 422 475 459 R,
488 420 573 466 Dist·
584 423 692 457 anns
707 422 773 469 agit
785 419 848 455 fine
858 421 1065 469 cognitione,
1077 421 1174 468 idque
1188 419 1240 454 sua
1253 418 1346 467 culpa
1357 447 1367 462 ,
1392 420 1434 455 C.
1455 422 1534 455 citra
1555 419 1682 470 culpam
1699 448 1711 464 ‚
1740 420 1788 455 N.

399 475 527 521 ignorat
537 471 656 518 quippe
667 498 676 513 ,
704 472 779 516 quia
793 468 858 517 ipse
875 467 933 504 sibi
951 480 1005 503 cur
1016 471 1163 517 ignoret,
1182 466 1273 504 causa
1285 469 1329 502 est
1347 485 1356 512 3
1383 469 1435 504 vel
1447 468 1524 504 scire
1535 498 1545 513 ,
1573 481 1629 505 aut
1641 479 1795 512 mentem

397 521 587 562 advertere,
605 529 642 552 ut
654 530 710 566 par
721 518 763 552 est
774 546 784 561 ,
802 531 869 553 non
878 528 978 554 curat.
987 517 1163 553 Fatendum
1181 529 1291 553 tamen
1307 517 1350 551 est
1364 529 1403 552 ex
1417 521 1597 567 ignorantia
1618 521 1718 553 etiam
1737 515 1787 551 su·
1834 536 1837 538 ·

397 572 517 619 pina&
529 566 683 604 affeeiata
698 567 916 602 voluntarium
931 568 1034 601 minui
1051 568 1176 602 ratione
1196 567 1390 613 cognitionis
1405 580 1412 601 :
1435 567 1487 602 sed
1503 579 1638 616 augetur
1662 569 1794 608 ratione·

399 615 619 666 propensionis
635 629 642 651 ε
661 615 747 652 unde
759 620 793 653 ὃ(
811 627 941 664 peccata
954 627 1022 663 quae
1036 627 1075 649 ex
1096 615 1151 651 illa
1167 617 1347 666 ignorantia
1364 613 1445 653 fiunt
1462 643 1476 660 ‚
1491 617 1528 650 iis
1548 617 1698 655 videntur
1709 627 1791 664 pro-

398 670 485 705 xima
500 678 570 716 quae
595 677 634 701 ex
658 677 738 714 pura
755 665 878 702 malitia
900 663 1078 705 nascuntur,

962 765 1074 800 Tertia
1093 764 1263 811 Conclusto,

432 867 546 900 Metus
559 862 776 899 voluntarium
791 866 926 908 minuit,
950 877 1016 900 non
1036 862 1134 900 tollit.

434 912 530 950 Prob.
542 914 639 948 concl.
658 914 741 960 Qiae
760 913 843 949 fiunt
853 926 891 948 ex
905 925 995 947 metu
1005 942 1015 955 ‚
1034 915 1138 947 mixta
1161 910 1232 946 sunt
1245 910 1490 958 quodammodo
1505 921 1545 945 ex
1560 908 1742 944 voluntario
1752 913 1787 946 δε

399 961 620 998 involuntario
636 991 647 1006 ,
669 974 704 997 ut
714 962 809 997 docet
820 960 1031 1009 Philosophus
1044 977 1054 1004 3
1067 958 1238 995 secundum
1251 960 1282 995 se
1293 987 1304 1003 ‚
1327 964 1361 996 &
1377 957 1550 995 universim
1565 957 1707 1006 speciata
1719 971 1790 997 non

397 1009 468 1045 sunt
485 1010 665 1046 voluntaria
687 1025 695 1046 :
721 1022 758 1045 ut
779 1023 851 1046 cum
873 1021 1033 1045 mercator
1045 1010 1144 1057 ja&at
1158 1020 1280 1043 merces
1295 1011 1329 1043 in
1350 1020 1437 1043 mare
1458 1022 1466 1045 :
1488 1006 1539 1044 sed
1553 1018 1644 1042 metu
1660 1008 1790 1054 majoris

400 1059 480 1094 mali
496 1059 584 1106 quod
597 1059 827 1094 melioribono
839 1061 1014 1109 opponitur
1025 1086 1036 1100 ,
1055 1057 1136 1092 fiunt
1154 1057 1347 1093 voluntaria.
1371 1057 1472 1093 Unde
1486 1055 1670 1104 simpliciter
1685 1060 1719 1092 &
1730 1053 1791 1089 ab-

398 1106 498 1141 solute
508 1106 579 1141 sunt
590 1106 773 1141 voluntaria
787 1121 794 1140 :
815 1119 890 1140 nam
902 1105 1027 1153 singulis
1041 1104 1212 1152 diligenter
1228 1103 1387 1152 perpensis
1402 1115 1498 1142 unum
1510 1104 1603 1140 alteri
1615 1105 1791 1151 anteponi,

399 1167 482 1190 mus.
495 1156 594 1190 Aetas
605 1164 716 1189 autem
724 1154 863 1188 morales
878 1151 1140 1200 non2universim,
1154 1151 1206 1187 sed
1216 1165 1252 1189 ut
1264 1152 1335 1188 sunt
1348 1153 1514 1202 singulares
1531 1158 1565 1190 ἅτ
1579 1153 1788 1188 determinati

396 1202 589 1252 speQantur.
600 1205 680 1237 Sunt
691 1214 799 1237 autem
810 1214 847 1236 ea
856 1214 924 1249 quae
934 1214 972 1237 ex
982 1213 1072 1236 metu
1083 1204 1204 1251 agimus
1217 1201 1390 1239 secundum
1409 1203 1538 1249 quid,&
1552 1200 1609 1236 sub
1625 1201 1789 1237 conditio-

399 1264 442 1288 ne
461 1251 689 1288 involuntaria.
709 1253 798 1287 Nam
811 1250 1040 1299 quinaufragii
1055 1262 1143 1286 metu
1163 1263 1212 1285 tes
1231 1251 1295 1286 suas
1312 1253 1460 1300 projicit,
1475 1251 1578 1286 vellet
1591 1251 1727 1298 quidem
1737 1262 1789 1284 res

397 1300 466 1335 suas
479 1299 604 1336 servare
616 1329 625 1343 ,
644 1299 665 1334 si
674 1300 875 1348 naufragium
887 1313 953 1335 non
967 1301 1164 1336 immineret.
1180 1302 1209 1334 Is
1223 1302 1319 1334 ioitur
1337 1299 1481 1336 absolute
1492 1300 1561 1336 vult
1572 1311 1621 1334 res
1632 1299 1699 1334 suas
1715 1310 1790 1348 per-

398 1349 490 1393 dere,
508 1349 658 1398 spectatis
672 1351 825 1384 nimirum
836 1350 988 1397 temporis
1002 1349 1110 1385 &loci
1124 1350 1229 1383 circun
1256 1350 1365 1385 antiis.

429 1397 674 1443 Confirm.lllud
689 1398 736 1431 est
755 1396 901 1432 absolute
915 1397 1148 1441 voluntarium,
1175 1398 1263 1444 quod
1279 1396 1316 1433 fit
1338 1397 1358 1434 ὲ
1382 1398 1541 1445 principio
1562 1400 1691 1432 interno
1708 1409 1788 1446 cog-

399 1447 552 1482 noscente
566 1445 685 1494 singula
695 1448 727 1480 in
737 1445 854 1492 quibus
869 1446 911 1480 est
923 1448 1030 1483 aetio:
1049 1446 1111 1480 Sed
1127 1447 1218 1492 quod
1237 1445 1273 1481 fit
1287 1459 1325 1480 ex
1343 1457 1452 1488 metu,
1473 1446 1559 1481 idem
1576 1445 1612 1480 fit
1631 1445 1651 1481 ὲ
1668 1447 1787 1493 princi-

399 1497 455 1542 pio
473 1497 601 1529 interno
615 1522 624 1536 ‚
644 1506 762 1541 nempe
782 1493 803 1528 ἐι
821 1493 976 1528 consensu
987 1493 1168 1529 voluntatis
1179 1522 1189 1537 ,
1208 1499 1242 1530 &
1256 1507 1294 1529 ex
1310 1496 1429 1543 praevia
1441 1493 1676 1529 deliberatione
1688 1522 1698 1538 ‚
1711 1506 1786 1542 per÷

400 1542 500 1592 pensis
511 1541 663 1578 omnibus
678 1542 910 1577 circunstantiis
927 1556 935 1576 :
964 1553 999 1577 ut
1017 1541 1120 1590 liquet
1141 1554 1180 1577 ex
1198 1555 1377 1578 mercatore
1391 1544 1447 1591 qui
1469 1541 1534 1577 suas
1553 1546 1585 1578 in
1604 1554 1691 1577 mare
1701 1555 1787 1576 mer.

398 1604 451 1625 ces
465 1594 591 1640 projicit
604 1619 613 1634 ,
628 1602 664 1626 ut
677 1593 749 1626 vitae
764 1590 820 1627 suae
832 1590 973 1628 consulat
988 1605 996 1628 :
1020 1604 1096 1643 ergo
1108 1591 1196 1641 quod
1208 1590 1246 1628 fit
1262 1605 1300 1629 ex
1312 1604 1412 1637 metu,
1427 1591 1459 1626 id
1473 1590 1655 1641 simplicitet
1669 1591 1716 1626 est
1728 1604 1785 1627 vo-

400 1639 580 1677 luntarium.
1204 1653 1211 1660 ⁸

902 1690 1083 1725 Solvuntur
1106 1690 1301 1734 objeffiones.

447 1738 532 1786 Opp-
544 1751 567 1775 1.
583 1739 666 1787 Qae
679 1751 717 1775 ex
730 1750 820 1774 metu
835 1739 968 1774 facimus
979 1769 988 1784 ,
1006 1740 1121 1775 eadem
1133 1742 1229 1775 inviti
1245 1740 1391 1777 &coacti
1404 1741 1527 1788 agimus
1543 1754 1551 1776 :
1566 1739 1649 1774 unde
1662 1743 1785 1776 διε-οη-

400 1788 517 1821 trastus
529 1800 566 1822 ex
576 1801 664 1823 metu
677 1789 754 1824 fasti
777 1787 847 1823 sunt
866 1791 948 1823 irriti
964 1804 972 1824 ‚·
993 1787 1080 1836 quod
1093 1801 1197 1824 metus
1212 1788 1347 1824 causasir
1358 1800 1508 1831 externa,
1527 1788 1648 1823 malum
1667 1787 1786 1823 scilicet

398 1836 551 1871 futurum.
575 1839 676 1885 Qod
703 1840 799 1887 igitur
817 1836 855 1873 fit
877 1849 917 1872 ex
934 1849 1044 1881 metu,
1069 1838 1101 1872 id
1119 1851 1186 1873 non
1201 1839 1243 1873 est
1261 1838 1479 1873 voluntarium
1502 1852 1511 1873 ι
1536 1849 1610 1872 cum
1631 1849 1697 1871 non
1712 1835 1746 1872 sit
1763 1836 1786 1871 a.

397 1886 558 1932 principio
584 1885 754 1921 intrinseco
773 1915 782 1930 ‚
821 1885 873 1920 sed
888 1898 1085 1934 repugnante
1112 1886 1168 1921 fiat
1182 1887 1358 1921 voluntate.

438 1934 475 1964 R.
493 1934 577 1978 Dist.
595 1946 661 1968 ant.
676 1937 758 1981 Qiae
769 1936 891 1982 agimus
908 1947 946 1968 ex
955 1946 1063 1976 metu,
1080 1947 1117 1969 ea
1133 1937 1226 1968 inviti
1239 1937 1358 1981 agimus
1379 1931 1550 1967 secundum
1567 1933 1646 1978 quid
1659 1962 1669 1975 ,
1683 1931 1782 1972 &sub

397 1982 608 2025 conditione,
622 1983 662 2018 C.
686 1983 832 2018 absolute
845 1987 877 2018 ὃ(
891 1980 1073 2029 simpliciter
1084 2010 1093 2024 ,
1110 1984 1153 2017 N.
1170 1981 1295 2016 sublato
1311 1982 1443 2028 quidem
1462 1992 1551 2016 metu
1573 1994 1637 2016 non
1655 1981 1784 2026 fierent,

398 2030 451 2065 sed
464 2033 592 2079 majoris
613 2030 694 2066 boni
715 2030 924 2066 conservandi
945 2042 1035 2065 amor
1055 2033 1157 2065 vincit
1177 2032 1420 2079 repugnantiam
1434 2059 1444 2074 ,
1480 2042 1552 2078 quae
1580 2042 1620 2065 ex
1645 2032 1780 2066 minoris

396 2080 519 2126 jaffiira
534 2081 647 2116 oritur.

434 2128 630 2162 Contractus
645 2126 724 2162 vero
741 2130 796 2173 qui
809 2126 891 2162 fiunt
903 2140 941 2162 ex
953 2139 1040 2162 metu
1050 2127 1137 2176 leges
1154 2130 1259 2163 irritos
1272 2129 1452 2170 declarant,
1467 2128 1554 2175 quod
1574 2141 1628 2163 eos
1642 2133 1781 2165 omnino

398 2176 597 2211 voluntarios
618 2175 678 2211 eise
691 2188 840 2223 oporteat
858 2190 865 2211 :
886 2176 960 2211 cum
978 2179 1013 2210 iis
1023 2179 1161 2211 maxime
1176 2177 1306 2211 societas
1320 2178 1458 2212 humana
1469 2180 1680 2215 contineatur.
1695 2180 1783 2216 Mul-

399 2228 423 2258 ti
438 2236 546 2258 tamen
561 2226 740 2261 existimant
751 2224 881 2272 sepofita
893 2225 965 2273 lege
975 2225 1061 2260 civili
1072 2255 1080 2267 ‚
1097 2238 1166 2271 quae
1179 2225 1411 2274 obligationem
1427 2226 1528 2272 potest
1548 2225 1672 2270 tollere,
1689 2241 1780 2275 quae-

396 2284 461 2318 que
477 2275 565 2307 aetus
582 2277 679 2308 etiam
701 2272 803 2307 libere
813 2273 915 2308 facetos
932 2273 976 2308 ob
991 2275 1100 2319 judicii
1115 2272 1336 2309 infirmitatem
1355 2273 1434 2321 saepe
1450 2277 1555 2309 irritos
1574 2274 1652 2309 facit
1668 2304 1677 2318 ‚
1703 2288 1779 2311 eum

400 2322 455 2362 qui
471 2333 557 2355 metu
571 2323 693 2370 aliquid
704 2321 863 2369 promisit,
881 2322 1037 2372 obligari:
1052 2325 1126 2371 quia
1141 2323 1303 2359 consensus
1322 2322 1443 2368 adsuit,
1464 2337 1529 2359 non
1542 2324 1779 2368 conditionalis,

397 2380 431 2404 ur
448 2380 480 2405 in
500 2381 625 2407 errante
638 2401 648 2414 ,
681 2370 731 2405 sed
748 2369 920 2409 absolutus.
