1857 2745
595 102 643 136 M·
664 102 700 137 O
721 102 753 137 R
775 102 804 138 A
825 103 852 138 L
874 102 889 138 I
914 105 947 139 S.
1401 118 1416 140 2
1443 119 1454 148 ς

71 163 140 191 mus
154 163 259 188 amare
273 155 383 189 &non
392 161 500 186 amare
512 148 744 186 beatitudinem
758 168 767 195 ς
786 152 827 186 de
842 164 879 186 ea
895 153 1039 201 cogitare
1060 156 1094 188 &
1114 166 1181 188 non
1193 155 1336 203 cogitare
1358 167 1366 188 :
1393 119 1458 187 5ch

69 214 134 239 non
144 199 299 250 polsumus
309 212 381 234 eam
391 211 498 234 amare
510 204 544 236 δε
556 197 655 234 odilse
677 215 687 242 ;
730 199 784 235 seu
808 213 878 236 non
900 200 1002 236 sumus
1024 200 1242 237 indifferentes
1262 213 1299 238 ut
1327 213 1456 238 contra-

68 251 131 285 rios
144 251 232 285 airus
250 251 333 283 circa
355 247 589 283 beatitudinem
604 252 637 283 in
654 251 816 284 communi
838 261 1059 286 exerceamuS.

94 296 233 333 Tametfi
246 296 379 334 inficiari
393 310 459 333 non
479 294 639 345 possumus
652 326 661 341 ,
679 300 760 345 quin
776 311 867 333 amor
886 298 1114 342 beatitudinis,
1138 312 1192 334 aut
1222 299 1301 334 boni
1320 299 1456 334 universi

68 348 102 383 in
115 349 208 382 omni
228 347 357 382 afflone
371 346 478 381 nostra
494 347 687 383 dominetur.
718 349 797 382 Haec
813 348 859 382 est
874 349 963 383 enim
974 350 1055 395 jugis
1067 346 1231 396 impreffio
1246 348 1287 383 ab
1309 347 1456 383 Authore

67 407 187 432 naturae
197 395 366 444 profecta,
391 407 489 443 quam
503 393 636 430 libertas
659 395 767 430 nostra
782 399 870 432 varie
891 397 1096 432 determinat.

107 444 239 488 instant.
254 443 352 480 Liber
362 455 400 478 ex
421 443 590 479 Aristotele
608 445 652 479 est
666 444 710 479 sui
724 444 813 480 causa
824 474 834 490 ,
855 457 912 480 aut
926 444 1053 480 suorum
1065 447 1196 480 aCtuum
1212 446 1359 480 dominus
1374 460 1381 481 :
1403 445 1456 480 sed

66 492 148 528 nihil
162 493 209 527 est
221 495 323 542 magis
336 491 479 528 suicausa
492 520 503 536 ,
522 493 620 541 quam
637 506 728 529 amor
751 494 856 529 ultimi
873 493 964 531 finis:
979 506 1054 528 cum
1068 496 1093 528 is
1116 506 1249 542 propter
1265 493 1294 529 se
1308 505 1453 537 ametur,

67 546 102 578 &
118 553 233 576 caetera
246 552 377 590 propter
391 539 493 589 ipsum
507 556 516 579 :
533 555 612 590 ergo
620 554 712 577 amor
726 542 795 578 finis
813 542 919 579 ultimi
932 542 979 577 est
996 541 1190 578 liberrimus.

103 590 141 626 R.
153 589 239 635 Dzst.
248 595 325 634 maj.
334 590 431 625 Liber
439 591 487 626 est
497 589 540 626 sui
553 591 642 626 causa
653 621 663 635 ,
682 592 715 625 id
727 592 774 626 est
787 621 798 636 ‚
811 592 851 626 ad
864 592 1022 641 agendum
1037 590 1100 626 sese
1113 591 1256 640 applicat
1277 604 1332 626 aut
1350 593 1456 627 deter-

66 641 173 674 minat
184 668 194 682 ‚
205 640 251 675 C.
268 640 312 674 est
328 638 374 674 sui
387 638 494 683 causa,
506 645 539 677 &
552 639 726 676 necessario
735 641 968 676 determinatur
980 668 990 683 ,
1014 642 1058 676 N.
1076 643 1190 688 Itaque
1203 653 1294 675 amor
1315 640 1384 676 finis
1404 641 1456 675 ul-

69 689 138 722 timi
152 688 196 722 est
207 687 338 735 quidem
349 689 383 723 in
393 687 488 724 nobis
497 717 507 732 ‚
518 695 553 726 &
565 689 585 724 ἐι
597 688 692 724 nobis
702 689 829 725 elicitur
843 704 851 726 :
870 701 904 724 at
921 689 1006 725 forte
1017 688 1165 724 voluntas
1180 689 1264 724 illius
1276 690 1368 724 achis
1379 702 1456 737 pro-

65 737 135 783 prie
144 748 212 772 non
225 736 269 771 est
279 737 428 779 domina,
441 750 513 772 cum
523 749 588 772 non
600 736 693 784 poffit
708 750 783 773 eum
803 752 872 773 non
888 738 1085 780 elicere‚nec
1099 737 1181 773 illius
1194 737 1288 772 sublit
1303 737 1454 773 arbitrio.

81 816 86 819 .
102 785 186 833 Opp.
198 799 219 830 3.
234 783 382 819 Libertas
398 785 443 819 est
455 797 573 834 magna
583 785 723 821 hominis
736 787 908 835 perfectio.
924 787 987 821 Sed
1001 789 1147 835 potentia
1160 788 1199 821 ad
1217 801 1283 822 non
1293 788 1454 836 agendum

67 832 156 868 nulla
165 833 212 868 est
222 833 383 882 perfectio
399 863 407 877 ‚
422 836 489 869 imo
507 834 553 868 est
565 837 700 870 omnino
711 835 830 870 inutilis
845 850 853 872 ε
873 848 908 870 ut
927 838 959 871 in
974 835 1070 870 nobis
1086 835 1174 870 nulla
1186 836 1228 869 est
1242 839 1389 884 potentia
1413 836 1453 869 ad

67 894 134 916 non
147 881 334 917 volandum:
345 894 421 931 ergo
435 882 565 917 libertas
574 896 640 919 non
649 882 749 932 posita
763 885 805 919 est
820 886 854 920 in
865 884 922 920 illa
932 882 1151 920 indifferentia
1163 913 1173 928 ‚
1186 897 1258 932 quae
1272 887 1454 933 potentiam

69 943 139 966 non
160 931 276 978 agendi
297 930 440 965 includit.

115 979 151 1010 R.
164 978 249 1023 Dist.
260 982 338 1014 min.
351 982 500 1015 Potentia
518 993 586 1015 non
599 981 715 1029 agendi
729 994 794 1017 non
816 982 858 1016 est
875 981 986 1029 aliqua
1002 981 1163 1029 perfectio
1174 1011 1183 1025 ‚
1208 981 1228 1016 fi
1241 994 1307 1016 non
1325 980 1361 1016 fit
1374 994 1455 1016 con-

66 1028 178 1074 junCta
191 1040 262 1061 cum
279 1029 428 1076 potentia
451 1029 587 1076 agendi,
614 1035 648 1065 &
669 1033 806 1065 omnino
820 1030 989 1064 estinutilis
1000 1058 1010 1071 ‚
1028 1029 1124 1065 sinon
1152 1029 1187 1064 fit
1198 1031 1309 1064 itidem
1321 1035 1455 1076 conjun-

70 1075 122 1109 ἀει
143 1086 218 1109 cum
244 1076 390 1110 dominio
404 1079 438 1110 in
447 1079 592 1124 proprios
608 1079 696 1112 astus
710 1106 720 1120 ‚
746 1079 785 1113 C.
800 1076 821 1111 fi
851 1079 966 1111 eadem
978 1076 1014 1111 fit
1027 1077 1154 1110 realiter
1169 1080 1316 1125 potentia
1335 1079 1452 1126 agendi

69 1128 104 1160 &
117 1137 184 1159 non
197 1125 314 1173 agendi
330 1153 340 1167 ,
360 1130 392 1161 δε
405 1123 425 1158 sl
440 1127 550 1173 juncta
565 1123 600 1159 sit
612 1138 685 1161 cum
704 1125 816 1173 aliquo
832 1125 1000 1168 dominio,
1028 1126 1073 1160 N.
1093 1126 1163 1171 Qi
1183 1128 1270 1160 enim
1292 1127 1360 1172 agit
1383 1139 1456 1159 cum

68 1173 229 1220 potestate
239 1174 431 1210 &dominio
442 1202 452 1217 ‚
469 1174 545 1209 huic
557 1177 702 1219 potentia
712 1175 753 1208 ad
768 1187 836 1209 non
849 1174 1011 1222 agendum
1024 1174 1066 1208 est
1083 1173 1253 1209 necefl'aria
1272 1188 1280 1209 ε
1306 1174 1347 1209 fic
1367 1176 1455 1210 enim

69 1223 137 1270 agit
150 1233 185 1256 ut
198 1220 291 1270 poffit
304 1221 346 1256 ab
359 1223 485 1271 agendo
504 1222 672 1258 abstinere.
701 1222 843 1258 Tametsi
856 1223 961 1258 fateor
979 1222 1103 1258 nullam
1125 1223 1320 1271 potestatem
1336 1226 1369 1258 in
1387 1236 1455 1259 non

68 1270 196 1318 agendo
213 1269 272 1306 effe
291 1269 426 1320 positam
444 1287 451 1307 :
471 1284 611 1319 cumque
632 1284 689 1320 per
706 1272 893 1307 facultatem
909 1300 918 1314 ,
934 1282 989 1306 aut
999 1274 1182 1320 potentiam
1195 1271 1236 1306 ab
1247 1271 1377 1321 agendo
1394 1271 1455 1306 ab-

69 1319 236 1362 stinemus‚
256 1320 284 1353 id
298 1323 409 1367 utique
426 1320 462 1356 fit
478 1321 624 1369 agendo,
649 1327 682 1358 &
700 1322 822 1356 utendo
836 1322 873 1355 ea
890 1323 1047 1369 potentii.
1062 1321 1126 1354 Sed
1142 1321 1311 1355 fatendum
1324 1333 1457 1368 quoque

70 1368 112 1402 est
125 1368 316 1416 potestatem
334 1369 468 1417 agendi,
487 1381 541 1404 aut
557 1383 622 1404 non
640 1371 757 1418 agendi
774 1387 783 1413 ·,
808 1370 871 1405 hoc
884 1368 937 1404 vel
955 1369 1033 1404 illud
1052 1370 1228 1419 operandi,
1253 1373 1285 1405 in
1306 1370 1379 1405 idea
1403 1381 1457 1404 aut

71 1428 232 1464 conceptu
257 1416 350 1450 liberi
374 1416 496 1451 arbitrii
523 1421 658 1452 omnino
676 1419 806 1454 includi.

100 1466 184 1512 Opp.
196 1480 227 1510 4.
239 1468 327 1499 Deus
338 1465 385 1499 est
407 1464 588 1500 liberrimus
602 1480 609 1500 :
633 1466 684 1500 sed
699 1479 768 1501 non
784 1468 827 1501 est
847 1467 1051 1512 indifferens,
1070 1481 1111 1503 ne
1131 1470 1164 1502 in
1181 1470 1219 1501 iis
1234 1467 1367 1514 quidem
1383 1478 1455 1513 quae

72 1511 264 1548 extrinsecus
279 1525 427 1561 operatur
443 1527 450 1548 :
464 1526 538 1548 nam
554 1513 594 1547 ab
605 1525 724 1548 :eterno
739 1515 785 1548 est
798 1515 1025 1551 determinatus
1040 1517 1079 1549 ad
1093 1516 1251 1564 agendum
1265 1531 1273 1552 τ
1291 1527 1327 1548 ac
1346 1515 1458 1549 decre-

74 1572 142 1596 tum
159 1573 224 1607 quo
243 1562 348 1596 statuit
359 1562 514 1596 mundum
535 1563 675 1596 condere
687 1591 697 1605 ‚
715 1575 878 1610 nunquam
893 1563 1148 1601 fuitindifferens
1162 1577 1170 1599 :
1191 1576 1266 1600 cum
1281 1567 1370 1600 Deus
1385 1575 1456 1598 mu.

73 1612 132 1644 tari
148 1623 214 1644 non
234 1609 330 1658 poslit
347 1638 354 1649 ‚
373 1616 406 1646 δι
425 1610 590 1645 decretum
606 1610 681 1645 illud
693 1610 729 1645 sit
741 1614 827 1646 Deus
841 1612 917 1659 ipse.

116 1659 152 1691 R.
166 1660 251 1707 Neg.
267 1663 340 1693 min.
358 1661 447 1694 Nam
463 1662 551 1694 Deus
568 1658 733 1694 liberrime
745 1672 903 1694 creaturas
913 1673 1027 1696 omnes
1040 1661 1209 1709 produxit,
1232 1665 1266 1697 δε
1282 1671 1385 1695 tuetur
1398 1676 1407 1703 3
1420 1671 1458 1693 ac

72 1709 181 1755 potuit
193 1719 244 1741 eas
252 1722 320 1744 non
333 1720 439 1742 creare
452 1735 461 1749 ‚
486 1708 588 1756 potest
606 1709 720 1743 itidem
737 1721 801 1743 non
819 1708 1005 1743 conservare
1021 1724 1029 1744 ε
1050 1709 1126 1744 licet
1138 1708 1179 1743 ab
1193 1720 1312 1744 aeterno
1325 1709 1364 1743 ad
1377 1720 1456 1742 con-

73 1756 214 1790 dendum
232 1758 293 1792 hoc
311 1756 494 1792 universum
515 1755 576 1790 sese
592 1758 858 1791 determinaverit
874 1771 881 1792 ε
907 1757 958 1792 sed
970 1770 1042 1793 cum
1056 1760 1195 1794 maxima
1215 1757 1434 1793 indifferenti&
1448 1785 1458 1799 ,

73 1816 112 1838 ac
128 1804 213 1838 nulla
228 1804 410 1840 necessitate
427 1804 578 1852 impulsus
597 1806 628 1839 id
644 1807 798 1841 decrevit.
822 1808 943 1853 Neque
960 1807 1077 1840 idcirco
1090 1808 1208 1840 mutari
1225 1809 1330 1854 potuit
1348 1808 1436 1840 Deus
1448 1834 1458 1847 ‚

73 1851 129 1888 nifi
140 1853 336 1897 extrinsece,
358 1866 394 1889 ut
406 1856 515 1894 aiunt,
531 1859 564 1890 δέ
579 1857 802 1889 connotative-
835 1857 1011 1890 Decretum
1033 1854 1112 1890 vero
1138 1854 1217 1889 illud
1242 1855 1288 1888 est
1315 1852 1459 1888 intrinse-

74 1906 155 1938 ce&
168 1902 243 1937 aaa
252 1906 340 1939 Deus
358 1902 422 1951 ipse
438 1914 557 1949 ;atque
577 1903 660 1937 adeo
679 1902 852 1939 secundum
870 1906 1042 1939 entitatem
1060 1903 1149 1938 suam
1164 1903 1209 1938 est
1224 1902 1301 1950 quid
1319 1899 1458 1938 necelsa-

75 1951 176 1986 tium:
189 1949 241 1985 sed
252 1954 379 1987 ratione
398 1953 549 1995 termini,
578 1963 631 1986 aut
652 1955 821 1987 connotati
833 1952 880 1987 est
898 1954 1037 1988 omnino
1059 1951 1257 1988 indifferens.

110 2000 257 2044 Contra,
276 2002 445 2047 inquiunt,
464 2003 643 2035 Decretum
668 2000 746 2036 illud
765 2002 809 2036 est
825 2000 994 2037 intrinsece
1008 1999 1170 2037 liberum:
1191 1999 1244 2035 sed
1261 2013 1329 2036 non
1348 1999 1391 2034 est
1408 2001 1457 2034 in-

77 2045 225 2084 differens
242 2049 408 2085 intrinsece
426 2062 433 2083 ε
456 2061 534 2098 ergo
551 2049 638 2083 aliud
660 2049 706 2084 est
727 2049 864 2085 liberum
880 2079 889 2093 ‚
912 2051 997 2085 aliud
1012 2049 1207 2085 indifferens.

109 2098 193 2143 Resp,
206 2098 287 2143 Dist.
298 2103 374 2143 maj.
385 2101 564 2133 Decretum
582 2099 646 2133 Dei
665 2099 706 2132 est
722 2097 859 2134 liberum
876 2098 1046 2135 intrinsece
1060 2128 1070 2142 ,
1090 2105 1124 2136 &
1140 2098 1274 2133 relative
1289 2096 1457 2144 sumptum,

79 2156 235 2190 quatenus
249 2159 407 2182 connotat
416 2159 573 2181 creaturas
588 2175 596 2188 ‚
615 2147 652 2180 C.
682 2146 853 2183 secundum
876 2151 1049 2183 entitatem
1072 2147 1215 2182 absolute
1239 2145 1393 2194 sumptam
1410 2145 1457 2179 est

80 2191 216 2228 liberum
232 2196 399 2231 intrinsece
416 2225 425 2238 ‚
452 2199 498 2232 N.
517 2196 591 2241 Qa
602 2194 680 2230 vero
696 2198 818 2231 ratione
832 2198 875 2231 est
894 2195 1061 2232 intrinsece
1080 2195 1218 2230 liberum
1232 2224 1241 2237 ‚
1263 2195 1377 2229 eadem
1405 2206 1456 2227 ra-

81 2244 169 2275 tione
180 2243 221 2276 est
231 2244 432 2289 indifferens,
454 2257 488 2279 ut
499 2245 646 2278 ordinem
662 2243 794 2279 includit
812 2246 852 2280 ad
873 2257 1031 2280 creaturas
1042 2273 1052 2288 ,
1071 2257 1150 2291 quas
1167 2245 1274 2292 potuit
1294 2255 1360 2279 non
1377 2255 1457 2277 con-

80 2300 202 2324 notare.

117 2338 203 2385 Opp·
221 2342 427 2384 5-111Christo
439 2342 598 2385 ¹sumniam
617 2339 707 2378 fuill'e
728 2341 915 2378 libertatem
933 2354 941 2377 t
967 2340 1019 2378 sed
1038 2342 1126 2381 nulla
1142 2344 1175 2377 in
1188 2354 1230 2376 eo
1246 2341 1308 2376 fuit
1331 2340 1460 2375 indiffe-

1202 2392 1235 2426 Ο
1255 2405 1274 2425 o
1295 2392 1326 2436 iij
