1857 2745
466 125 535 161 DE
583 124 1078 163 PRAEDICAMENTIS.
1392 146 1439 167 Lu

51 174 215 218 *tecedens
230 184 321 222 patet
332 187 339 210 :
349 173 494 209 detracta
504 175 591 209 enini
608 173 662 209 illa
679 176 812 209 entitate
826 176 891 209 duo
908 173 1121 223 parietes-albi
1132 175 1233 211 adhuc
1244 187 1338 210 erunt
1355 167 1438 211 limi-

66 224 112 261 les
123 253 134 268 ‚
150 229 184 261 δε
198 223 266 258 duae
278 223 359 258 ulnae
372 223 507 269 aequales
522 221 579 257 fibi
596 222 711 258 futurae
721 222 799 259 sunt.
812 227 854 259 Ea
871 226 993 272 quippe
1006 223 1195 259 suntlimilia
1206 254 1214 267 ,
1227 238 1280 260 aut
1292 226 1439 272 aequalia,

64 285 204 321 quorum
218 285 282 308 una
296 273 339 306 est
348 271 503 319 qualitas,
514 275 743 320 autvquantitas
754 301 765 316 ‚
782 273 845 309 hoc.
863 275 928 318 est,
942 287 1014 322 quae
1036 276 1069 308 in
1088 274 1246 321 qualitate
1266 275 1319 310 vel
1341 288 1445 322 quan.

69 324 162 357 titate
175 323 390 357 conveniunt.

102 369 260 405 Probatur
269 379 313 406 20.
333 369 391 405 Illa
405 373 521 405 entitas
532 383 620 405 nova
631 383 702 418 quae
717 370 882 419 subjecto,
899 383 955 406 aut
966 371 1181 407 fundamento
1201 371 1398 421 supervenit,
1414 381 1449 412 ὃς

66 419 109 455 ab
126 432 166 454 eo
190 418 355 467 plusquam
373 421 569 468 cogitatione
584 420 809 468 distinguitur,
822 422 965 456 ¹omuino
982 421 1024 454 est
1041 419 1244 468 impossibilis
1255 451 1264 464 ‚
1278 434 1338 455 nec
1356 435 1448 459 com„

65 468 222 518 prehendi
238 470 347 504 animo
363 469 475 516 potest.
490 472 578 504 Tum
593 471 667 516 quia
686 469 766 504 illud
783 471 913 517 concipi
934 471 1049 515 nequit
1066 470 1208 504 formam
1221 499 1231 512 ,
1242 482 1298 504 aut
1313 473 1447 507 modum

49 516 57 522 ³
67 516 186 552 realem
199 517 281 553 mihi
298 518 452 553 advenire
462 548 472 562 ‚
484 517 505 552 s1
521 520 592 567 quis
603 520 717 553 Roniae
726 518 871 555 nascatur
886 518 968 553 mihi
979 517 1084 552 similis
1098 547 1107 561 ‚
1124 531 1198 553 cum
1212 518 1300 553 nulla
1311 524 1452 556 onvnino

68 569 104 603 in
124 578 176 601 me
198 565 253 601 fiat
270 568 429 603 mutatio:
448 568 536 603 Idem
550 567 722 602 dicendum
746 568 785 602 de
800 569 891 603 omni
910 567 972 601 alia
990 567 1147 602 relatione
1163 580 1171 602 t
1188 579 1224 602 ut
1241 566 1261 601 li
1276 571 1348 615 quis
1371 571 1454 605 mihi

68 616 109 649 ad
122 614 269 650 sinistram
280 613 411 650 assideat
421 644 432 660 ,
442 619 499 663 qui
513 619 596 665 prius
618 629 687 651 erar
703 617 903 652 addextram
916 630 923 651 ;
944 627 1011 651 turn
1032 619 1111 663 quia
1127 616 1215 651 nulla
1229 616 1338 652 afferri
1360 618 1451 654 causa

66 664 172 712 potest
182 693 191 707 ‚
209 676 281 711 quae
294 676 415 698 novam
425 665 514 700 illam
525 668 697 701 entitatem
712 677 871 712 procreet.
895 667 984 701 Nam
999 664 1020 700 si
1033 668 1136 713 paries
1153 667 1270 701 Romae
1288 677 1453 703 extruatur

54 712 177 747 *similis
195 712 266 746 huic
278 715 392 760 parieti
405 727 494 761 ‚quae
507 715 597 748 causa
614 726 734 748 novam
750 715 920 749 entitatem
936 743 946 757 ‚
975 726 1031 748 aut
1045 715 1181 750 modum
1199 717 1231 749 iu
1249 715 1313 750 hoc
1328 718 1453 764 pariete

68 763 126 808 qui
146 761 188 795 est
209 762 365 804 Lutetiae,
387 761 596 809 procreabit?
616 761 754 798 Eff'eekus
771 762 865 797 realis
882 765 961 798 citra
979 762 1104 799 causam
1130 763 1252 799 realem
1267 764 1372 800 nullus
1393 764 1454 802 ell'e

57 853 60 856 ψ
69 810 177 859 potest
191 823 198 844 :
214 809 302 845 unde
313 821 390 858 ergo
405 824 507 847 novus
519 810 573 846 ille
587 811 721 847 effectus
735 822 744 848 Ξ
761 824 834 859 quae
847 811 932 846 illius
948 811 1060 849 causa?

106 859 209 907 Qod
227 857 440 907 respondent,
457 872 570 908 parum
581 872 636 895 aut
650 860 842 896 nihilhabet
855 860 1112 909 probabilitatis:
1125 860 1318 898 relationem
1334 876 1453 912 nempe

68 908 174 957 posito
183 910 323 942 termino
334 919 388 943 tan
415 922 489 943 uam
501 911 676 944 conditione
683 910 751 954 stne
762 922 827 956 qna
840 922 901 943 non
912 937 921 948 ‚
938 908 1089 945 resultare
1099 912 1132 944 in
1143 910 1207 949 hoc
1221 914 1344 958 pariete
1357 941 1366 955 ‚
1381 926 1455 947 cum

69 957 150 992 alius
162 960 191 990 ei
208 954 314 990 similis
334 921 451 992 Roilrae
467 957 656 992 construitur
672 958 791 1005 3idque
807 956 876 991 fieri
895 960 974 992 citra
988 957 1089 994 ullam
1105 962 1326 996 mutationem
1346 960 1456 1009 phyfi.

70 1017 143 1039 cam
164 1017 218 1040 aut
236 1003 434 1048 sensibilem,
452 1019 522 1053 quae
541 1018 608 1040 tum
622 1006 725 1040 solum
746 1006 882 1048 accidit,
900 1019 973 1040 cum
990 1020 1076 1041 nova
1097 1010 1214 1042 entitas
1240 1009 1388 1044 absoluta
1408 1014 1454 1045 rei

69 1054 205 1089 advenit
219 1070 227 1096 3
245 1067 310 1088 non
331 1065 461 1097 autem,
480 1053 596 1088 sinova
613 1056 770 1089 duntaxat
787 1053 924 1088 relativa
934 1057 1056 1089 entitas
1065 1054 1247 1091 succrescat.

98 1103 244 1138 Contrai
262 1129 271 1138 .
288 1103 445 1137 Conditio
456 1101 520 1137 sine
534 1115 599 1150 qua
614 1102 702 1137 causa
719 1103 805 1138 suum
822 1101 977 1137 effe-&um
991 1116 1057 1138 non
1078 1116 1229 1151 procreat
1243 1134 1252 1148 ‚
1271 1119 1337 1142 non
1359 1107 1455 1155 longe

68 1150 114 1186 ab
131 1150 197 1197 ipsa
212 1150 301 1185 causa
310 1151 417 1199 potest
429 1150 535 1186 abess'e
549 1166 556 1187 :
580 1151 620 1186 sic
641 1154 767 1199 apertio
780 1151 924 1186 fenestrae
944 1153 987 1186 est
1004 1155 1148 1188 conditio
1159 1152 1222 1189 sine
1242 1167 1305 1202 qua
1325 1148 1457 1192 cubicix-

71 1199 138 1236 lum
147 1213 215 1235 non
231 1199 400 1236 illustratur
414 1214 422 1235 :
434 1199 472 1235 sic
483 1203 528 1234 rei
546 1200 775 1237 comburenda:
787 1200 826 1234 ad
839 1202 948 1248 ignem
967 1201 1115 1236 admotio
1134 1202 1181 1236 est
1206 1205 1285 1238 item
1311 1206 1457 1242 conditio

71 1248 114 1284 ad
131 1246 391 1284 comburendum
403 1248 560 1297 requisita.
575 1250 638 1284 Sed
649 1262 717 1297 quae
731 1250 922 1286 foecunditas
934 1248 995 1284 effe
1012 1252 1119 1299 potest
1138 1253 1170 1286 in
1186 1252 1247 1287 hoc
1260 1257 1383 1300 pariete
1399 1285 1407 1298 ‚
1422 1268 1458 1291 ut

73 1296 217 1333 infinitas
230 1299 466 1346 propemodum
480 1301 652 1337 enotares,
673 1301 878 1347 quantumvis
899 1297 1071 1334 leviffimas
1083 1306 1116 1345 &
1134 1299 1325 1337 insensibiles
1355 1303 1461 1340 effun-

66 1347 130 1383 dat
141 1376 152 1391 ‚
170 1348 300 1394 quoties
313 1347 368 1382 alii
379 1350 517 1395 parietes
527 1347 601 1383 huic
613 1347 727 1383 similes
742 1360 798 1384 aut
811 1346 973 1383 dissimiles
983 1351 1146 1397 eriguntur
1158 1378 1167 1392 ,
1181 1362 1238 1384 aut
1253 1351 1460 1389 dealbanturz

68 1397 153 1443 quid
160 1397 317 1443 parietem
334 1397 488 1431 admonet
509 1408 545 1431 ut
557 1410 662 1433 novas
682 1398 751 1433 illas
769 1398 922 1434 entitates
940 1398 1136 1445 profundat?
1155 1398 1223 1434 haec
1246 1398 1318 1436 sane
1332 1405 1459 1451 concipi

69 1444 166 1479 ,nulla
183 1446 306 1479 ratione
318 1444 460 1491 poll'unt.

114 1490 241 1527 Contra
260 1507 291 1528 20
308 1494 393 1527 Cum
409 1494 515 1528 forma
542 1493 669 1540 phyfica
686 1499 720 1530 &
736 1493 828 1528 realis
848 1493 992 1541 subjecto
1014 1496 1149 1529 advenit
1170 1524 1179 1538 ‚
1204 1495 1242 1530 fit
1264 1499 1297 1530 in
1316 1497 1460 1547 subjecto

73 1540 170 1574 realis
182 1545 214 1576 &
227 1538 354 1587 physica
365 1544 505 1575 mutatio
519 1541 664 1576 :arnulla
679 1541 746 1576 fieri
760 1543 864 1588 potest
881 1545 1016 1576 mutatio
1036 1543 1127 1577 realis
1146 1546 1179 1579 in
1193 1544 1326 1580 homine
1342 1550 1399 1592 qui
1418 1548 1461 1581 est

78 1588 200 1624 Parisiis
211 1617 219 1631 ,
237 1601 309 1622 cum
324 1587 402 1623 alius
416 1590 447 1623 ei
466 1589 572 1624 similis
586 1591 616 1623 in
631 1589 720 1624 India
733 1589 881 1633 nascitur,
894 1601 948 1624 aut
962 1593 1096 1625 moritur
1110 1605 1117 1627 :
1132 1590 1215 1629 secus
1236 1595 1325 1628 enim
1342 1595 1398 1629 ubi
1410 1608 1460 1630 res

72 1636 186 1684 'aliqua
202 1635 337 1673 efficitur
352 1666 361 1679 ‚
374 1637 508 1672 infinitae
518 1641 551 1673 in
564 1637 657 1673 rebus
678 1638 829 1674 omnibus
849 1637 1024 1674 relationes
1043 1651 1242 1688 exurgerent.
1259 1645 1328 1677 Imo
1340 1644 1377 1677 ad
1389 1658 1462 1679 mo..

73 1696 150 1720 *tum
159 1685 267 1734 pedis,
283 1697 338 1719 aut
355 1689 466 1734 capitis
483 1699 569 1722 totus
583 1687 670 1721 orbis
693 1699 956 1723 commoveretur
979 1702 986 1723 :
1012 1701 1088 1723 nam
1106 1689 1240 1725 infinitae
1258 1696 1292 1728 &
1314 1703 1459 1729 recentes

79 1734 252 1770 relationes
263 1736 511 1782 propinquitatis
523 1765 532 1778 ,
545 1747 599 1771 aut
611 1736 765 1771 distantia:
783 1736 876 1772 rebus
889 1735 958 1784 ipsis
971 1735 1210 1775 succrescerent.

116 1782 213 1818 Plura
231 1781 312 1817 nihil
332 1781 453 1818 necelle
473 1786 516 1819 est
531 1784 676 1820 hocloco
689 1784 842 1834 subjicere
853 1815 862 1829 ,
879 1798 950 1820 cum
965 1798 1013 1819 res
1028 1786 1094 1834 ipsa
1106 1785 1142 1822 fit
1157 1788 1336 1831 manifesta3
1354 1792 1460 1835 quod-

80 1844 147 1878 que
164 1832 207 1866 est
219 1834 345 1879 penitus
358 1833 559 1881 incognitum
571 1839 602 1870 &
614 1834 740 1877 inutile,
754 1836 793 1868 ad
807 1848 876 1870 rem
890 1834 1113 1882 explicandam
1129 1835 1241 1870 frustra
1257 1836 1458 1876 adhibeatur.

81 1880 176 1918 Nihil
196 1891 293 1928 porro
320 1883 421 1929 magis
445 1883 489 1916 est
512 1885 714 1930 incognitum
728 1912 737 1926 ‚
756 1895 811 1917 aur
836 1882 1154 1931 incomprehensum,
1170 1884 1269 1931 quani
1294 1887 1383 1920 modi
1412 1888 1460 1922 illi

81 1929 253 1977 respeffivi
266 1940 340 1972 ,aut
359 1942 450 1967 novae
461 1934 612 1967 entitates
622 1944 692 1978 quae
711 1944 783 1966 cum
794 1933 885 1969 nullo
900 1931 998 1974 sensu,
1015 1932 1101 1967 nulla
1118 1936 1246 1969 ratione
1264 1932 1435 1971 fulciantur
1448 1967 1459 1982 ,

82 1989 120 2015 ut
136 1978 367 2028 disputationes
380 1990 507 2017 tanturn
520 1979 663 2017 infinitas
671 1980 763 2019 alunt
776 1980 834 2025 ,fic
843 1981 959 2018 nullius
978 1983 1025 2016 rei
1035 1984 1214 2032 cognitioni
1236 1981 1420 2022 inserviunt.

609 2056 787 2090 Solvuntur
810 2053 861 2098 obj
864 2055 938 2090 effla.

114 2129 193 2176 Qo
209 2125 332 2165 facilius
349 2131 389 2164 iis
408 2141 480 2177 quae
493 2139 607 2164 contra
623 2140 853 2177 opponuntur,
875 2130 975 2166 facias
987 2130 1065 2165 ‘satis
1077 2160 1086 2174 ‚
1103 2141 1218 2165 notare
1231 2142 1362 2181 oportet
1379 2133 1462 2168 rela-

86 2176 209 2210 tionem
226 2180 512 2225 praedicamenturn
523 2177 671 2223 esse‚licet
685 2192 750 2213 non
767 2177 803 2214 fit
819 2179 923 2215 forma
939 2181 1088 2227 quaedam
1108 2178 1234 2228 physica
1250 2211 1260 2225 ,
1272 2182 1322 2217 sed
1338 2194 1464 2218 tantum

87 2224 312 2274 metaphysica.
335 2231 455 2275 Neque
466 2230 552 2263 enim
566 2228 689 2263 necelse
701 2228 745 2262 est
754 2239 788 2262 ur
798 2230 1045 2276 praedicamenta
1059 2228 1119 2264 fint
1137 2231 1317 2266 accidentia
1333 2229 1462 2280 physica

89 2282 160 2317 quae
181 2274 274 2310 rebus
297 2278 471 2312 inhaereant
485 2294 494 2320 3
508 2274 560 2311 sed
571 2277 641 2312 fiatis
656 2277 698 2311 est
709 2288 744 2312 ut
757 2276 816 2313 fint
826 2278 1002 2313 accidentia
1014 2278 1119 2326 logica
1133 2289 1220 2313 extra
1235 2282 1280 2315 rei
1297 2279 1463 2315 essentiam

90 2317 266 2366 pofim,uti
284 2326 322 2359 de
335 2324 513 2360 sexulrimis
534 2328 787 2373 praedicamentis
807 2327 949 2362 fatentur
966 2327 1111 2374 plerique
1131 2327 1327 2378 Philosophi.
1361 2329 1463 2377 Qiod

88 2379 139 2402 res
158 2380 207 2404 ex.
223 2383 268 2419 gr.
283 2386 441 2421 ponantur
458 2377 492 2410 in
510 2374 583 2411 loco
603 2389 661 2426 per
675 2375 883 2413 ubicationem
900 2404 911 2420 ,
930 2386 966 2412 ut
981 2375 1158 2425 loquuntur
1171 2405 1182 2421 ‚
1196 2377 1284 2414 illam
1306 2377 1465 2413 ubicatio-

1224 2429 1245 2462 s
1270 2429 1303 2473 iij
