1857 2745
321 123 352 151 16
720 119 1321 160 INSTJTUTIO·NE·S

356 166 472 200 Tertia
484 167 600 200 dicitur
619 166 746 202 causalis
758 198 768 212 ,
785 182 854 216 quae
871 182 940 204 rem
956 170 1096 218 explicat
1108 185 1165 221 per
1190 172 1314 208 causam
1328 171 1456 208 finalem
1467 201 1476 216 ‚
1497 184 1553 208 aut
1571 172 1717 220 efficienss

322 226 388 248 tem
401 227 476 257 ‚aut
495 215 731 263 exemplarem:
751 230 786 252 ut
797 219 896 253 homo
912 220 955 253 est
972 220 1090 254 ammal
1109 222 1150 255 ad
1164 224 1226 257 Dei
1241 221 1483 257 similitudinem
1509 222 1630 259 faetum
1643 253 1654 269 ‚
1678 236 1714 259 ut

321 275 361 297 eo
373 263 434 297 frui
453 262 561 312 poffit.
584 264 710 313 Eclipsis
730 266 812 305 lunae
837 269 880 302 est
909 268 1110 316 interpositio
1135 282 1225 308 terrae
1239 271 1339 310 solem
1366 274 1492 308 inter&
1507 271 1624 309 lunam.

357 314 498 360 Optima
513 315 645 362 quidem
663 313 841 351 definiendi
857 319 940 351 ratio
955 318 999 352 est
1007 330 1044 352 ea
1055 347 1065 362 ,
1086 332 1156 367 quae
1173 320 1294 364 brevis,
1312 334 1383 368 quse
1400 321 1485 355 clara
1499 350 1508 364 ,
1531 333 1600 368 quae
1615 335 1717 371 gene-

318 372 352 393 re
364 364 515 409 proximo
527 363 889 401 constatsffliffei-encia
903 381 910 400 z
926 364 966 400 fic
975 370 1063 402 enim
1082 370 1188 416 palam
1204 370 1240 406 fit
1261 371 1430 418 quomodo
1449 382 1497 405 res
1515 382 1583 418 quae
1601 373 1636 406 dt
1644 372 1717 407 fini-

321 420 370 443 tur
385 438 394 453 ,
413 416 589 448 conveniat
605 426 680 448 cum
700 412 855 450 similibus
876 421 909 454 ὃς
926 419 1073 464 cognatis
1086 422 1232 455 maxime
1248 449 1257 458 ,
1279 418 1370 454 fimul
1390 425 1424 456 δε
1445 422 1476 455 in
1491 432 1558 467 quo
1579 421 1621 455 ab
1645 421 1715 455 aliis

318 458 476 508 discrepet
490 477 498 498 :
521 475 658 510 tumque
676 462 825 501 definitio
836 464 933 513 plena
945 466 990 499 est
1003 493 1013 508 ,
1029 479 1096 503 non
1107 469 1266 505 diminuta
1277 498 1286 513 ‚
1316 474 1350 506 &
1368 481 1492 504 tautum
1504 481 1594 517 patet
1612 483 1716 518 quan-

319 519 388 543 tum
405 522 453 544 tes
467 511 613 548 definita.

356 559 421 593 Sed
437 560 508 596 raro
523 565 635 598 evenit
652 576 688 599 ut
702 576 802 613 genus
821 567 865 599 rei
887 568 1072 615 proximum
1089 595 1099 610 ‚
1119 570 1293 616 &propria
1305 567 1357 602 vel
1371 565 1516 615 specifica
1530 567 1717 603 diffi’rentia

316 606 411 642 nobis
428 611 631 648 innotescant
645 628 657 651 A:
673 615 758 649 unde
777 617 874 650 tutius
891 616 933 649 est
955 614 1130 662 aliquando
1147 629 1216 652 rem
1235 629 1291 665 per
1305 618 1523 651 accidentium
1540 645 1549 660 ,
1568 627 1624 650 aut
1640 629 1717 664 pro-

316 658 493 704 prietatum
511 665 698 709 congeriem
715 665 895 712 explicare,
920 676 1019 711 quam
1036 663 1130 699 brevi
1155 665 1332 701 verborum
1346 665 1518 714 complexu
1530 694 1540 709 ,
1572 664 1626 699 vel
1643 678 1717 700 ora-

318 708 409 741 tione
431 712 499 752 uti,
534 723 604 758 quae
618 712 808 761 plerumque
826 712 902 748 falsa
920 714 981 755 est,
1008 726 1062 747 aut
1083 714 1245 763 ambigua.
1270 715 1371 761 quue
1389 716 1530 749 maxime
1552 716 1663 748 evenit
1683 717 1716 749 in

315 755 411 791 rebus
429 757 563 808 physicis
573 790 581 803 ‚
602 762 658 796 ubi
670 775 770 807 genus
790 768 823 800 &
837 761 1021 798 differentia
1036 775 1093 797 nos
1105 775 1220 810 magna
1234 776 1275 799 ex
1286 776 1376 811 parte
1393 764 1531 812 fugiunt.
1551 766 1601 799 Ut
1612 761 1633 798 fi
1644 765 1715 810 quis

316 818 506 853 magnetem
523 811 606 845 velit
617 800 753 846 definire
768 841 777 855 ‚
796 815 932 846 omnino
948 809 1072 845 necess'e
1091 813 1134 846 est
1151 824 1185 846 ut
1202 812 1307 860 plures
1321 818 1384 861 (jus
1400 816 1612 861 proprietates
1627 810 1717 847 fimul

315 859 512 904 conjungat,
532 859 595 894 hoc
613 859 683 893 fere
702 862 820 904 modo,
841 873 970 909 magnes
983 861 1027 894 est
1038 872 1150 908 corpus
1166 872 1203 895 ex
1221 862 1326 907 lapide
1341 868 1374 898 ἃ
1389 862 1476 896 ferro
1489 860 1715 910 compositum,

317 905 406 950 quod
420 906 518 940 alium
538 920 724 956 magnetem
738 937 747 947 ‚
771 921 825 943 aut
844 909 966 943 ferrum
983 908 1039 942 sibi
1053 911 1196 947 vicinum
1214 910 1254 943 ad
1271 910 1301 943 se
1311 913 1416 957 rapit3
1438 922 1505 944 tum
1516 911 1592 945 alias
1604 940 1613 953 ‚
1628 910 1648 945 fi
1661 925 1715 946 vo,

315 952 362 986 let
376 982 386 995 ‚
422 959 581 1003 magnetis
596 960 809 1005 proprietates
830 957 961 1000 affiret,
985 956 1104 1003 quibus
1124 964 1188 1005 ejus
1211 970 1322 993 natura
1336 958 1393 994 fiet
1410 961 1563 1007 apertior,
1584 959 1715 1007 quamsi

319 1014 421 1049 genus
437 1005 605 1050 quoddam
629 1008 832 1052 proximum,
862 1014 896 1043 ὅ(
928 1006 1077 1039 ultimam
1101 1006 1318 1042 differentiam
1338 1011 1546 1055 excogitaret.
1572 1010 1607 1042 Id
1625 1011 1712 1044 enim

315 1050 393 1083 dum
412 1054 504 1086 anxie
518 1058 550 1089 &
563 1066 647 1101 pene
666 1053 875 1101 superstitiose
892 1053 1110 1103 persequimur
1123 1084 1132 1098 ‚
1148 1069 1214 1090 non
1239 1067 1304 1089 tam
1321 1056 1530 1091 definitiones
1541 1086 1550 1100 ‚
1569 1070 1640 1104 quae
1664 1058 1713 1091 cli-

315 1098 441 1134 stinetis
461 1113 567 1136 rerum
581 1105 732 1137 notiones
761 1101 904 1140 efficiant
919 1133 929 1148 ,
947 1102 1046 1151 quam
1072 1106 1241 1153 aenigmata
1263 1103 1327 1154 ipsa
1343 1105 1506 1141 affl-rimus
1525 1120 1532 1141 :
1554 1111 1638 1156 cujus
1658 1118 1714 1156 ge-

314 1150 399 1189 neris
419 1149 532 1198 paffim
550 1164 729 1189 occurrunt.

347 1200 429 1232 Tres
449 1198 518 1235 sunt
535 1205 697 1250 praecipua:
714 1202 802 1252 leges
812 1203 1025 1242 definitionis.
1046 1208 1152 1242 Prima
1166 1235 1174 1248 ,
1190 1217 1226 1240 ut
1244 1204 1281 1240 sit
1292 1203 1406 1239 clarior
1422 1216 1456 1239 re
1476 1203 1610 1238 definita
1627 1232 1636 1246 ‚
1666 1202 1713 1238 se„-

315 1259 367 1281 cus
378 1261 445 1283 non
461 1252 523 1285 erit
535 1253 641 1286 oratio
652 1254 797 1288 veritatis
814 1255 1055 1291 manifestatrix.
1072 1259 1111 1292 Et
1119 1255 1255 1303 quidem
1268 1253 1371 1289 multa
1382 1253 1450 1289 sunt
1464 1266 1533 1301 quse
1544 1252 1712 1288 definitio-

314 1296 408 1332 nibus
428 1304 529 1349 magis
554 1301 759 1338 obscurantur
772 1333 781 1347 ,
810 1303 907 1351 quam
927 1304 1140 1348 illustrantur,
1167 1317 1302 1353 quaeque
1316 1316 1373 1352 per
1391 1303 1420 1338 se
1436 1303 1506 1338 sum
1529 1315 1658 1351 aperta,
1674 1308 1710 1337 u't

316 1357 440 1395 tempus
455 1376 463 1387 ‚
484 1351 556 1384 ilfa
574 1354 639 1399 ipſsa
654 1380 660 1389 ,
679 1351 732 1387 seu
748 1356 916 1402 perceptio
935 1357 1054 1389 mentis
1067 1384 1077 1398 ‚
1104 1356 1176 1389 ordo
1193 1382 1199 1390 .
1228 1353 1365 1397 extenfio
1380 1381 1388 1390 ,
1410 1365 1554 1386 numerus
1570 1380 1578 1391 ‚
1603 1357 1636 1389 &
1649 1351 1712 1386 alia

313 1392 400 1429 bene
411 1397 512 1432 multa
526 1429 533 1441 ‚
552 1413 608 1448 per
628 1400 838 1437 definitiones
858 1406 960 1452 magis
974 1403 1120 1447 involvi,
1135 1402 1235 1451 quau]
1252 1402 1405 1451 explicari
1427 1400 1541 1437 solent.

350 1445 509 1481 Adversus
527 1449 609 1483 hanc
623 1448 729 1497 legem
748 1464 862 1498 peccat
874 1454 1063 1499 quicunque
1077 1455 1160 1487 inter
1183 1451 1407 1486 definiendum
1423 1452 1522 1485 utitur
1537 1450 1711 1498 metapho-

311 1494 376 1535 tiS,
400 1495 570 1542 praesertim
591 1498 842 1542 remotioribus,
860 1513 916 1535 aut
937 1501 1072 1535 vocibus
1088 1500 1243 1536 inusitatis
1261 1529 1269 1541 ,
1289 1506 1323 1536 &
1349 1501 1497 1534 terminis
1529 1498 1709 1548 ambiguis:

311 1542 396 1579 unde
411 1544 430 1579 Ξῑ
442 1546 607 1581 nonnullis
633 1548 912 1595 reprehenduntur
930 1549 977 1583 hae
994 1555 1027 1586 &
1043 1548 1157 1583 similes
1169 1548 1387 1583 definitiones.
1409 1550 1526 1583 Anima
1544 1549 1586 1582 est
1598 1561 1713 1583 nume-

311 1602 362 1624 rus
377 1590 509 1640 seipsum
526 1609 680 1639 movcns;
703 1608 835 1644 tempus
849 1599 892 1632 est
908 1610 1055 1639 numerus
1075 1597 1479 1644 motuS‚secund1*1mprius
1494 1602 1526 1633 ἅ·
1546 1598 1711 1644 posterius.

345 1643 492 1676 Secunda
507 1644 559 1678 lex
585 1647 618 1679 in
637 1658 677 1680 eo
691 1646 828 1681 consistit
842 1676 851 1691 ,
871 1659 906 1681 ut
916 1646 1066 1682 definitio
1079 1646 1115 1681 fit
1129 1646 1236 1680 brevis
1248 1674 1258 1688 ,
1278 1659 1315 1679 ac
1333 1646 1414 1680 nihil
1437 1648 1468 1678 in
1487 1657 1524 1678 ea
1536 1646 1703 1680 redundet·

311 1689 471 1725 Adversus
483 1691 565 1727 hanc
576 1692 682 1742 legem
698 1707 849 1742 peccatur
858 1696 1026 1730 additione
1037 1694 1196 1742 particulae
1207 1694 1339 1741 alicujus
1356 1693 1477 1728 inutilis
1494 1710 1502 1735 ·‚
1515 1705 1550 1727 ut
1565 1706 1638 1727 cum
1653 1694 1712 1728 de.)

311 1736 421 1773 finitur
436 1739 537 1775 homo
549 1771 558 1784 ‚
576 1743 694 1778 animal
706 1744 865 1779 rationale
881 1744 1039 1780 mortale:
1057 1756 1132 1778 nam
1150 1745 1181 1778 in
1197 1744 1255 1778 hac
1270 1741 1464 1777 definitione
1475 1770 1484 1784 ,
1511 1742 1648 1776 mortale
1660 1742 1710 1777 su..

309 1788 469 1835 perfluum
485 1791 527 1824 est
541 1805 657 1826 :omne
674 1791 830 1840 siquidem
842 1793 979 1835 animal,
994 1794 1082 1827 idem
1094 1794 1138 1827 est
1151 1791 1402 1839 mortalczquare
1418 1791 1519 1825 homo
1531 1791 1646 1825 dicitur
1658 1790 1710 1828 bis

310 1838 467 1874 mortalis.
483 1841 591 1887 Atque
606 1843 630 1874 ii
650 1843 768 1876 merito
791 1842 1090 1890 reprehenduntur,
1111 1843 1169 1888 qui
1187 1842 1307 1876 docent
1330 1843 1361 1875 in
1377 1839 1570 1875 definitione
1591 1838 1709 1887 speciei

310 1885 468 1921 attributa
482 1890 623 1925 omnia&
640 1889 787 1938 supremo
803 1903 922 1938 genere
941 1890 1037 1939 usque
1054 1892 1093 1925 ad
1111 1889 1258 1925 infimum
1277 1889 1381 1924 afferri
1399 1900 1551 1938 oportere
1569 1903 1576 1924 :
1604 1901 1710 1935 quan-

311 1935 489 1982 doquidem
508 1940 540 1972 in
555 1950 676 1987 genere
691 1941 842 1987 proximo
857 1951 968 1974 caetera
985 1942 1094 1975 omnia
1113 1939 1440 1988 compnhenduntur.
1457 1941 1531 1974 Nec
1549 1949 1614 1972 tam
1637 1938 1709 1973 for-

312 1985 450 2032 tegemus
466 1989 648 2031 proximum
660 1990 692 2022 in
703 1987 894 2023 definitione
921 1990 1050 2024 affertur
1065 2018 1074 2032 ,
1093 2001 1127 2023 ut
1146 1991 1178 2023 in
1193 2002 1260 2035 quo
1272 2001 1320 2022 res
1339 2001 1411 2022 cum
1430 1988 1500 2022 aliis
1516 1989 1707 2030 conveniat,

310 2034 406 2069 nobis
428 2035 534 2082 palam
549 2035 603 2071 fiat
618 2066 628 2078 ‚
647 2037 750 2084 quam
768 2049 804 2072 ut
820 2051 888 2072 rem
906 2038 1005 2086 ipsam
1023 2037 1065 2072 ab
1088 2038 1159 2072 aliis
1175 2035 1289 2072 diversi
1311 2039 1437 2086 generis
1464 2036 1644 2084 distinguat.
1671 2038 1708 2072 Id

309 2083 433 2119 veroin
444 2083 538 2120 rebus
548 2084 683 2135 physicis
694 2099 826 2136 perraro
842 2089 998 2132 occurrit,
1018 2089 1064 2122 uti
1081 2092 1114 2125 ὃ(
1127 2089 1145 2121 d
1161 2086 1310 2123 ffirentia
1325 2089 1455 2136 propria
1468 2115 1478 2129 ‚
1503 2084 1555 2120 seu
1568 2085 1706 2133 qualitas

313 2134 359 2166 rei
382 2131 563 2170 essentialis.

339 2183 507 2225 Tei-tiam
523 2184 718 2221 definitio-fit
727 2188 891 2234 reciproca
904 2200 977 2222 cum
991 2201 1025 2223 re
1042 2201 1113 2236 quae
1126 2186 1379 2222 definitur-,Hinc
1393 2185 1448 2220 illa
1462 2184 1517 2219 usu
1529 2187 1601 2219 trita
1612 2187 1706 2220 axio-

311 2242 418 2266 mata:
439 2235 489 2266 cui
503 2238 661 2270 convenit
679 2234 849 2279 definitio,
863 2240 1064 2274 convenit&
1075 2235 1265 2279 definitum3
1287 2238 1338 2270 cui
1354 2236 1509 2269 convenit
1519 2233 1686 2269 definitum
1697 2263 1708 2278 ‚

312 2283 468 2314 convenit
480 2287 513 2318 δε
526 2283 676 2320 definitio
689 2302 698 2328 ·,
713 2286 764 2319 cui
776 2297 935 2333 repugnat
949 2286 1118 2322 definitum
1129 2316 1138 2330 ,
1160 2297 1316 2334 repugnat
1333 2289 1366 2321 ὃς
1385 2283 1544 2320 definitio.
1584 2283 1709 2319 Adver-

310 2327 357 2368 sus
377 2328 457 2364 lianc
471 2330 575 2377 legem
590 2346 745 2382 peccant,
762 2336 818 2381 qui
836 2332 1065 2371 definitionem
1078 2336 1203 2371 faciunt
1221 2334 1270 2369 vel
1289 2333 1439 2368 latiorem
1456 2363 1465 2377 ‚
1485 2334 1536 2367 vel
1569 2333 1707 2367 strictio-

309 2380 544 2427 re1n2qussuniit
561 2395 608 2420 res
619 2382 755 2421 definita
767 2398 774 2420 ε
788 2395 823 2420 ut
833 2381 854 2419 fi
868 2382 1000 2423 definias
1018 2385 1187 2423 hominem
1203 2382 1324 2421 animal
1339 2382 1451 2431 bipeS,
1472 2381 1525 2419 vel
1545 2380 1704 2463 rationale

1612 2442 1654 2464 VU
1670 2441 1704 2463 Ul
