1857 2745
348 137 406 179 5⁶2
806 122 1331 162 METAPHYSICLAE

349 180 457 216 aiunt,
480 187 641 225 quatenus
664 172 825 209 aeternitas
842 184 942 208 omne
961 184 1091 222 tempus
1115 175 1353 224 complectitur.
1637 217 1640 219 ‚

386 224 513 262 Verum
526 223 718 260 incredibile
736 224 774 256 iis
790 222 918 258 videtur
930 224 1041 258 Deum
1062 235 1131 260 tarn
1145 223 1305 261 immenso
1319 223 1423 274 spatio
1441 220 1599 259 cess‘aviffe
1612 251 1622 267 ,
1647 228 1680 261 &
1702 224 1753 260 ni?-

361 275 409 311 hil
434 272 539 324 egisse.

386 325 475 372 Refp.
495 335 563 358 tam
591 320 688 356 facile
705 320 767 356 effe
785 321 955 358 intellectu
971 321 1028 371 qui
1049 327 1140 361 Deus
1161 321 1343 358 liberrimus
1364 335 1438 359 cum
1465 321 1502 357 sit
1515 351 1525 366 ‚
1550 322 1705 358 mundum
1720 323 1759 359 in*

352 366 521 421 tempore,
534 384 609 407 cum
626 370 765 406 voluerit
776 400 786 415 ,
804 373 1008 417 condiderit,
1031 373 1132 422 quam
1145 373 1237 420 quod
1254 386 1338 408 nunc
1358 386 1408 408 res
1431 371 1564 421 singulas
1588 383 1757 421 procreet.

354 424 476 471 Neque
494 424 583 457 enim
594 433 680 455 nunc
691 421 825 455 feriatur
841 449 851 465 ,
871 434 927 463 aut
944 426 1084 459 omnino
1097 422 1203 459 celsat.
1213 423 1318 507 (Ἧι-αεὶ
1330 421 1351 457 fi
1367 434 1466 471 agens
1484 420 1561 456 effer
1581 421 1730 457 naturale
1741 449 1758 466 ς

355 477 389 509 &
411 471 639 514 neceffirium,
656 470 688 504 id
703 473 816 517 utique
830 473 957 520 concipi
973 473 1183 519 nullomodo
1201 485 1243 521 po
1270 483 1303 506 et
1325 486 1333 508 :
1350 471 1404 507 sed
1420 473 1488 520 agit
1512 483 1586 505 cuni
1604 470 1693 514 vult,
1719 476 1755 507 &

354 521 527 568 quomodo
543 521 624 556 vult.
637 521 712 556 Nec
722 519 856 556 dubium
877 521 921 556 est
935 549 945 564 ,
963 525 1044 570 quin
1057 522 1221 572 Angelum
1237 551 1246 565 ,
1261 520 1281 556 si
1294 521 1375 557 velit
1390 549 1400 564 ‚
1418 532 1503 557 nunc
1520 531 1628 554 creare
1642 531 1761 568 queat.-

356 571 448 618 Qid
468 572 511 605 est
539 582 618 620 ergo
634 581 690 604 cur
705 582 822 605 omnes
843 570 1008 619 Angelos,
1032 578 1066 610 ὃς
1088 571 1246 608 mundum
1265 570 1366 620 ipsum
1382 573 1416 607 in
1445 581 1594 617 tempore
1614 569 1755 604 condere

357 633 424 656 non
437 622 608 669 potuerit?
633 621 696 655 His
709 631 790 669 ergo
812 620 969 665 discussis,
988 627 1054 671 jam
1073 623 1240 658 videamus
1265 620 1389 669 quibus
1401 620 1598 668 argument-is
1614 617 1763 668 probent

355 670 513 706 mundum
522 668 564 704 ab
583 679 704 704 aetetno
717 669 813 704 condi
826 669 972 718 potuilse.
1262 690 1263 693 ¹

392 720 477 767 Opp.
493 732 517 755 1.
536 716 672 765 Nullum
690 718 735 752 est
747 719 862 755 instans
883 721 915 756 in
933 733 1000 769 quo
1019 724 1106 756 Deus
1123 720 1283 756 mundum
1303 732 1411 756 creare
1438 733 1506 757 non
1527 719 1695 769 potuerit,
1720 720 1758 754 δε

355 769 447 804 omni
461 768 587 804 instanti
601 779 670 815 quo
679 767 722 802 est
737 796 747 812 ,
765 770 792 802 is
808 769 915 817 potest
929 773 1077 818 operari:
1093 783 1171 820 ergo
1179 769 1221 805 ab
1239 782 1378 807 zeter-no¹

391 819 482 864 Reff.
495 819 711 852 aeternitatem
723 817 785 853 effe
801 830 901 862 unum
913 822 979 856 Dei
1002 820 1122 855 instans
1143 818 1272 855 infinite
1301 819 1485 868 perfedtum
1497 848 1507 863 ,
1535 829 1635 866 atque
1651 818 1684 852 in
1704 816 1758 850 in-

358 867 455 903 stanti
469 879 538 914 quo
554 863 599 901 est
612 895 622 910 ,
641 869 769 915 operari
789 866 900 915 posse,
924 869 1144 918 inadaequate,
1169 872 1210 905 C.
1227 867 1424 916 adaequate',
1459 870 1513 905 N.
1534 871 1623 905 Nam
1635 876 1674 907 *ut
1692 865 1759 902 Dei

356 914 592 960 immensitati,
612 915 659 951 (ic>
674 918 939 953 aeternitatinihil
951 920 1117 966 adaequate
1130 919 1416 966 co'e'xoendipotest
1435 932 1443 954 :
1469 916 1523 953 sed
1539 927 1679 963 utraque
1687 925 1760 950 rna*-

357 968 407 1015 gis
422 968 625 1014 participari,
647 966 748 1013 i'dque
769 968 802 1001 in
819 966 988 1003 infinitum
1002 997 1012 1012 ,
1032 967 1199 1003 sic‘tamen
1213 979 1249 1002 ut
1267 980 1434 1015 nunquam
1448 967 1668 1002 exhauriatur.
1712 998 1715 1000 ,

391 1016 658 1065 Opp.20‘tempus
673 1014 825 1051 fictitium
836 1021 870 1053 δε
882 1015 1041 1053 infinitum
1050 1019 1180 1065 concipi
1196 1017 1352 1065 possessui
1366 1018 1530 1052 aeternitas
1543 1017 1610 1052 Dei
1621 1013 1757 1062 respon-

360 1064 438 1099 deat
456 1093 466 1107 ,
488 1076 523 1099 ut
537 1063 734 1100 immensitas
749 1064 851 1114 spatio
865 1067 1067 1116 imaginario,
1084 1067 1149 1102 Sed
1160 1066 1253 1115 hujus
1269 1069 1424 1115 temporis
1436 1065 1569 1102 infinitae
1579 1075 1684 1114 partes
1697 1061 1766 1098 flu·

359 1124 476 1147 xerunt
488 1141 496 1155 ,
510 1113 637 1149 &nihil
649 1113 756 1148 obstat
767 1117 942 1161 quominus
959 1127 1032 1151 toto
1046 1116 1104 1151 illo
1117 1127 1267 1164 ternpore
1288 1116 1425 1152 mundus
1443 1117 1602 1150 extiterit.
1621 1113 1709 1148 Cum
1726 1111 1760 1146 id

360 1174 429 1196 non
447 1173 606 1209 repugnet
632 1174 671 1196 ex
688 1174 780 1210 parte
802 1166 889 1206 Dei,
915 1167 972 1212 (pi
987 1164 1111 1213 semper
1120 1164 1228 1214 potuit
1253 1177 1349 1214 agere
1363 1194 1372 1209 ,
1405 1177 1466 1200 nec
1485 1177 1523 1200 ex
1536 1175 1628 1213 parte
1647 1161 1763 1198 mundi

360 1208 452 1258 ipsius
464 1239 472 1252 ‚
491 1212 548 1257 qui
562 1207 687 1258 semper
701 1211 764 1245 fuit
782 1213 995 1258 producibilis
1013 1230 1022 1254 ;
1037 1226 1098 1248 nec
1111 1216 1244 1248 demum
1259 1226 1296 1248 ex
1319 1226 1411 1262 parte
1424 1215 1597 1249 creationis
1608 1242 1617 1255 ,
1636 1224 1704 1259 quae
1714 1209 1762 1245 est

360 1259 407 1294 est
422 1259 632 1296 instantanea.
647 1261 758 1307 Atque
771 1270 807 1293 ut
824 1257 870 1294 sol
884 1270 925 1294 eo
937 1261 1068 1296 instanti
1079 1273 1148 1308 quo
1161 1262 1207 1296 est
1218 1290 1227 1304 ,
1248 1261 1354 1297 lucem
1365 1275 1515 1310 procreat
1529 1261 1589 1300 tsic
1604 1264 1698 1298 Deus
1716 1257 1758 1294 ab

363 1311 452 1343 omni
463 1310 642 1343 aetetnitate
653 1310 762 1356 potuit
773 1309 931 1344 mundum
945 1337 954 1352 ,
974 1321 1013 1344 ut
1033 1309 1089 1345 suae
1104 1309 1263 1345 bonitatis
1286 1311 1411 1346 radium
1425 1310 1564 1346 efficere.

388 1358 476 1404 Reli).
486 1369 612 1405 tempus
627 1357 709 1391 illud
732 1355 882 1391 fictitium
896 1357 962 1392 esse
975 1358 1195 1406 impossibile,
1214 1360 1300 1392 unde
1317 1373 1384 1393 non
1398 1362 1514 1400 mirum
1528 1360 1570 1394 est
1582 1358 1601 1394 fi
1615 1357 1677 1394 hoc
1689 1357 1750 1393 ab-

362 1405 454 1440 surdo
468 1404 572 1454 posito
587 1435 596 1449 ,
626 1405 751 1453 reliqua
760 1405 1007 1453 consequantur.
1027 1408 1207 1456 Repugnat
1224 1405 1305 1442 vero
1316 1409 1474 1442 mundum
1490 1407 1555 1442 esse
1569 1407 1610 1442 ab
1627 1418 1759 1443 aeterno⁵

361 1458 438 1502 quia
456 1456 584 1489 duratio
603 1454 686 1489 illius
699 1467 774 1490 cum
786 1454 867 1490 esset
875 1454 1050 1491 successiva
1061 1485 1070 1499 ,
1087 1456 1202 1492 saltem
1214 1459 1379 1505 potentia,
1397 1456 1530 1493 infinita:
1551 1456 1636 1492 illius
1654 1467 1760 1505 partes

362 1509 426 1552 jam
451 1502 648 1539 effluxissent
664 1517 670 1538 :
689 1504 787 1552 idve
803 1507 939 1540 omnino
952 1504 1123 1540 absurdum
1138 1506 1194 1543 est.
1213 1521 1241 1542 2.
1259 1506 1362 1553 Qod
1374 1505 1412 1542 fit
1422 1519 1460 1542 ex
1472 1505 1576 1543 nihilo
1591 1509 1696 1555 ,prius
1707 1509 1760 1542 ni-

361 1553 410 1589 hil
422 1553 484 1588 fuit
496 1582 505 1596 ,
521 1565 620 1599 quam
641 1551 740 1596 esset,
754 1555 842 1597 quod
864 1555 905 1589 de
919 1567 953 1589 re
965 1567 1083 1590 aeterna
1094 1556 1157 1589 dici
1169 1568 1234 1592 non
1252 1556 1366 1604 potest.
1385 1571 1408 1603 ς.
1436 1558 1512 1592 Huc
1529 1556 1612 1591 adde
1631 1566 1760 1592 motum

363 1614 519 1637 aeternum
535 1601 601 1636 esse
612 1616 677 1638 non
689 1601 780 1651 posse
795 1617 802 1639 :
818 1616 892 1638 cum
903 1607 1043 1640 mutatio
1052 1608 1227 1649 omnis,aut
1237 1617 1343 1640 motus
1358 1604 1517 1655 supponat
1531 1605 1650 1653 aliquid
1663 1607 1761 1653 prius:

364 1664 427 1688 nec
445 1653 621 1699 quicquam
638 1664 679 1686 eo
694 1650 824 1687 instanti
848 1665 916 1700 quo
939 1655 982 1689 est
997 1685 1006 1698 ,
1028 1658 1154 1689 moveri
1172 1654 1281 1703 possit.
1314 1655 1424 1702 Qare
1438 1655 1542 1691 homo
1558 1655 1634 1690 ante
1649 1653 1762 1690 fuisset

364 1713 421 1749 per
432 1712 534 1735 totam
545 1704 762 1736 aeternitatem
774 1731 782 1745 ,
800 1701 900 1750 quam
921 1704 1038 1752 pedem
1050 1717 1186 1739 movere
1202 1704 1356 1753 potuisset
1373 1719 1381 1741 :
1400 1718 1469 1741 non
1485 1707 1595 1754 potuit
1608 1705 1697 1740 enim
1715 1702 1759 1738 ab

364 1762 485 1786 :eterno
503 1753 640 1788 moveri:
657 1753 707 1785 Sic
717 1754 889 1800 generatio
906 1764 1026 1789 aetema
1039 1754 1105 1788 esse
1120 1767 1185 1788 non
1198 1754 1317 1801 potest.

397 1800 480 1848 Opp.
493 1814 515 1845 3.
531 1802 621 1835 Deus
636 1803 667 1835 in
685 1812 752 1835 tora
769 1804 952 1837 aeternitate
967 1815 1066 1850 quam
1085 1815 1205 1837 vocant
1229 1802 1249 1838 a
1267 1814 1358 1851 parte
1382 1803 1452 1851 post
1465 1832 1476 1847 ,
1498 1802 1624 1852 semper
1635 1804 1760 1853 poterit

365 1860 459 1897 agere
478 1863 486 1883 ε
507 1861 586 1897 ergo
601 1855 635 1887 &
652 1848 693 1883 ab
710 1852 801 1886 omni
819 1854 999 1886 :eternitate
1015 1851 1034 1887 ἐι
1050 1863 1142 1901 parte
1153 1853 1229 1889 ante
1246 1854 1355 1899 potuit
1368 1855 1506 1900 operari.

406 1898 449 1942 Rq
459 1898 493 1946 fv.
505 1898 577 1943 dist.
592 1909 659 1936 ant.
678 1902 767 1934 Deus
779 1902 902 1948 poterit
918 1913 1014 1944 argere
1028 1904 1061 1938 in
1071 1913 1228 1936 aeternurn
1240 1931 1249 1944 ,
1265 1902 1428 1949 potentia,
1442 1904 1481 1939 C.
1500 1901 1575 1937 astu
1586 1929 1596 1944 ,
1606 1901 1659 1936 Ν.
1672 1897 1760 1936 Nul-

364 1946 430 1981 lum
441 1951 530 1982 enirn
544 1949 588 1984 est
598 1949 714 1985 instans
728 1950 800 1985 aestu
810 1941 1016 1999 designabile,
1027 1953 1060 1987 in
1071 1964 1138 1999 quo
1148 1954 1238 1987 Deus
1253 1964 1319 1987 non
1338 1950 1437 1999 possit
1457 1963 1562 2000 agere.
1583 1951 1735 1996 Utraque
1745 1978 1756 1994 ‚

364 2008 400 2031 ut
414 1998 458 2031 ita
475 1998 602 2042 dicam,
620 2000 781 2034 aeternitas
800 2001 841 2035 est
852 1999 982 2036 infinita
997 2002 1143 2050 potentia
1155 2030 1166 2045 ,
1184 2014 1250 2036 non
1267 2002 1341 2035 auu
1359 2016 1367 2037 :
1388 2003 1498 2049 potuit
1512 2002 1600 2034 enim
1617 2000 1701 2046 prius
1723 2000 1759 2034 in

365 2044 529 2081 infinitum
556 2048 694 2083 mundus
715 2051 833 2093 creari,
853 2049 904 2084 sed
926 2062 993 2084 non
1015 2049 1056 2084 ab
1071 2049 1204 2085 infinito
1224 2062 1372 2098 tempore
1392 2065 1400 2086 z
1425 2051 1508 2084 adeo
1523 2059 1559 2082 ut
1585 2060 1700 2083 verum
1722 2048 1758 2082 id

363 2107 529 2142 nunquam
544 2096 610 2130 este
619 2096 730 2145 possit,
742 2109 812 2132 rem
825 2109 967 2134 creatam
978 2098 1110 2134 infinito
1126 2111 1273 2148 tempore
1291 2099 1426 2135 durasse.
1438 2098 1490 2134 Est
1502 2099 1589 2133 enim
1600 2127 1612 2143 ,
1628 2109 1666 2133 ut
1678 2097 1758 2146 saepe

366 2145 524 2189 diximus,
552 2146 593 2180 de
605 2148 731 2181 ratione
744 2145 864 2182 infiniti
875 2150 1024 2196 potentia
1038 2177 1047 2191 ,
1065 2160 1100 2183 ut
1115 2161 1282 2195 nunquam
1300 2148 1517 2184 exhauriatur.

403 2196 513 2242 Atque
531 2197 562 2230 in
574 2197 612 2229 iis
627 2194 779 2239 omnibus
807 2199 1046 2245 imaginationis
1074 2200 1227 2246 evagatio
1253 2197 1430 2233 coercenda
1456 2197 1511 2232 est.
1542 2197 1631 2232 Nam
1641 2194 1696 2230 ubi
1718 2195 1760 2230 de

368 2242 516 2287 infinito,
536 2256 592 2280 aut
610 2245 650 2280 de
678 2257 800 2280 :eterno
813 2249 937 2295 agitur,
963 2247 1066 2283 nullus
1085 2249 1312 2296 imaginationi
1335 2247 1421 2280 locus
1444 2246 1647 2291 relinquitur.
1667 2246 1757 2280 Hinc

368 2296 583 2328 aeternitatem
598 2293 682 2341 quasi
704 2297 736 2329 in
753 2296 827 2330 duas
853 2308 958 2344 partes
982 2295 1142 2339 secamuS‚
1173 2302 1206 2333 &
1230 2308 1354 2343 teinpus
1379 2293 1463 2342 quafi
1481 2306 1646 2337 centrum,
1665 2292 1756 2341 quod

368 2345 580 2378 :eternitatem
593 2343 746 2379 bifariam
771 2344 855 2380 secat
870 2376 879 2389 ,
905 2345 1055 2394 fingimus
1076 2348 1211 2381 animo:
1233 2345 1316 2379 adeo
1336 2357 1370 2379 ur
1388 2357 1437 2379 rot
1451 2345 1638 2379 :eternitatis
1650 2353 1756 2391 partes

380 2389 551 2437 fluxerint,
576 2404 657 2442 quot
675 2393 802 2430 fluxurae
825 2394 895 2432 sunt
918 2410 925 2430 :
946 2408 1020 2431 cum
1040 2406 1151 2431 tamen
1177 2397 1337 2430 :eternitas
1361 2393 1396 2429 sit
1420 2405 1489 2430 tota
1508 2391 1598 2430 fimul
1613 2420 1623 2440 ,
1647 2392 1757 2429 necin
