1857 2745
392 132 454 156 100
796 115 864 151 DE
906 115 1368 152 UNIVERSALIBUS

390 170 471 204 nino
489 163 634 198 vitandus
649 162 692 196 est
706 191 715 204 ,
740 172 808 197 tum
829 166 862 198 in
880 162 1066 199 definiendo
1078 193 1086 207 ‚
1111 176 1180 199 turn
1205 166 1236 199 in
1254 163 1487 200 ratiocinando.

428 215 513 260 Resp.
525 210 683 245 vitiosam
698 209 756 245 effe
771 211 998 248 definitionem
1011 213 1195 248 circularem
1208 215 1241 249 in
1254 213 1350 248 rebus
1373 211 1523 247 absolutis
1539 239 1549 254 ,
1569 223 1634 247 non
1648 214 1729 247 item
1741 214 1775 249 in

391 263 509 298 relatis.
523 261 612 294 Hinc
628 260 711 294 male
721 263 790 306 quis
802 260 953 296 definiret
971 261 1138 297 hominem
1152 291 1162 305 ‚
1178 263 1264 309 quod
1278 261 1440 312 subjicitur
1454 259 1596 304 animali,
1611 266 1643 297 &
1658 260 1777 296 animal

391 314 440 345 cui
457 311 558 346 horno
571 308 672 344 subest
687 322 694 343 :
714 308 765 343 secl
782 310 881 345 relata
892 324 957 346 mon
969 309 1097 360 poffunt
1112 311 1204 346 aliter
1220 310 1347 346 definiri
1359 309 1438 354 ‚nisi
1451 324 1508 359 per
1519 308 1702 346 seinvicem
1717 326 1724 347 :
1741 321 1778 346 ut

391 359 496 395 servus
507 371 562 407 per
577 358 744 392 dominum
754 388 762 402 ‚
780 365 811 396 δε
826 359 973 395 dominus
985 372 1041 408 per
1054 358 1191 395 servum.
1223 362 1275 394 Sic
1289 363 1413 409 optime
1429 372 1528 409 genus
1544 371 1601 408 per
1616 359 1756 407 speciem
1768 387 1777 398 ,

390 408 510 457 species
526 410 604 442 item
618 420 674 455 per
687 420 785 456 genus
796 408 958 444 definitur.
973 409 1092 444 Eadem
1106 410 1149 444 est
1166 411 1249 443 ratio
1268 408 1382 458 speciei
1402 415 1435 447 ὃ(
1451 409 1633 452 individui,
1662 422 1729 456 quae
1746 410 1777 444 se

392 470 507 493 mutuo
531 455 712 505 respiciunt.

427 508 511 556 Opp.
522 514 566 543 2¹.
587 505 796 541 Individuum
811 506 995 554 praedicatur
1012 506 1053 541 de
1067 507 1176 543 multis
1191 523 1198 545 ς
1219 520 1293 543 nam
1316 510 1463 543 Socrates
1490 507 1533 541 est
1549 506 1751 542 individuum
1768 523 1778 550 3

390 555 484 592 Plato
504 555 546 590 est
560 556 782 591 individuum:
797 559 880 606 Ergo
895 556 978 591 male
992 555 1144 592 definitur
1164 558 1370 592 individuum
1385 586 1396 600 ‚
1420 556 1509 604 quod
1526 557 1710 604 praedicatur
1734 556 1776 590 de

387 618 456 641 uno
484 616 618 639 tantum.

426 655 465 690 R.
486 653 571 698 Dtst.
589 662 659 688 ant.
677 653 881 688 Individuum
894 654 1081 703 praedicatur
1097 655 1137 689 de
1160 656 1268 692 multis
1282 686 1292 701 ‚
1312 666 1469 704 quantum
1485 654 1525 688 ad
1544 653 1712 689 secundam
1729 654 1775 688 in-

390 704 573 740 tentionem
587 732 596 746 ,
618 713 690 750 qua?
705 702 960 738 individualitas
973 704 1036 737 dici
1048 705 1151 750 potest
1165 734 1173 747 ‚
1188 707 1228 741 C.
1245 708 1370 740 ratione
1379 716 1497 739 naturae
1510 703 1602 751 ipsius
1615 701 1776 750 singularis

391 757 426 789 δε
445 754 617 788 contraetae
630 781 639 795 ‚
653 753 699 787 N.
717 753 804 787 Nam
813 754 847 787 in
857 751 925 801 ipso
935 752 1124 796 individuo,
1146 765 1181 788 ut
1196 756 1228 788 in
1236 766 1377 801 genere,
1397 764 1451 787 aut
1467 751 1572 800 specie
1599 752 1664 785 duo
1684 750 1776 794 sunt,

388 812 502 837 natura
518 807 552 839 &
569 800 705 836 secunda
716 802 856 835 intentio
871 819 880 845 5
893 803 1027 835 materia
1038 801 1192 837 videlicet
1208 807 1241 839 ὅ(
1257 802 1363 837 forma
1380 816 1388 837 :
1405 813 1519 836 natura
1530 802 1691 836 numerica
1707 802 1776 835 cui-

388 862 454 898 que
476 851 646 886 individuo
665 851 794 896 propria
809 850 869 886 est:
894 849 946 884 sed
959 852 1071 893 notio,
1097 864 1152 886 aut
1172 864 1237 886 vox
1259 850 1322 899 ipsa
1343 851 1500 886 individui
1519 847 1663 898 pluribus
1683 862 1776 885 corn-

389 900 495 933 munis
511 899 570 935 effe
582 898 697 948 potest.
719 901 844 934 Verum
860 899 980 934 haesita
1000 898 1070 934 sunt
1081 899 1188 935 facilia
1203 929 1212 943 ‚
1236 912 1270 935 ur
1290 901 1408 934 diutius
1433 910 1490 934 nos
1504 899 1623 933 morari
1637 911 1705 934 non
1718 899 1775 933 de-

389 945 497 983 beant.

949 1094 1003 1127 De
1021 1094 1232 1140 Differentla.

391 1191 632 1275 PRoximum
649 1189 693 1224 est
713 1189 798 1224 utcle
819 1190 1002 1227 diffsrentia
1016 1192 1178 1228 dicamus:
1209 1204 1246 1226 ea
1263 1195 1384 1239 quippe
1402 1195 1434 1227 δε
1458 1203 1558 1239 genus
1581 1190 1699 1226 dividit
1711 1220 1721 1235 ,
1739 1196 1774 1228 ὃς

457 1239 593 1287 speciem
606 1240 767 1273 constituit
780 1253 787 1273 :
799 1251 831 1273 ut
841 1238 998 1274 rationale
1012 1246 1046 1277 &
1067 1241 1249 1275 irrationale
1265 1241 1416 1275 dividunt
1432 1240 1549 1275 animal
1564 1270 1573 1284 ,
1602 1240 1772 1276 hominem

391 1300 469 1323 vero
488 1294 521 1325 &
540 1287 670 1322 brutum
695 1287 902 1323 constituunt.
918 1289 1030 1335 Qare
1042 1290 1207 1337 explicatis
1223 1289 1291 1324 fere
1308 1288 1478 1333 omnibus,
1496 1302 1566 1338 quae
1576 1290 1616 1323 ad
1627 1293 1774 1338 genus&

389 1336 527 1386 speciem
542 1338 709 1386 pertinent
723 1365 733 1380 ‚
750 1336 876 1371 facilior
890 1337 1049 1385 eritipfius
1065 1338 1254 1374 differentiae
1269 1339 1428 1375 [metatio.

768 1420 1107 1456 ARTICULUS
1168 1420 1416 1455 PRIMUS.

818 1499 907 1547 Quid
919 1499 982 1544 fit,
1003 1498 1042 1533 ό·
1061 1503 1239 1550 quotuplex
1254 1499 1442 1547 differentia.

390 1580 594 1666 TRipleqr
608 1581 628 1618 ἐι
643 1583 825 1638 porphyrio
835 1579 967 1616 affertur
981 1578 1171 1615 differentiae
1191 1582 1340 1626 acceptio
1350 1609 1359 1624 ,
1385 1581 1564 1615 communis
1590 1579 1747 1616 videlicet

476 1643 621 1679 proptia,
650 1637 683 1669 &
703 1642 843 1666 maxume
857 1630 994 1677 propria.
1013 1629 1099 1663 Cum
1112 1631 1198 1663 enirn
1211 1629 1401 1666 differentiae
1415 1630 1549 1663 nomine
1561 1628 1591 1661 id
1606 1629 1771 1677 intelliga-

391 1691 460 1715 mus
478 1708 488 1722 ‚
516 1692 583 1726 quo
596 1693 694 1714 unum
709 1679 750 1714 ab
765 1680 832 1714 alio
846 1677 955 1713 differt
980 1690 988 1711 :
1011 1676 1067 1711 ubi
1083 1677 1151 1711 duae
1176 1690 1225 1711 res
1240 1689 1298 1724 per
1318 1677 1495 1710 accidentia
1517 1676 1665 1723 quaedam
1682 1689 1772 1712 com-

392 1730 502 1762 munia
516 1730 598 1762 inter
609 1728 638 1762 sc
650 1730 800 1765 differunt
809 1758 818 1772 ‚
837 1739 872 1761 ut
889 1726 909 1762 si
926 1738 1002 1761 unus
1015 1725 1115 1760 homo
1127 1737 1297 1760 moveatur
1309 1753 1318 1767 ,
1335 1735 1391 1758 aut
1403 1735 1538 1773 aegrotet
1547 1752 1556 1766 ,
1568 1723 1649 1759 alter
1662 1726 1770 1772 quies.

391 1788 443 1810 cat
455 1805 463 1817 ‚
482 1788 535 1810 aut
551 1776 638 1811 sanus
653 1777 707 1821 fit,
724 1778 788 1813 haec
806 1776 988 1811 differentia
997 1776 1173 1808 communis
1187 1775 1314 1809 dicitur.
1329 1774 1414 1808 Cum
1427 1773 1576 1807 autemid
1592 1785 1660 1819 quo
1670 1788 1769 1811 unum

391 1824 433 1858 ab
449 1824 513 1859 alio
528 1824 700 1874 discrepat,
719 1826 813 1860 altius
830 1824 972 1873 infigitur
984 1851 993 1865 ,
1011 1828 1044 1860 &
1064 1826 1109 1856 ita
1127 1823 1282 1865 adliaeret,
1301 1834 1335 1856 ur
1353 1821 1465 1855 divelli
1483 1835 1549 1856 non
1565 1821 1679 1868 poffit‚-
1704 1822 1768 1859 five

393 1886 429 1908 ca
448 1872 483 1908 fit
493 1876 536 1908 rei
549 1874 637 1922 ipsius
655 1878 833 1923 proprietas
852 1873 1018 1920 quaedam,
1038 1870 1101 1905 five
1110 1872 1274 1913 accidens,
1294 1870 1382 1916 quod
1397 1868 1531 1917 separari
1549 1873 1662 1916 nequit
1675 1899 1684 1913 ,
1698 1884 1768 1908 tum

391 1923 553 1966 nutusque
565 1922 747 1958 diffitenda
759 1923 888 1968 propria
901 1921 1027 1954 dicitur.
1041 1920 1093 1951 Sic
1105 1919 1252 1966 AEtliiops
1274 1918 1293 1953 a
1318 1917 1414 1952 Gallo
1433 1917 1542 1953 diffirt
1556 1930 1611 1965 per
1624 1922 1768 1966 nigredi-

391 1985 476 2007 nem.
491 1972 578 2005 Cum
596 1972 736 2019 denique
755 1969 937 2004 diffitenda
953 1967 993 2002 ad.
1013 1968 1058 2000 rei
1075 1965 1240 2001 ess'cntiam
1257 1969 1397 2014 pertinet
1411 1995 1419 2008 ,
1453 1979 1521 2000 tum
1541 1969 1681 2003 maxime
1692 1982 1768 2016 pro-

391 2022 461 2068 pria
480 2023 640 2055 vocitatur
661 2034 668 2055 :
693 2032 729 2054 ut
744 2017 901 2053 rationale
922 2015 968 2050 est
988 2013 1171 2051 differentia
1187 2016 1327 2052 hominis
1357 2029 1365 2050 :
1391 2014 1429 2051 fic
1443 2014 1528 2050 linea
1544 2027 1639 2052 curva
1655 2017 1766 2055 differt

391 2069 411 2105 ii
424 2071 533 2113 tetsta3
555 2081 702 2104 numerus
714 2080 768 2117 par
778 2066 819 2101 ab
831 2067 956 2113 impari.

435 2119 481 2154 Ac
495 2118 534 2151 de
552 2115 705 2153 essentiali
716 2116 847 2164 quidem
858 2114 1039 2150 differentia
1052 2113 1199 2150 hocloco
1207 2116 1341 2163 agimus,
1364 2115 1440 2148 Haec
1459 2115 1546 2147 enim
1573 2113 1616 2147 est
1634 2117 1766 2151 tertium

394 2164 593 2212 praedicabile
605 2196 615 2209 ,
630 2166 718 2214 quod
737 2165 807 2200 satis
823 2174 968 2198 accurate
982 2161 1109 2198 definiri
1133 2165 1257 2210 potest,
1277 2161 1452 2198 universtle
1475 2161 1563 2208 quod
1583 2163 1766 2209 praediratur

393 2215 433 2247 de
443 2214 547 2248 multis
560 2213 662 2262 specie
676 2214 727 2248 vel
740 2225 874 2249 nurnero
883 2211 1101 2247 diff-rentibus
1122 2214 1153 2246 in
1169 2212 1265 2259 quale
1277 2212 1365 2260 quid.
1387 2213 1470 2259 Qae
1489 2212 1599 2257 utique
1615 2211 1765 2248 definitio

395 2275 433 2296 cx
454 2265 490 2294 ii5
506 2276 573 2308 quat
588 2264 725 2298 diximus
739 2292 748 2306 ,
772 2262 846 2298 satis
863 2260 958 2307 plana
983 2261 1025 2295 est
1042 2266 1207 2308 &apertm

443 2311 539 2354 Qod
554 2315 585 2346 in
601 2312 792 2349 definitione
805 2310 985 2363 posuimus,
1014 2310 1054 2345 de
1073 2309 1180 2347 multis
1203 2309 1306 2362 speci:
1319 2338 1329 2356 ,
1354 2307 1407 2345 vel
1429 2319 1563 2345 numero
1583 2307 1763 2347 diffitenti-
