1857 2745
0 708 5 728 μ

0 741 7 785 l

0 2291 16 2377 ε,

15 2391 16 2431 l

104 153 183 191 2.1d
196 153 296 188 etiam
307 151 480 198 requiritur
488 156 525 184 ut
533 149 722 198 posteriores
735 150 954 186 revelationes
963 162 1038 186 curn
1053 120 1444 199 prioribus-consentiaiui

66 216 173 252 neque
190 204 277 237 enim
295 204 386 236 Deus
399 198 520 247 sibiipsi
534 211 691 248 repugnat
704 228 713 242 ‚
730 211 784 234 aut
795 201 977 250 pugnantia
989 199 1144 247 loquitur.

106 267 130 299 3,
148 253 220 301 Qi
235 251 489 299 praenuntiantur
498 260 636 285 eventus
649 277 659 292 ‚
683 251 704 282 ii
722 260 795 284 curn
808 251 1009 299 experientia
1032 248 1099 297 ipsa
1125 251 1323 285 conveniant
1339 250 1446 286 neces·

60 301 97 338 [ε
116 302 172 336 est.
1360 323 1363 324 γ

59 367 64 385 e
83 368 87 371 ’
100 353 169 387 Has
188 349 321 397 quidem
332 349 478 383 veritatis
488 358 582 382 notas
593 348 626 382 in
637 349 742 396 prima
756 348 904 382 omnium
914 346 1118 382 revelatione
1131 363 1142 391 ,>
1154 359 1226 396 quae
1236 348 1348 383 mundi
1358 355 1446 383 crea-

25 429 29 433 .
58 401 190 434 sionem
205 397 451 446 compleffitur,
465 397 601 448 omnino
615 396 750 445 perspici
772 397 906 432 constat.
929 399 1049 444 Atque*
1062 408 1145 431 earn⁴
1159 397 1271 431 mundi
1287 399 1446 445 originem

64 446 104 483 fic
118 446 267 482 describit
279 448 388 481 Moses
407 476 416 490 ‚
438 458 475 481 ut
484 458 523 480 ex
540 447 604 493 ipia
620 446 768 481 narrandi
783 448 907 482 ratione
921 448 987 482 Dei
1000 447 1104 480 unitas
1114 443 1289 494 ‚sapientia
1304 474 1315 490 ‚
1333 449 1446 495 provi-

58 497 191 539 dentia,
210 501 244 532 &
261 497 511 545 omnipotentia,
522 497 639 529 mentis
656 494 758 530 oculis
769 494 1009 545 subjiciantur.-

58 561 64 568 ss
98 546 192 593 Qud
203 546 308 580 dicam
321 546 360 590 de
371 545 441 580 aliis
450 542 702 579 revelationibus
713 557 783 592 quae
793 543 893 579 Mofis
913 543 1272 580 historia-continentur
1290 556 1299 582 ξ
1323 558 1362 581 an
1381 559 1447 582 non

57 607 180 631 -omnes
201 596 344 630 veritatis
360 594 558 630 charaeteres
578 596 612 628 in
639 595 677 627 iis
694 591 1213 642 conlpiciuntunVetustiffimum
1232 593 1277 628 est
1302 597 1448 631 omnium

59 656 135 692 *quae
145 644 186 678 ad
195 655 255 678 ‘nos
267 643 365 690 usque
380 655 598 692 pervenerunt
610 671 620 686 ‚
636 655 886 678 monumentum
902 643 1015 692 :stylus
1030 641 1161 691 simplex
1171 653 1317 691 ‚apertus
1338 672 1348 687 ‚
1371 658 1448 680 rno-

59 693 165 728 destus
186 693 340 728 Aut-‚horis
363 691 453 741 ipfius
471 692 646 727 candorem
669 697 702 728 &
722 694 932 727 veracitatem
950 694 1117 741 exprimit.
1141 695 1222 728 Non
1242 694 1274 727 in
1293 696 1448 738 convitia,

58 753 119 778 aut
134 744 166 777 in
179 741 289 777 laudes
302 741 494 777 immodicas
506 738 692 776 effiinditur.
707 741 802 776 Nihil
813 741 983 776 eratcausae
997 754 1054 775 cut
1076 740 1204 776 falleret
1219 770 1228 784 ‚
1246 753 1308 777 -aut
1329 747 1449 779 menti-

58 801 170 826 tetur:
189 803 263 825 curn
286 802 393 825 retum
404 800 480 825 ante
502 790 645 823 astarum
665 789 827 824 historiam
841 791 1082 833 conscriberet3
1106 791 1214 826 multae
1229 803 1340 827 contra
1356 804 1449 828 erant

58 844 99 877 &
112 851 227 889 graves
242 842 387 875 rationes
399 860 412 883 -,
433 851 506 885 quae
521 849 595 873 eum
612 837 660 872 ab>
676 841 765 874 omni
776 839 912 874 fallendi
937 841 1042 874 studio
1056 840 1269 875 deterrerent.
1293 843 1385 876 Nam
1409 842 1451 876 de

58 888 158 924 rebus
175 890 342 936 praeteritis
353 898 398 922 ea-
409 885 561 923 narrabat
578 899 646 934 quae
656 887 764 922 multis
774 888 938 936 perspeeka
956 887 1017 923 effe
1030 899 1181 936 poterant
1200 906 1209 932 3
1231 902 1368 938 quaeque
1394 890 1450 925 suo

65 948 214 985 tempore
235 938 308 972 atita
324 936 396 972 sunt
410 949 427 978 ’,
455 937 505 969 ita·
531 946 624 969 erant
649 936 760 970 testata
781 936 964 984 &publica
980 962 998 980 Α,
1041 948 1092 972 tot
1116 941 1278 987 portentis
1300 945 1333 976 δε
1353 942 1450 974 mira-

62 985 141 1021 culis
165 986 251 1020 clara
265 1014 274 1028 ‚
304 997 341 1020 ut
365 996 518 1019 extrema:
536 984 707 1018 dementiae
733 983 839 1019 fuisset
859 998 897 1019 ea
920 985 1058 1019 scribere
1073 1014 1082 1028 ‚
1109 998 1178 1033 quae
1193 998 1259 1022 tam
1280 987 1377 1023 facile
1396 1000 1450 1023 re-

61 1032 136 1069 felli
158 1032 341 1082 potuissent.
384 1033 475 1078 Qid
501 1032 592 1078 quod
612 1031 823 1067 finitimarum
844 1036 992 1081 gentium
1013 1034 1115 1068 refert
1140 1037 1278 1083 origines
1303 1053 1312 1079 3
1346 1049 1452 1084 popu-

58 1080 130 1118 <lum
146 1081 248 1131 ipsum
266 1084 317 1117 cui
331 1082 464 1130 praeest,
490 1083 580 1125 cujus
603 1079 713 1114 scribit
730 1081 893 1115 historiam
905 1110 915 1124 ,
937 1093 972 1116 ut
988 1084 1193 1129 pervicacem
1212 1112 1223 1127 ‚
1253 1095 1302 1118 tot
1322 1083 1452 1120 benefi-
1471 1110 1474 1111 γ

60 1133 186 1168 ciorum
202 1133 429 1167 immemorem
443 1158 453 1173 ‚
466 1129 510 1164 ad
522 1128 692 1163 seditiones
711 1141 899 1178 promptum
911 1159 920 1173 ,
944 1135 978 1166 δε
997 1133 1084 1165 vitiis
1104 1143 1190 1179 pene
1207 1131 1356 1167 omnibus
1371 1146 1450 1169 con-

59 1184 257 1216 taminatum
275 1178 419 1215 exhibet.
444 1180 498 1215 Ne
522 1178 623 1225 stirpis
644 1179 776 1224 quidem
799 1179 1011 1213 Sacerdotalis
1039 1186 1072 1217 &
1095 1179 1150 1214 suae
1174 1184 1278 1229 parcit
1302 1183 1449 1217 Authoti.

67 1231 147 1265 Non
160 1241 198 1264 ea
212 1228 285 1265 sunt
298 1229 439 1265 hominis
451 1229 509 1275 qui
530 1226 784 1273 fucunifacere,
804 1233 838 1265 δε
860 1227 973 1264 falsam
984 1227 1148 1264 historiam
1166 1230 1362 1278 perscribere
1379 1245 1450 1266 ine-

63 1277 195 1315 ditatur.

61 1350 68 1354 -
101 1327 246 1362 Callidus
262 1326 382 1370 fuerit,
410 1336 568 1373 quantum
584 1323 743 1368 volueris,
764 1330 800 1362 &
816 1325 936 1361 asturus
961 1327 1069 1362 Moses
1097 1344 1106 1370 3
1124 1327 1284 1376 populum
1307 1328 1452 1364 lsra'e‘liti-

60 1388 137 1411 cum
148 1377 254 1424 stupor
266 1377 379 1423 ingens
397 1371 585 1421 oppresserit
601 1386 608 1408 :
625 1386 720 1408 nemo
740 1372 818 1409 sana:
828 1378 950 1410 mentis
972 1376 1049 1410 illud
1072 1379 1105 1410 in
1127 1379 1272 1411 animum
1296 1379 1428 1413 inducet
1442 1408 1450 1417 ,

59 1424 248 1461 hominibus
268 1422 452 1472 persuaderi
471 1420 559 1468 poss'e
574 1432 624 1455 tot
642 1421 728 1456 faeta
740 1421 800 1456 effe
822 1424 974 1458 miracula
993 1429 1028 1460 δ(
1049 1425 1195 1472 prodigia
1221 1424 1291 1471 ipsis
1318 1438 1459 1462 cernen-.

45 1473 150 1508 ‘tibus
163 1503 172 1517 ‚
192 1485 261 1520 quae
285 1484 397 1507 revera
422 1469 513 1507 nulla
538 1471 714 1506 extiterint.
743 1471 877 1518 Qique
892 1471 1020 1507 Mosem
1047 1472 1172 1520 fingunt
1184 1484 1222 1506 ea
1234 1472 1360 1508 solertia
1374 1475 1452 1510 fuis-

63 1521 96 1557 (ὲ
121 1533 158 1556 ut
180 1521 234 1557 vel
262 1522 347 1556 aestus
371 1520 527 1568 reciproci
556 1522 583 1565 (a
600 1520 658 1565 qui
676 1530 784 1554 tamen
810 1523 844 1554 in
872 1519 945 1555 [inu
965 1519 1106 1556 Arabico
1132 1521 1203 1555 fere
1226 1521 1331 1556 nullus
1349 1524 1410 1566 est,
1434 1527 1447 1566 )

64 1582 192 1619 tempus
213 1568 433 1604 observaverit
454 1584 462 1610 ;
495 1578 549 1602 aut
573 1567 812 1615 tempestatem,
838 1571 900 1616 qu&
916 1582 1033 1605 manna
1053 1572 1085 1605 in
1107 1572 1144 1604 iis
1167 1569 1353 1618 regionibus
1369 1574 1451 1607 Ara-

65 1617 125 1654 biae
139 1619 250 1668 pluere
267 1618 348 1653 solet
363 1647 373 1661 ‚
402 1618 502 1652 astute
519 1619 699 1664 captaverit
723 1631 730 1652 :
757 1620 780 1651 ii
791 1619 940 1653 videntur
959 1631 1023 1653 non
1038 1617 1110 1654 satis
1126 1621 1268 1653 animum
1283 1621 1451 1656 attendere

64 1669 104 1702 ad
114 1670 332 1717 prodigiorum
344 1666 586 1713 multitudinem
602 1677 793 1712 quaercoram
807 1678 856 1701 tot
867 1667 1054 1702 hominibus
1072 1666 1293 1703 exhibuimAn
1306 1681 1354 1703 res
1368 1669 1450 1705 adeo

67 1716 237 1765 stupendas
252 1718 359 1764 potuit
373 1712 504 1749 efficere
517 1741 526 1756 ,
548 1725 604 1748 aut
629 1725 678 1748 tot
696 1714 782 1763 leges
797 1717 880 1751 adeo
897 1715 1040 1751 difficiles
1059 1719 1226 1764 imponere
1242 1745 1251 1759 ‚
1286 1729 1341 1752 aut
1358 1719 1451 1753 deni-
1470 1742 1473 1744 Δ

65 1777 128 1812 que
143 1765 218 1800 huic
235 1765 359 1813 populo
371 1762 560 1812 persuadere
571 1774 624 1795 eas
636 1762 722 1812 leges
732 1764 752 1798 a
764 1768 839 1799 Deo
857 1765 924 1813 ipso
941 1765 1074 1801 sancitas
1087 1763 1178 1801 fuisse
1191 1793 1202 1808 ,
1218 1763 1342 1800 {inullis
1351 1769 1452 1801 mira-

64 1813 146 1848 culis
161 1812 216 1848 fibi
236 1819 269 1850 δε
280 1813 338 1848 suis
352 1811 479 1861 legibus
492 1810 725 1846 authoritatem
738 1813 949 1850 conciliavit?
974 1822 977 1824 ’

101 1863 165 1896 Sed
181 1863 260 1910 quid
272 1863 460 1896 Sacerdotes
474 1888 483 1902 ,
505 1860 561 1906 qui
574 1859 614 1892 de
626 1858 784 1908 religione
796 1890 805 1904 ‚
835 1867 869 1898 &
886 1863 1033 1898 doctrin&
1056 1861 1273 1897 decernebant
1286 1891 1295 1905 ,
1316 1876 1449 1898 movere

67 1913 176 1960 potuit
193 1941 202 1956 ‚
219 1923 254 1946 ut
269 1909 361 1959 ipfius
372 1912 480 1946 Aaron
494 1909 751 1956 ignaviam‚illius
767 1916 800 1947 ὃ(
810 1913 922 1946 Mariae
935 1910 1047 1946 sororis
1062 1910 1161 1946 Mofis
1174 1913 1205 1945 in
1221 1910 1353 1946 fratrem
1365 1915 1450 1946 invi-

67 1960 153 1994 diam
166 1989 175 2003 ‚
194 1962 291 1999 totius
303 1959 416 2007 populi
435 1957 626 2000 seditiones,
646 1962 679 1994 δε
699 1960 832 2001 crimina
847 1962 1006 1995 memoriae
1024 1960 1218 2008 posteritatis
1237 1961 1380 1996 mandati
1391 1974 1450 2009 pa-

68 2006 234 2052 terenturg
253 2008 308 2044 nifi
320 2007 419 2043 Mosis·
435 2006 632 2049 authoritas,
652 2012 687 2043 8<
700 2009 748 2042 vis
769 2007 858 2057 ipsius
875 2011 1018 2044 veritatis
1034 2019 1045 2047 ξ

104 2059 210 2092 Mitto
219 2070 276 2106 per
289 2057 519 2102 consequentes
535 2066 642 2089 aetates
652 2084 661 2099 ,
683 2069 740 2104 per
749 2058 841 2092 mille
855 2063 889 2094 δε
899 2057 1036 2106 amplius
1052 2056 1277 2106 annos-josue,
1288 2058 1450 2105 judicum

67 2108 247 2153 &Regum
262 2105 462 2154 timporibus
484 2102 658 2139 consimilia
680 2106 825 2155 prodigia
842 2112 877 2144 ὃ(
892 2106 976 2143 Εειᾶει
995 2105 1085 2142 fm'ffe
1099 2135 1109 2150 ‚
1127 2112 1158 2143 &
1177 2107 1373 2141 authoritate
1393 2120 1451 2155 pu-

69 2152 155 2187 blica
173 2157 205 2191 iii
220 2155 322 2189 sic-ros
338 2155 436 2190 libros
454 2152 566 2188 relata.
594 2154 698 2188 Mitto
712 2155 854 2203 denique
870 2157 1102 2205 Prophetarum
1132 2157 1283 2189 vaticinia
1295 2184 1305 2197 ‚
1326 2168 1396 2202 quae
1416 2162 1450 2193 &

70 2200 158 2236 faeta
175 2205 251 2239 ante
263 2203 413 2238 miracula
433 2199 626 2237 confirmant
642 2231 650 2245 ‚
668 2208 701 2239 ἃς
717 2203 789 2252 ipso
812 2217 920 2240 rerum
938 2217 1056 2240 eventu
1075 2204 1145 2238 sunt
1158 2203 1385 2251 comprobata.
1412 2208 1451 2240 ln

70 2252 110 2284 iis
130 2252 283 2287 vaticiniis
300 2281 309 2293 ‚
335 2252 565 2287 Chaldaeorum
577 2278 586 2293 ,
604 2250 767 2287 Persarum
782 2282 791 2295 ‚
816 2257 1000 2289 Graecorum
1013 2282 1021 2296 ‚
1048 2258 1081 2290 δε
1098 2255 1323 2287 Romanorum
1345 2252 1450 2288 futura

72 2297 226 2354 leguntur·
240 2302 385 2348 imperia.
400 2304 440 2338 In
458 2303 494 2337 iis
515 2312 585 2349 quae
600 2301 835 2351 posteaJudaeis
850 2308 883 2341 δε
896 2304 1013 2340 caeteris
1034 2299 1221 2338 nationibus
1242 2302 1426 2337 acciderunt
1439 2331 1451 2345 ‚

76 2358 297 2383 continentur.

211 2398 303 2448 [I‘om.
322 2398 349 2432 J.
1217 2399 1247 2433 Z
1258 2411 1275 2432 z
