1857 2745
326 173 385 209 ,φο
749 152 1175 191 METAPHYSICAE
1213 155 1219 161 '
1369 197 1379 201 Α,

327 203 380 243 vis
396 205 485 240 modo
502 214 538 239 ut
552 203 691 237 alterum
708 201 753 247 fit
764 229 772 239 ,
795 205 884 251 prins
900 214 1018 237 natura
1036 215 1096 237 non
1109 199 1278 252 ineongme
1295 202 1489 251 dici'potest..

369 256 482 301 Qnre
496 254 644 301 prioritas
662 262 781 287 naturae
791 253 824 286 in
835 252 898 288 hoc
912 249 1055 287 consistit
1067 278 1078 294 ‚
1095 251 1184 298 quod
1202 252 1337 288 effeetus
1355 252 1500 300 pendeat
1517 250 1538 287 ὲι
1556 251 1644 288 causa
1656 258 1721 303 jam

328 305 484 340 existente
501 316 509 337 :
524 300 577 336 sed
590 314 655 337 non
675 299 822 336 viciffim.
837 303 889 336 Sic
902 299 1038 337 mundus*
1051 302 1209 349 penderet
1221 301 1241 337 a
1257 304 1333 337 Deo
1348 306 1415 349 jam
1434 300 1590 336 existente
1606 307 1637 338 ὅ(
1649 314 1726 349 per..

328 353 420 389 feem
433 381 443 395 ‚
467 349 589 387 etiamsi
606 362 785 398 poneretur
796 363 937 386 aeternus.

364 406 409 439 Ex
420 401 515 436 dietis
524 399 627 447 liquet
638 397 764 434 causam
777 394 921 447 spedhzri'
931 396 1017 447 poss'e
1031 427 1041 443 ‚
1065 398 1118 434 vel
1128 400 1161 435 in
1178 400 1252 434 aeta
1261 407 1290 434 1⁰
1303 409 1462 444 quatenus
1478 400 1545 432 vim
1559 397 1659 433 habet
1677 398 1726 433 ef-

329 450 436 488 fectus
453 448 891 499 procreatricem‚·&potest
910 447 1044 484 influere
1064 450 1097 484 in
1115 447 1280 485 effeekum.
1294 448 1503 494 *Qianquam
1517 460 1582 483 non
1594 446 1666 481 satis
1684 448 1728 482 est

329 512 365 540 ut
373 500 466 536 causa
482 498 562 534 sitin
572 500 648 534 aCtu
658 500 768 547 primo
779 526 788 537 ,
806 497 895 546 quod
908 498 974 533 virn
985 496 1115 533 habeat
1126 498 1243 547 agendi
1260 526 1269 541 ‚
1293 495 1348 531 nisi
1366 496 1430 531 haec
1453 498 1502 530 vis
1524 494 1561 531 fit
1576 496 1729 545 expedita

331 556 366 588 &
385 548 550 598 completa
565 577 576 592 ,
604 559 704 596 atque
724 549 835 583 omnia
852 547 891 582 ad
910 546 1073 596 agendum
1086 545 1208 582 habeat
1219 543 1379 594 requisita,
1396 546 1447 579 Sic
1457 544 1642 580 homocum
1653 545 1736 580 dor-

331 602 413 643 mit,
430 598 575 634 nondum
587 597 630 632 est
650 599 683 632 in
699 598 773 632 astu
783 598 889 645 primo
899 597 940 630 ad
950 594 1187 631 ambulandum
1204 594 1259 631 nifi
1271 593 1475 643 evigilaverit
1487 623 1498 638 ,
1527 599 1561 631 &
1587 593 1649 629 sese
1671 595 1730 628 de-

332 648 558 685 terminaverit
571 675 581 690 ‚
605 648 672 681 imo
698 651 732 682 &
748 657 878 681 motum
896 646 1107 693 imperaverit
1129 662 1139 690 3
1165 656 1234 680 tum
1254 647 1340 680 enim
1355 642 1437 678 nihil
1458 656 1496 678 ex
1521 654 1611 692 parte
1633 641 1741 678 causae·

334 697 420 731 deest
431 726 441 740 ,
462 697 635 744 quominus
654 706 750 730 exeat
761 694 904 730 effeetus
921 694 986 730 Vel
999 693 1135 743 speritari
1148 694 1252 743 potest
1264 696 1297 728 in
1309 694 1382 728 actu
1392 700 1423 728 20
1439 704 1474 727 ut
1485 692 1590 728 influit
1603 695 1636 727 in
1650 692 1733 728 effe-

335 747 444 782 etum:
460 747 516 793 qui
532 744 669 792 quidem
686 743 820 779 influxus
830 742 991 779 causalitas
1007 743 1060 779 vul
1087 741 1108 778 ὸ
1123 747 1293 779 vocitatur.
1309 744 1364 777 Sic
1373 741 1460 776 aetio
1471 742 1514 776 est
1524 743 1612 777 aetus
1621 741 1733 776 secun-

336 795 414 838 dus,
447 792 501 829 seu
528 791 692 828 causalitas
717 793 811 828 causae
833 793 1007 829 effectricis
1023 821 1034 836 ,
1072 804 1112 826 eu
1131 795 1214 827 ratio
1239 790 1385 827 formalis
1411 803 1477 837 qua
1493 803 1588 838 agere
1606 790 1745 826 dicitur..

335 847 455 891 ltaque
466 845 513 878 vis
528 841 583 877 illa
595 854 667 890 quae
678 842 722 876 est
734 844 766 877 in
780 842 871 878 causa
885 872 894 886 ,
911 854 974 890 qua
983 841 1090 890 potest
1103 842 1136 876 in
1145 839 1301 877 eff-caum
1320 838 1453 875 influere
1471 867 1482 882 ‚
1510 838 1636 874 causam
1651 852 1733 875 con..

337 894 483 928 stituitin
492 892 566 926 astu
576 893 696 939 primo.
711 890 775 926 Sed
784 891 915 927 aetuans
931 889 1066 926 influxus
1087 902 1159 924 eam
1176 892 1207 925 in
1225 892 1300 925 actu
1314 887 1451 923 secundo
1461 889 1634 923 constituit.

381 943 474 977 Hinc
488 940 628 988 sequitur
644 952 758 975 omnes
775 938 879 974 causas
899 939 988 974 fimul
1006 941 1039 973 in
1055 937 1371 974 effeetuminfluere:
1396 949 1456 970 una
1472 939 1592 985 quippe
1608 936 1671 972 fine
1685 936 1733 971 al.-

341 1003 410 1031 tera
426 990 508 1026 nihil
522 1000 671 1038 procreat
686 1002 694 1024 2
717 988 804 1023 unde
819 987 889 1024 sunt
898 987 956 1023 fibi
967 998 1082 1022 mutuo
1097 986 1192 1022 causae
1207 1016 1217 1031 ,
1228 999 1264 1022 ur
1276 988 1364 1021 aiunt
1379 1014 1388 1029 ‚
1406 985 1596 1029 formaliter3
1607 985 1669 1021 hoc
1679 987 1734 1029 est,

341 1054 408 1076 non
425 1039 561 1074 influunt
576 1041 609 1073 in
623 1037 800 1082 effeetum,
827 1036 882 1073 nisi
894 1036 983 1073 simul
996 1035 1079 1072 cons
1095 1039 1200 1072 irent:
1226 1037 1309 1071 adeo
1331 1046 1371 1070 ut·
1383 1034 1496 1069 eadem
1514 1033 1744 1071 fitcausalitas-

344 1091 501 1124 omnium.
519 1088 609 1122 Idem
619 1087 662 1121 est
678 1086 815 1122 influxus
829 1116 838 1130 ,
851 1086 871 1122 fi
883 1089 1056 1122 entitatem
1078 1087 1188 1133 pectes
1200 1114 1210 1129 ,
1227 1098 1296 1133 quae
1310 1086 1427 1119 virtute
1440 1095 1566 1118 tantum
1579 1111 1589 1126 ,
1602 1095 1638 1118 ut
1651 1096 1734 1119 non-

344 1137 424 1172 nulli
434 1148 566 1185 putant,
577 1140 611 1171 ὃς
628 1137 829 1183 cogitatione
843 1135 890 1169 est
899 1133 1081 1182 multiplex.
1095 1137 1174 1184 Jam
1188 1135 1341 1182 quaeritur
1360 1145 1399 1168 an
1414 1130 1511 1167 causae
1523 1132 1740 1168 materialiter.

345 1184 475 1235 suinptae
485 1184 539 1220 sibi
552 1195 666 1219 mutuo
679 1181 774 1218 causae
789 1181 849 1218 effe
863 1182 994 1233 poffint.
1014 1185 1063 1217 Sit
1077 1185 1187 1231 itaque

880 1280 986 1315 Vnica
1007 1279 1192 1325 Conclufio.v

438 1377 526 1412 Ausae
545 1391 610 1413 non
628 1376 699 1412 sunt
719 1375 777 1410 fibi
793 1378 935 1421 invicem
949 1375 1061 1420 causae,
1091 1389 1150 1412 nec
1177 1375 1234 1411 fibi
1253 1388 1365 1412 mutuo
1385 1378 1588 1412 existentiam
1612 1376 1744 1426 possunt

439 1425 592 1462 tribuere.

391 1475 487 1511 Proh.
508 1476 601 1510 concl.
621 1477 653 1510 Si
671 1473 764 1509 causa:
776 1473 832 1509 sibi
849 1486 961 1510 mutuo
972 1472 1071 1510 effent
1081 1473 1174 1509 causae
1183 1504 1192 1518 ,
1205 1486 1253 1508 res
1265 1473 1379 1508 eadem
1391 1472 1468 1508 effet
1477 1472 1523 1509 sui
1537 1473 1628 1522 ipsius
1638 1473 1739 1512 causa.

300 1555 302 1557 ,
351 1527 441 1561 Nam
454 1525 543 1558 daret
554 1522 614 1558 effe
625 1523 718 1558 causte
729 1553 738 1567 ,
761 1524 779 1560 ὲ
797 1537 862 1571 qua
875 1524 906 1558 id
918 1522 1019 1573 ipsum
1030 1525 1191 1573 acciperet
1202 1522 1328 1570 3s1cque
1340 1522 1360 1558 a
1376 1522 1472 1570 seipsa
1481 1524 1738 1572 penderet,quod

353 1575 492 1608 omnino
515 1570 684 1608 absurdum
702 1573 755 1613 est-

391 1625 476 1668 Qae
497 1632 606 1656 tamen
629 1617 788 1657 diversum
805 1619 929 1656 habent
948 1620 1104 1657 existendi
1138 1622 1289 1664 modum,
1326 1619 1454 1670 poffunt
1470 1620 1529 1657 effe
1546 1619 1603 1655 sibi
1626 1630 1739 1654 mutuo

355 1670 452 1705 causae
467 1668 634 1706 indiverso
644 1683 775 1719 genere.
794 1672 845 1704 Sic
869 1669 940 1705 finis
957 1669 1157 1717 objefflvam
1181 1671 1336 1706 duntaxat
1356 1670 1573 1714 existentiam,
1598 1666 1740 1704 efficiens

354 1718 516 1768 physicam
530 1722 641 1768 exigit.
660 1721 745 1755 Hinc
755 1718 835 1767 saepe
845 1718 914 1754 sunt
928 1718 986 1754 fibi
1004 1723 1119 1755 mutu'o
1139 1718 1245 1755 causae.
1264 1722 1353 1756 Nam
1370 1718 1594 1755 deambulatio
1612 1717 1649 1753 fit
1664 1729 1739 1766 pro„

355 1781 425 1817 pter
438 1768 623 1811 sanitatem,
643 1774 677 1805 ὃς
692 1768 861 1803 sanitatem
879 1767 978 1816 ipsam
993 1767 1093 1804 efficit
1105 1780 1158 1803 aut
1173 1780 1291 1803 tuetur.

393 1816 499 1851 Multa
510 1819 634 1865 opponi
645 1816 750 1853 solent
767 1829 835 1864 quae
850 1816 944 1853 facile
956 1816 1130 1853 diluuntur.
1147 1820 1236 1853 Duas
1246 1831 1278 1853 v.
1290 1830 1337 1865 gr.
1350 1829 1461 1852 manus
1479 1814 1540 1851 sese
1554 1827 1667 1851 mutuo
1685 1828 1741 1850 ca·

357 1866 516 1908 lefacere,
533 1878 585 1900 aut
599 1866 679 1901 duos
697 1864 814 1915 globos
831 1864 895 1901 sese
915 1877 1027 1901 mutuo
1044 1866 1224 1915 impellere.
1245 1869 1327 1916 Ergo
1339 1865 1436 1901 causae
1456 1865 1594 1914 ejusdem
1616 1865 1741 1899 ordinis
1782 1912 1785 1915 Δ

357 1915 430 1950 sunt
442 1912 497 1949 sibi
516 1927 633 1949 mutuo
660 1914 768 1950 causae.

391 1965 476 2011 Rssfp.
488 1966 559 1999 Nec
570 1963 709 1998 calorem
725 1993 734 2008 ‚
746 1976 804 1999 nec
823 1975 951 1999 motum
965 1993 975 2007 ‚
995 1963 1048 1999 seu
1062 1967 1221 2012 impeturn
1231 1965 1286 2010 qui
1297 1963 1468 2006 productus
1478 1962 1521 1997 est
1532 1990 1542 2004 ,
1559 1959 1660 1997 eumii
1669 1973 1738 2008 quo

357 2013 528 2061 producitus
551 2012 636 2055 fuit,
655 2025 837 2061 procreare.
861 2015 913 2047 Sic
935 2014 1001 2047 duo
1021 2014 1163 2060 pondera
1183 2015 1215 2048 in
1228 2011 1310 2047 libra
1326 2011 1385 2048 sese
1403 2023 1515 2047 mutuo
1529 2009 1680 2045 sustinent
1704 2014 1738 2045 in

356 2060 537 2108 aequilibrio
552 2075 560 2097 ε
573 2060 687 2096 νετιῖη]
704 2061 790 2096 nulla
803 2063 845 2096 est
860 2063 892 2095 in
910 2061 957 2095 his
967 2059 1136 2095 efficientis
1148 2061 1245 2096 causae
1258 2063 1359 2096 ratio:
1374 2061 1414 2094 de
1430 2072 1492 2106 qua
1512 2061 1641 2107 proprie
1652 2071 1737 2105 quae-

361 2110 419 2145 stio
430 2110 471 2144 est
482 2139 490 2153 ‚
504 2122 576 2144 cum
591 2112 743 2156 quaeritur
753 2122 793 2143 an
805 2108 898 2144 causa:
913 2108 970 2144 fint
985 2108 1043 2144 fibi
1063 2121 1174 2145 mutuo
1195 2108 1308 2153 causae,
1329 2108 1417 2156 quod
1442 2107 1511 2144 fieri
1528 2121 1593 2144 non
1614 2107 1737 2156 potest:

359 2172 434 2194 nam
445 2159 533 2193 idem
551 2157 627 2193 effer
643 2158 687 2193 sui
707 2156 796 2206 ipfius
816 2156 918 2194 causa.

397 2208 478 2242 Illud
492 2219 601 2243 tamen
613 2221 677 2243 non
688 2206 868 2242 inficiamur
880 2236 890 2250 ‚
916 2209 998 2254 quin
1007 2207 1076 2243 duae
1086 2206 1181 2242 causae
1188 2218 1227 2242 ex
1240 2218 1350 2242 mutua
1372 2205 1644 2241 determinatione
1658 2207 1689 2241 in
1706 2205 1738 2240 se

362 2269 476 2291 mutuo
488 2257 574 2291 idem
584 2256 733 2292 accidens
748 2255 861 2303 poffint
871 2257 1047 2304 producere
1066 2268 1120 2292 :ut
1135 2269 1207 2291 cum
1221 2257 1286 2290 duo
1303 2255 1388 2302 ligna
1406 2257 1438 2290 in
1449 2255 1478 2289 se
1492 2256 1632 2290 invicem
1643 2254 1738 2290 incli-

362 2318 477 2339 mntm‘
495 2320 502 2341 :
516 2318 584 2340 tum
599 2309 684 2341 enim
693 2319 790 2340 unum
805 2304 846 2340 ab
861 2304 923 2340 alio
937 2304 1102 2341 sustinetur
1115 2317 1194 2348 3nec
1206 2317 1266 2339 una
1283 2304 1464 2339 sustentatio
1474 2304 1515 2339 est
1525 2306 1611 2351 prior
1625 2302 1736 2344 altera,

365 2352 419 2386 nisi
441 2354 524 2390 forre
549 2360 635 2403 juxta
660 2354 798 2389 nostrum
813 2354 1016 2402 concipiendi
1039 2354 1190 2395 modum,
1217 2366 1290 2388 cum
1316 2365 1411 2388 unum
1425 2352 1465 2388 ab
1487 2352 1553 2388 alio
1569 2351 1737 2400 separatim

365 2404 571 2450 concipimus,
585 2404 703 2440 Eadem
721 2403 766 2439 est
778 2405 862 2439 ratio
875 2404 910 2440 in
921 2405 1040 2441 mutuis
1055 2400 1273 2440 contractibus
1283 2431 1292 2448 ‚
1307 2403 1345 2438 do
1358 2412 1394 2450 uf
1404 2402 1475 2444 des,
1499 2400 1736 2484 emamsdvep-

1624 2464 1634 2484 ι
1659 2460 1732 2483 erm

1838 1397 1843 1421 ι,
1832 1328 1843 1388 ,ἔ-Δᾲ
1832 1054 1843 1322 »,-’-ι“ς.’ᾼ,ψε-.Α

1828 1747 1837 1766 ⁴-
1841 1695 1843 1698 .
1834 1459 1843 1666 2-:s2-*n-2-
