1857 2745
266 145 305 168 ιι
679 132 1209 175 INSTITUTIONES

295 182 437 229 Magnus
450 189 561 215 autem
575 180 620 214 est
631 180 702 216 usus
714 195 826 220 earum
838 197 957 220 vocum
967 198 1047 233 quas
1061 187 1247 232 attulimus,
1265 199 1339 223 cum
1361 199 1472 225 earum
1490 187 1667 225 artificium

263 228 366 279 pmbe
379 229 591 278 cognoscitur.
607 231 778 279 Qantum
787 234 828 270 ad
842 234 971 284 praesens
983 234 1104 285 speetat
1126 238 1304 273 institutum
1316 267 1326 282 ‚
1355 238 1487 274 vocales
1512 252 1583 287 quae
1609 252 1664 274 oc-

261 291 389 314 currunt
400 282 433 313 in
451 278 551 314 tribus
573 284 684 328 primis
702 281 836 332 syllabis
848 313 858 324 ‚
884 285 1004 334 quibus
1034 289 1295 336 unumquodque
1323 289 1446 323 constat
1462 288 1664 325 vocabulum

263 332 358 374 (nam
371 327 429 363 ubi
442 328 546 377 plures
557 328 649 375 sunt,
665 343 793 368 tantum
804 338 900 370 metri
919 334 1010 370 causa
1027 335 1099 372 sunt
1112 338 1230 373 additae
1249 341 1260 380 )
1285 338 1428 374 indicant
1444 340 1663 386 quantitatem

258 383 291 414 &
305 377 499 425 qualitatem
517 381 613 415 trium
623 382 882 431 propositionum
899 383 1077 435 syllogilini
1096 399 1137 421 eo
1151 386 1314 422 vocabulo
1328 386 1483 437 designati
1508 402 1517 424 ε
1538 388 1663 423 vocalis

259 429 348 461 enim
366 440 437 475 quae
452 432 593 465 occurrit
606 433 639 466 in
652 435 758 480 prima
770 433 905 482 syllaba,
921 435 1062 470 ostendit
1074 439 1294 483 quantitatem
1307 443 1340 474 &
1352 438 1544 484 qualitatem
1556 441 1662 485 majo-

259 478 300 510 ris
318 475 563 525 propositionis3
574 492 610 516 ut
620 481 744 517 vocalis
759 482 900 520 secundae
911 483 1041 534 syllabae
1054 488 1271 533 quantitatem
1290 493 1324 524 δε
1339 487 1531 534 qualitatem
1553 488 1661 521 mino-

258 527 299 560 ris
314 543 323 569 3
344 527 465 562 vocalis
479 529 622 578 denique
643 534 743 567 tertiae
756 533 1114 583 syllabaequantitatem
1132 536 1368 584 &qualitatem
1385 535 1597 572 conclusionis
1608 538 1659 570 in-

257 575 344 610 dicat
360 590 368 612 ε
392 577 521 612 vocales
534 591 644 615 autem
660 581 719 616 illae
734 581 805 619 sunt
834 587 860 620 A
877 615 886 628 ‚
913 588 955 629 E,
970 587 983 619 1
999 614 1009 628 ‚
1026 586 1081 628 O,
1115 598 1253 633 quarum
1267 583 1534 635 significationem
1560 596 1658 619 antea

257 624 503 663 declaravimus.
515 629 578 663 Sed
591 642 627 665 ut
642 630 707 666 haec
725 631 804 669 fiant
820 635 925 670 adhuc
944 634 1134 679 illustriora,
1154 634 1358 685 subjiciamus
1377 635 1489 671 usitata
1510 633 1659 683 exempla

258 673 499 724 uniuscujusque
516 677 624 728 figurae
638 685 671 717 δε
685 682 786 719 modi.

546 757 711 805 Exempla
727 757 890 792 modorum
906 758 1092 794 direfforum
1105 762 1213 808 primae
1226 758 1351 810 figurae.

527 832 639 865 Omne
656 830 776 866 animal
787 832 831 866 est
845 835 960 868 vivens
981 850 991 877 3

255 873 403 908 Barbara.
471 828 502 968 Ξ
526 881 646 914 Omnis
657 879 758 914 homo
771 881 814 914 est
823 882 965 925 animal·‚

526 930 609 976 Ergo
626 930 733 963 omnis
748 928 851 963 homo
867 930 910 964 est
921 934 1046 966 vivens.

828 989 854 1013 ο

525 1024 667 1060 Nullum
684 1024 806 1061 animal
819 1026 862 1061 est
881 1026 961 1076 lapis
975 1046 984 1073 5

523 1076 644 1109 Omnis
663 1074 765 1110 homo
776 1074 819 1109 est
832 1077 953 1112 animal
970 1095 980 1121 ;

521 1126 606 1172 Ergo
621 1123 727 1160 nullus
747 1124 850 1159 horno
868 1126 912 1160 est
922 1125 1015 1175 lapis.

253 1069 419 1107 Celatent.

522 1222 635 1257 Omne
656 1223 778 1258 animal
796 1224 839 1259 est
851 1225 965 1260 vivens
985 1243 994 1270 3

253 1268 362 1304 Darii.
464 1225 498 1363 Ξ
522 1271 681 1317 Qaedam
697 1272 869 1308 fiibstantia
885 1274 928 1308 est
950 1275 1095 1320 animal3

520 1324 604 1369 Ergo
618 1323 766 1369 quaedam
782 1321 955 1359 substantia
973 1326 1016 1360 est
1025 1327 1152 1362 vivens·

520 1417 657 1454 Nullum
677 1418 799 1454 animal
820 1419 863 1455 est
878 1420 957 1470 lapis
977 1440 985 1466 ;

520 1467 681 1515 Quaedam
703 1468 874 1503 substantia
901 1471 944 1505 est
963 1472 1106 1514 animal;

517 1518 602 1565 Ergo
616 1518 765 1564 quaedam
774 1516 947 1554 substantia
961 1534 1029 1557 non
1048 1521 1091 1556 est
1105 1519 1199 1569 lapis-

254 1462 355 1499 Fetio.

537 1590 704 1640 Exempla
720 1592 883 1629 modorum
900 1595 1125 1631 indireh'lornm
1137 1593 1369 1647 primaefigurae·

517 1665 632 1699 Omne
649 1665 775 1702 animal
793 1668 838 1702 est
855 1671 973 1705 vivens
989 1684 998 1704 ς

518 1714 641 1748 Omnis
661 1713 764 1750 homo
785 1718 829 1752 est
848 1717 991 1761 animal·,

517 1764 603 1810 Ergo
625 1763 793 1809 quoddam
810 1769 927 1803 vivens
941 1766 984 1802 est
1004 1765 1116 1802 homo.

247 1706 385 1759 Baralip.

517 1858 653 1895 Nullum
665 1862 787 1898 animal
810 1864 855 1899 est
871 1863 974 1911 lapis;

245 1903 417 1941 celantes·
518 1911 638 1944 Omnis
660 1909 764 1944 homo
778 1912 821 1945 est
837 1912 957 1946 animal
971 1930 982 1956 ;

451 1861 492 2001 ἕ
515 1961 599 2007 Ergo
619 1956 722 1994 nullus
736 1958 816 2007 lapis
832 1960 876 1994 est
899 1959 1015 1997 homo.

515 2057 631 2092 Omne
643 2056 765 2093 animal
783 2058 826 2093 est
842 2060 979 2105 vivens3

245 2101 389 2140 Dabitis.
512 2106 674 2153 Quaedam
698 2106 870 2143 substantia
893 2109 936 2143 est
950 2110 1070 2145 animal
1085 2128 1095 2154 ;

510 2157 594 2205 Ergo
606 2156 773 2205 quoddam
783 2160 898 2193 vivens
917 2159 961 2195 est
975 2157 1156 2198 substantia.

511 2256 625 2290 Omne
641 2255 761 2292 animal
778 2258 821 2292 est
836 2256 1007 2295 substantia
1021 2276 1032 2303 3

245 2297 407 2347 Fapesmo.
455 2252 488 2385 Ξ
510 2304 628 2340 Nullus
644 2305 724 2355 lapis
741 2307 784 2341 est
815 2307 936 2342 animal
955 2326 964 2352 3

505 2355 588 2402 Ergo
600 2356 748 2403 quaedam
762 2355 933 2395 substantia
947 2371 1016 2397 non
1033 2358 1076 2395 est
1094 2357 1184 2408 lapis.
