1857 2745
374 163 418 206 ,33
892 129 1261 196 TRACTATUS'

669 246 698 281 A
725 246 756 280 R
782 246 812 280 T
838 246 906 281 ic
930 246 1120 284 urus
1162 246 1432 284 PRIMUS.

749 313 804 346 De
822 314 944 348 nomine
964 312 1002 348 ὠ·
1019 314 1181 360 existentia
1193 315 1381 349 Relatiom's.

372 427 380 429 -
451 403 603 440 Elationis
623 415 745 438 nomen
766 404 821 437 vix
848 399 890 435 ab
914 402 1061 450 Antiquis
1080 402 1141 438 fuit
1164 403 1356 451 usurpatum.
1386 401 1573 439 Aristoteles
1594 402 1694 439 relata
1715 402 1762 440 π’

371 467 378 478 »
454 453 550 496 πρὲςτι
562 481 570 495 ,
593 452 644 487 seu
655 453 693 486 ad
711 450 832 500 aliquid
843 449 923 486 solet
934 451 1181 500 appellare‚quae
1197 451 1318 487 scilicet
1328 453 1368 487 ad
1380 453 1464 487 aliud
1481 452 1671 488 referuntur.
1681 456 1764 488 'Mo-

374 505 432 539 dus
451 513 530 538 vero
547 515 612 550 quo
626 502 691 537 duo
706 530 715 545 ‚
738 512 793 536 aut
810 499 901 548 plura
927 502 1010 534 inter
1019 500 1048 535 se
1059 501 1244 537 referuntur
1257 530 1267 544 ,
1292 500 1447 537 abstracta
1458 514 1540 537 voce
1553 502 1666 536 dicitur
1678 502 1763 536 tela..

376 555 442 588 tio:
474 551 542 587 aliis
564 563 693 598 quoque
722 549 852 586 effertur
873 548 1072 586 nominibus
1111 552 1202 587 Nam
1220 550 1385 599 ,respestus
1401 580 1411 594 ‚
1442 550 1524 586 ordo
1542 578 1552 593 ‚
1581 549 1740 585 habitudo
1754 579 1766 595 ,

375 603 586 643 connotatio,
612 601 814 648 comparatio
840 599 1003 633 vocitatur
1029 612 1037 633 :
1062 599 1144 634 adeo
1161 611 1195 634 ur
1209 600 1285 635 nibil
1306 598 1342 633 sit
1355 612 1438 647 pene
1452 601 1561 634 notius
1579 599 1678 645 quam
1698 598 1764 647 iplk

374 650 491 685 relatio
505 678 515 693 ,
541 662 613 684 cum
624 651 730 683 omnis
741 648 810 683 fere
824 649 983 696 cogitatio
993 648 1102 683 nostra
1112 651 1146 684 in
1161 647 1256 684 rebus
1275 648 1499 696 comparandis
1522 648 1675 683 verlctur.
1699 650 1765 682 lta.-

375 712 440 747 que
454 699 554 734 relata
574 697 643 733 sunt
659 712 690 734 v.
703 712 734 747 g.
752 709 845 747 pater
862 703 895 733 δε
912 696 995 731 filius
1009 710 1017 732 ε
1043 699 1220 746 paternitas
1238 704 1271 735 δ(
1287 696 1401 733 filiatio
1413 697 1559 731 dicuntur
1575 696 1764 731 relationes.

374 750 496 785 Omnis
515 759 623 782 autem
646 749 847 797 comparatio
862 774 872 789 ,
897 744 951 780 seu
967 745 1082 781 relatio
1097 759 1151 781 aut
1169 746 1189 782 ὲ
1207 758 1319 783 mente
1330 747 1439 781 nostra
1456 747 1657 793 excogitatur
1668 775 1678 789 ,
1690 757 1765 792 qua.

373 797 413 833 lis
431 798 475 833 est
486 799 569 832 inter
581 795 758 845 subJecturn
770 801 803 834 &
816 793 1006 830 attributum
1024 795 1248 844 propositionis
1260 824 1270 839 ‚
1291 807 1391 844 genus
1405 799 1438 831 &
1451 794 1610 843 speciem:
1627 806 1700 841 quae
1719 795 1765 829 id„

372 849 461 882 circo
478 845 741 883 relatio-rationis
758 846 821 879 dici
834 844 916 879 solet
936 859 946 887 ;
972 855 1029 879 aut
1045 847 1210 879 invenitur
1232 846 1337 893 potius
1356 843 1376 879 ὲ.
1394 855 1524 885 mente,
1545 843 1646 890 quam
1665 841 1767 878 effici.

376 906 444 940 tur,
472 893 649 944 cujusmodi
667 895 709 929 est
719 893 971 929 habitudointer
981 904 1106 940 patrem
1125 892 1289 937 &filium,
1309 895 1394 927 inter
1405 891 1538 927 *causam
1554 897 1588 929 &
1599 891 1766 932 effectum.

375 947 453 980 Haec
464 945 562 978 *realis
581 944 623 978 est
639 972 648 986 ,
662 949 701 980 ὗς
718 956 783 977 non
800 941 875 977 fieta
890 940 1027 985 relati03
1052 954 1156 989 eaque
1174 943 1217 976 est
1229 941 1360 990 duplex.
1673 966 1678 970 -

418 996 509 1030 Nam
521 1022 530 1037 ‚
543 1003 591 1027 >ut
603 993 700 1026 docet
712 994 746 1028 S.
764 991 910 1027 Thomas
922 1017 932 1033 ‚
956 992 1090 1025 nomina
1103 990 1241 1025 relativa
1256 990 1309 1025 vel
1327 990 1398 1026 sunt
1413 988 1561 1038 impolita
1575 1019 1586 1034 ,
1612 1002 1647 1025 ut
1666 990 1766 1039 ipsam

376 1043 570 1077 relationem
583 1071 592 1084 ‚
605 1039 904 1075 seu-habitudinem
921 1037 1107 1087 designent,
1135 1050 1172 1074 ut
1193 1050 1284 1087 pater
1302 1038 1452 1081 &2filius‚
1472 1040 1620 1074 dominus
1644 1046 1678 1077 &
1704 1039 1767 1075 [er.

377 1104 435 1126 vus
453 1105 460 1125 ς
480 1090 589 1127 &haec
605 1088 745 1122 barbara
760 1088 894 1135 quidem
913 1099 1014 1130 voce,
1046 1087 1098 1122 sed
1125 1089 1254 1134 recept&
1276 1088 1423 1122 dicuntur
1451 1087 1567 1121 Relata
1591 1087 1768 1134 ficundlem

377 1141 441 1186 effe.
459 1138 521 1174 Vel
532 1139 664 1173 nomina
678 1137 742 1184 ipsa
756 1148 804 1170 res
814 1135 974 1170 absolutas
984 1136 1116 1181 quidem
1131 1165 1140 1179 ‚
1162 1135 1215 1170 seu
1230 1135 1272 1169 ab
1287 1135 1439 1170 omnibus
1455 1135 1525 1169 aliis
1543 1134 1660 1171 solutas
1682 1143 1715 1174 &
1727 1137 1768 1172 li-

377 1187 470 1223 betas
480 1185 674 1236 significant,
689 1198 768 1232 quas
783 1195 891 1219 tamen
906 1182 1066 1231 respectus
1082 1214 1091 1228 ‚
1107 1196 1160 1219 aut
1175 1183 1377 1219 habitudines
1395 1184 1541 1231 quaedam
1562 1185 1767 1233 consequun-

379 1248 446 1272 tur:
472 1235 582 1284 quales
600 1234 669 1269 sunt
685 1237 768 1269 inter
779 1245 915 1268 movens
930 1237 964 1269 &
977 1244 1102 1268 motum
1119 1251 1127 1277 3
1147 1235 1230 1267 inter
1249 1246 1429 1268 creatorem
1445 1238 1478 1269 δε
1490 1245 1669 1270 creaturam
1686 1234 1770 1270 tela-

378 1288 491 1322 tiones,
509 1287 618 1333 Atque
632 1284 697 1318 liaec
717 1283 816 1318 relata
819 1283 991 1326 secundum
1004 1282 1069 1315 dici
1086 1283 1105 1318 ἐι
1125 1281 1327 1330 philosophis
1349 1284 1552 1320 vocitantur:
1569 1290 1639 1332 quae
1657 1312 1666 1327 ‚
1682 1296 1717 1319 ut
1729 1284 1768 1319 il-

377 1335 413 1370 lis
423 1334 547 1383 placet,
564 1333 606 1368 ab
627 1330 876 1369 Aristotele'sunt
890 1329 1022 1365 definita
1034 1331 1081 1365 his
1094 1330 1210 1366 verbis.
1230 1333 1347 1365 Relata
1359 1358 1368 1369 ‚
1389 1333 1497 1378 inquit
1510 1360 1520 1374 ‚
1537 1335 1612 1375 sunt
1627 1346 1664 1366 ca
1674 1359 1683 1371 ,
1703 1345 1768 1379 quae

377 1384 414 1417 id
426 1383 740 1430 quodfitnt,alterim
754 1382 806 1428 effe
816 1380 1035 1417 dicuntur,ch
1051 1394 1173 1427 quoquo
1185 1381 1272 1413 modo
1285 1380 1331 1413 ad
1343 1380 1480 1413 alterum
1498 1382 1685 1425 referuntur,
1698 1384 1769 1417 Hu.

375 1437 424 1481 jus
433 1435 559 1481 generis
574 1431 688 1465 relatio
700 1428 984 1465 transcendentalis
1005 1428 1067 1463 dici
1081 1427 1180 1464 solet:
1205 1429 1297 1476 quod
1316 1430 1349 1463 in
1370 1440 1404 1463 re
1429 1430 1523 1463 omni
1538 1430 1620 1464 ordo
1634 1431 1767 1477 quidam

379 1487 412 1518 δε
425 1481 541 1515 relatio
554 1481 593 1514 ad
607 1480 694 1515 aliud
709 1479 899 1514 includatur.

418 1532 617 1576 Qanquam
631 1559 639 1571 ,
663 1539 699 1562 ut
713 1527 823 1563 multis
835 1527 961 1561 videtur
972 1556 981 1571 ‚
1000 1540 1067 1562 non
1086 1529 1191 1561 omnis
1203 1526 1318 1562 relatio
1335 1525 1509 1562 secundum
1522 1527 1584 1560 dici
1601 1527 1648 1562 est
1667 1525 1770 1564 trans.

378 1578 596 1613 cendentalis:
615 1576 665 1612 sed
677 1589 715 1610 ea
730 1575 796 1611 sola
807 1587 880 1623 quae
899 1575 944 1609 est
962 1578 1008 1610 rei
1026 1573 1219 1612 effentialis:
1237 1575 1341 1623 qualis
1360 1575 1406 1608 est
1427 1576 1509 1609 inter
1535 1575 1770 1615 facultatem&

378 1627 558 1674 objectum.
578 1627 638 1661 Sed
651 1638 724 1660 cum
741 1624 856 1659 relatio
862 1625 1038 1669 secundum
1050 1624 1170 1662 dici-sei
1183 1624 1236 1674 ipli
1250 1625 1368 1659 accidit
1384 1652 1393 1667 ,
1409 1623 1511 1671 qualis
1524 1624 1570 1659 est
1590 1627 1673 1661 inter
1693 1640 1770 1661 mo-

377 1687 458 1711 vens
471 1683 503 1713 &
514 1688 642 1711 motum
656 1704 664 1717 ‚
687 1680 721 1711 &
737 1687 807 1722 quae
824 1677 859 1709 in
876 1672 926 1708 sex
940 1672 1061 1709 ultimis
1074 1673 1327 1723 praedicamentis
1340 1674 1499 1721 reperitur
1510 1701 1521 1717 ,
1537 1685 1658 1712 tumea
1667 1673 1769 1711 trans.

379 1725 576 1761 cendentalis
594 1738 658 1759 non
671 1723 859 1771 appellatur.

414 1778 526 1820 Imque
539 1773 602 1808 sola
613 1773 726 1807 relatio
736 1772 908 1808 secundum
921 1769 981 1807 esse
992 1800 1002 1815 ,
1021 1770 1431 1820 ad'liocpraedicamentum
1445 1772 1598 1818 pertinet.
1610 1772 1702 1807 'Hinc
1713 1771 1770 1807 de-

380 1823 461 1858 finiri
473 1835 544 1872 porc
554 1823 578 1857 st
590 1852 600 1866 ‚
622 1825 659 1856 id
674 1826 762 1861 cujus
776 1832 875 1855 totum
892 1821 963 1867 effe,
981 1821 1022 1865 est
1034 1820 1079 1853 ad
1095 1821 1187 1855 aliud
1200 1821 1323 1865 referri:
1341 1832 1375 1855 ut
1387 1819 1561 1855 'similitudo
1573 1849 1582 1863 ,
1595 1819 1770 1868 aequalitas,

379 1875 552 1920 paternitas
565 1872 634 1906 sunt
648 1870 820 1905 relariones
832 1871 1021 1917 categoricae
1033 1897 1043 1911 ‚
1063 1871 1096 1904 in
1116 1882 1156 1904 eo
1178 1870 1310 1916 quidem
1338 1868 1445 1916 pofitae
1463 1897 1472 1910 ‚
1488 1870 1577 1915 quod
1596 1869 1684 1902 aliud
1708 1869 1770 1904 res-

380 1924 508 1967 piciant.
522 1924 611 1957 Nam
624 1921 764 1954 termino
775 1930 955 1966 -pereunte,
974 1918 1082 1952 statim
1090 1917 1285 1953 evanescunt
1300 1932 1309 1952 ‚-
1328 1917 1429 1952 homo
1446 1916 1515 1951 filio
1528 1919 1688 1962 extinCtQ
1701 1930 1770 1954 non

380 1970 427 2004 cst
451 1969 589 2018 amplius
608 1979 708 2015 pater.

411 2021 452 2055 ln
465 2020 523 2054 hac
535 2016 730 2067 porislimum
741 2014 898 2049 relatione
908 2026 945 2048 ea
955 2013 1089 2062 specstari
1103 2011 1228 2061 possunt
1241 2043 1251 2057 ,
1268 2013 1444 2062 subjeetum
1461 2041 1471 2057 ,
1495 2014 1584 2061 quod
1599 2013 1715 2050 scilicet
1726 2015 1769 2050 ad

379 2069 467 2103 aliud
483 2068 641 2102 refertur:
661 2064 700 2099 fic
709 2076 800 2113 pater
812 2093 821 2108 ,
835 2076 891 2098 aut
907 2063 1014 2098 liomo
1028 2074 1182 2111 generans
1200 2062 1381 2103 subjeetum
1406 2062 1450 2097 est
1473 2065 1674 2110 paternitatis
1697 2082 1706 2106 3
1732 2074 1769 2099 ut

379 2117 464 2153 filius
477 2118 515 2151 ad
528 2129 628 2164 quein
642 2114 779 2149 refertur
790 2142 799 2156 ‚
819 2113 866 2147 est
879 2115 1033 2147 terminus
1048 2127 1056 2153 3
1076 2115 1244 2161 generatio
1261 2112 1313 2147 seu
1321 2110 1414 2147 causa
1431 2123 1484 2145 cur
1497 2123 1587 2159 pater
1610 2114 1649 2147 ad
1666 2112 1769 2148 filium

380 2167 538 2201 referatur
554 2195 563 2208 ,
589 2164 836 2200 fundamentum
850 2162 912 2196 dici
922 2160 1013 2197 solet.
1027 2162 1102 2195 Hoc
1113 2164 1225 2208 utique
1238 2160 1292 2197 vel
1309 2161 1356 2195 est
1370 2162 1556 2209 proximum
1573 2190 1583 2204 ,
1596 2172 1630 2195 ut
1645 2162 1685 2195 de
1697 2174 1767 2208 quo
1806 2161 1812 2167 ’

382 2229 457 2249 mox
472 2216 608 2250 diximus
619 2242 628 2256 ,
648 2212 701 2247 vel
721 2222 884 2246 remotum
895 2240 905 2254 ‚
924 2222 958 2244 ut
972 2212 1118 2256 potentia
1126 2211 1300 2258 generandi
1312 2212 1344 2244 in
1358 2220 1459 2258 patre,
1474 2221 1538 2255 qua
1555 2208 1655 2257 posita
1669 2239 1678 2252 ‚
1701 2222 1770 2245 non

383 2265 500 2299 idcirco
513 2265 649 2309 emergit
666 2261 781 2296 relatio
797 2258 870 2295 :sed
879 2259 935 2294 ubi
947 2259 993 2293 est
1005 2259 1253 2294 fundamentum
1263 2260 1447 2307 proximum
1463 2285 1473 2299 ,
1495 2256 1564 2301 seu,
1582 2271 1617 2293 ur
1630 2258 1769 2305 loquun-

385 2323 435 2345 tur
453 2341 461 2353 ‚
489 2316 569 2347 ratio
589 2305 744 2347 fundandi
761 2339 772 2354 ‚
797 2309 902 2344 statim
920 2310 1042 2357 exurgit
1063 2307 1188 2344 relatio.
1214 2308 1338 2343 Idcirco
1361 2308 1450 2343 enim
1463 2318 1552 2355 pater
1565 2308 1704 2343 refertur
1726 2307 1768 2342 ad

378 2359 487 2400 *filium
500 2391 508 2404 ,
531 2363 606 2407 quia
623 2374 699 2394 eum
711 2361 834 2407 genuit.

419 2412 455 2445 In
465 2412 556 2446 omui
567 2409 725 2444 relatione
745 2422 812 2444 non
830 2407 904 2443 fieta
913 2435 924 2452 ,
940 2406 992 2441 sed
1005 2405 1101 2451 reali,
1118 2407 1224 2456 primo
1234 2404 1416 2453 subjectum
1429 2403 1564 2441 existere
1578 2402 1701 2442 necesse
1713 2404 1765 2440 est·
