1857 2745
509 136 1194 174 TRACTATUS“TERT1U.<;
1497 139 1557 181 62:-

157 198 225 222 :aut
241 187 400 235 praecipua
414 185 647 221 instrumenta:
665 187 748 220 adeo
760 197 794 220 ut
808 188 988 222 animantes
1002 198 1039 222 ex
1052 186 1167 235 plantis
1180 198 1245 221 non
1256 197 1295 219 ea
1307 185 1405 220 solum
1421 197 1492 232 quae
1511 188 1552 220 ad

166 237 409 284 vegetationem
424 262 432 270 .
444 233 497 269 sed
508 237 607 270 etiam
619 247 689 281 quae
704 236 744 268 ad
763 234 884 269 sensum
923 237 1082 279 extinent,
1097 237 1232 270 omnino
1257 235 1451 282 depromant
1471 248 1478 269 :
1501 246 1551 268 at-

165 296 230 331 que
242 284 325 318 adeo
336 285 372 317 in
386 283 612 331 vegetantibus
624 281 720 318 ineffe
736 285 885 318 videntur
907 286 1040 331 piritus,
1055 287 1114 331 qui
1135 285 1331 332 vegetationi
1348 288 1381 318 &
1392 281 1490 316 sensui
1501 282 1552 317 fa-

167 332 340 368 mulantur.
362 333 462 368 Unde
474 343 510 366 ut
521 331 671 367 craffioris
683 331 764 367 suc-‚ci
779 334 899 367 nutritii
920 344 1026 380 partes
1046 334 1174 380 corpori
1194 332 1312 365 alendo
1337 331 1548 374 destinantur,

165 383 212 418 ita
225 380 405 415 subtiliores
425 380 635 414 restaurandis
648 379 822 427 spiritibus,
836 383 904 415 imo
915 387 949 418 ὃ(
962 380 1046 415 bruti
1058 383 1171 415 animae
1182 380 1331 414 fovendae
1341 379 1548 423 famulantur,

167 441 204 463 ac
218 430 327 477 portio
340 428 422 463 illius
434 430 541 476 purior
557 428 721 463 flammam
735 427 893 477 sanguinis
909 428 1013 464 fovet.
1046 432 1098 463 Sic
1126 427 1349 464 humorviralis
1361 429 1394 462 in
1409 441 1474 461 ovo
1486 430 1549 480 pri-

167 490 256 512 mum
273 477 404 524 quidem
421 476 717 511 manetirnmobilis
732 478 923 526 &torpidus
940 507 950 521 ‚
964 478 1069 512 donec
1089 477 1200 511 caloris
1219 475 1337 511 accessu
1349 478 1416 510 vita
1432 482 1464 512 &
1482 480 1549 511 len-

167 525 212 560 sus
230 526 260 560 se
271 526 417 573 prodant.
441 527 552 571 Quare
567 526 642 560 illud
653 525 739 560 forte
753 539 818 561 non
830 527 878 561 est
896 528 988 561 omni
1000 539 1038 560 ex
1054 538 1144 574 parte
1162 538 1273 560 ,verum
1287 554 1296 568 ‚
1314 527 1456 560 animam
1478 524 1548 559 sen-

168 576 305 609 tientem
322 587 360 608 ex
385 588 451 609 non
464 573 676 609 sentientibus
691 574 839 619 conflari,
854 588 927 610 cum
944 577 977 609 in
990 587 1182 622 unaquaque
1201 586 1239 608 -re
1267 584 1371 621 partes
1389 571 1447 608 [int
1461 586 1550 620 quae-

167 623 241 657 dam
253 622 422 670 spirituosae
438 625 605 667 ,omnium
626 625 788 658 actionum
816 624 922 658 fontes
937 652 946 666 ,
973 623 1088 671 quibus
1111 625 1241 658 initium
1259 623 1422 669 quoddam
1435 620 1550 665 sensus,
1578 632 1582 637 ’

169 677 202 707 &
216 670 301 718 quasi
311 672 527 711 rudimentum
545 669 605 706 esse
621 673 779 708 videatur..
795 675 971 719 Utcunque
991 685 1028 706 ea
1036 684 1090 706 vres
1110 670 1158 714 sit,
1172 671 1253 706 nihil
1271 671 1393 706 neceffe
1408 670 1454 704 est
1472 683 1549 718 pro-

169 718 315 754 bationes
335 718 457 755 sumere
468 733 506 755 ex
520 722 557 754 iis
573 733 641 767 quae
654 719 723 755 sunt
740 723 859 756 incerta
871 749 880 764 ,
897 722 937 755 ad
951 721 1165 755 evertendum
1188 720 1220 753 id
1241 719 1329 766 quod
1357 730 1480 753 certum
1505 719 1548 753 est

169 773 202 804 δε
217 767 589 804 inconcussum..Constat
604 771 688 804 enim
703 771 802 804 vitam
817 775 848 806 &
861 768 979 804 sensum
994 771 1028 803 in
1040 766 1260 804 animantibus
1278 770 1407 815 vigere,
1425 766 1549 803 tametsi

169 819 366 865 cogitatione
378 815 499 864 affequi
515 830 581 852 non
591 815 744 865 poffimus
761 821 902 865 primum
922 817 1002 852 illud
1015 816 1171 851 sentiendi
1189 819 1396 864 principium.
1421 819 1546 851 Verum

169 866 200 899 id
216 864 336 912 ubique
348 868 508 914 contingit
521 878 591 900 cum
609 868 729 913 primos
740 878 847 901 rerum
866 867 974 901 fontes
985 871 1017 901 &
1030 867 1182 913 principia
1198 867 1401 912 inquirimus.

181 915 225 948 At
239 914 579 960 enim‚c'nquiunt,illud
592 914 782 950 nullomodo
790 914 1037 963 concipitur,qui
1051 917 1219 962 perceptio
1233 914 1272 947 ad
1291 916 1459 949 materiam
1473 926 1547 962 pet-

168 964 268 997 tineat
281 980 290 1006 3
306 962 373 997 haec
386 965 471 997 enim
482 965 685 1010 quantumvis
700 975 880 1007 moveatur,
894 975 949 998 aut
957 975 1147 998 extenuetur
1159 991 1168 1005 ,
1186 976 1254 997 non
1265 965 1367 997 minus
1379 962 1422 996 est
1442 974 1548 997 mate-

166 1012 214 1044 tia
227 1039 237 1053 ‚
246 1023 345 1058 quarn
357 1023 451 1045 antea
465 1024 544 1053 3nec
560 1014 665 1046 minus
677 1024 748 1046 cum
766 1014 974 1060 perceptione
984 1012 1028 1046 est
1048 1010 1253 1046 insociabilis,

217 1060 305 1107 Resp.
325 1061 403 1095 Non
417 1059 512 1094 facile
526 1063 653 1107 concipi
675 1059 731 1106 qu'i
748 1072 796 1094 res
829 1060 958 1095 extensa
983 1066 1016 1096 &
1039 1060 1213 1095 materialis
1240 1072 1313 1093 cum
1333 1061 1546 1106 perceptione

168 1107 382 1145 consocietur:
397 1107 447 1142 sed
461 1109 492 1141 ici
503 1122 569 1144 non
585 1112 685 1142 minus
707 1109 754 1143 est
766 1109 935 1144 intellectu
953 1108 1081 1144 difficile
1102 1107 1157 1155 qui
1171 1106 1265 1156 possit
1289 1106 1459 1141 substantia
1484 1108 1546 1155 spi-

167 1156 267 1191 ritalis
284 1169 356 1191 cum
377 1157 534 1191 materiali
545 1170 609 1192 tam
619 1159 734 1192 intime
752 1160 901 1206 conjungi
917 1172 924 1192 ε
944 1170 1048 1202 neque
1065 1157 1138 1190 ideo
1156 1169 1204 1190 res
1217 1169 1282 1191 non
1298 1167 1375 1190 vera
1389 1157 1441 1197 est,
1457 1156 1547 1202 quod

167 1207 293 1252 concipi
307 1217 344 1239 ea
365 1218 430 1239 non
443 1204 550 1253 poslit.
574 1205 703 1240 Subtilis
717 1206 846 1252 quidem
863 1235 872 1248 ,
895 1217 951 1240 aut
976 1208 1098 1253 agitata
1113 1208 1248 1238 materia
1271 1216 1336 1238 non
1355 1206 1461 1238 minus
1475 1216 1548 1238 ma-

169 1254 248 1286 teria
262 1254 304 1287 est
314 1266 412 1301 quam
420 1252 598 1296 craffa3sed
612 1253 676 1288 hcec
686 1256 788 1288 minus
813 1254 859 1288 est
882 1254 1000 1288 idonea
1018 1265 1090 1299 quat
1111 1254 1274 1301 percipiat.
1304 1254 1418 1297 Itaque
1437 1251 1548 1286 bestia:

169 1313 207 1334 ex
216 1314 349 1350 corpore
360 1305 510 1339 &anima
524 1332 533 1345 ,
545 1316 616 1349 qua:
629 1301 749 1336 subtilis
766 1303 812 1335 est
825 1307 857 1338 ἅτ
878 1302 974 1337 fluida
998 1300 1168 1336 substantia
1182 1329 1191 1343 ‚
1211 1300 1355 1337 coustant
1381 1300 1492 1342 3horno
1506 1313 1546 1334 ex

168 1361 303 1397 corpore
314 1379 324 1393 ‚
344 1354 433 1385 tenui
450 1350 624 1384 substantia
636 1355 668 1386 δε
678 1362 788 1384 mente
799 1349 863 1397 ipsa
879 1349 1011 1397 spiritali
1022 1348 1184 1383 coalescit.

205 1399 267 1432 Sed
280 1402 445 1445 ‚inquiunt
459 1427 468 1441 ,
481 1397 501 1432 [i
517 1400 624 1433 anima
641 1410 767 1435 motum
785 1399 948 1441 cordis„&
965 1397 1044 1437 alios
1057 1399 1317 1445 corporisssmotus
1333 1394 1547 1441 efficeret,hos

170 1449 283 1493 utique
298 1446 516 1494 cognosceret.

201 1497 288 1544 Rcsp.
307 1498 367 1530 Eos
385 1507 492 1530 motus
505 1493 546 1529 ab
560 1497 668 1530 anima
680 1495 832 1542 proficisci
844 1507 934 1539 ‚cuni
949 1507 987 1530 ee<
1001 1494 1072 1529 laeto
1083 1506 1136 1529 aut
1153 1494 1234 1528 tristi
1255 1495 1371 1528 nuntio
1379 1493 1468 1543 *adeo
1486 1496 1548 1528 im-

171 1556 340 1583 mutentur.
367 1547 404 1580 Et
433 1556 540 1579 tamen
568 1556 657 1578 mens
676 1543 808 1578 siderum
834 1555 938 1578 motus
960 1544 1070 1578 melius
1088 1542 1262 1591 dignoscit,
1276 1554 1373 1589 quam
1389 1544 1548 1589 proprios,

170 1593 221 1626 vel
239 1595 378 1641 corporis
389 1605 496 1627 motus
509 1604 561 1627 aut
576 1595 714 1639 partium
727 1592 850 1640 figuras.
866 1594 911 1627 Ac
932 1592 953 1627 fi
966 1593 1028 1627 haec
1040 1593 1117 1626 velit
1131 1592 1295 1639 percipere
1307 1619 1316 1633 ,
1339 1602 1375 1623 ea
1388 1589 1473 1636 quasi
1488 1589 1548 1624 ob-

168 1643 251 1689 jecta
261 1640 451 1677 extrinsecus
471 1640 860 1690 propositalibiexliibeat
873 1640 995 1675 necess'e
1009 1641 1064 1674 est.
1083 1644 1135 1675 Sic
1153 1643 1274 1674 animus
1291 1651 1362 1672 cum
1380 1636 1548 1673 substantia

171 1691 295 1724 extensi
307 1692 431 1740 june‘his
446 1691 490 1724 est
505 1719 514 1732 ‚
537 1692 690 1725 unionem
702 1703 780 1724 vero
793 1719 802 1731 ‚
813 1702 849 1724 ut
862 1689 1034 1736 loquuntur
1045 1719 1053 1732 ‚
1070 1703 1136 1724 non
1150 1690 1297 1736 percipit.

207 1739 292 1785 Opp.
309 1746 332 1781 3ss
350 1739 451 1786 Qod
469 1738 489 1773 si
506 1751 575 1786 quse
593 1741 627 1773 in
650 1739 862 1773 animantibus
878 1742 1035 1773 cernimus
1053 1768 1062 1781 ,
1086 1751 1123 1772 ex
1138 1737 1325 1771 mechanica
1349 1747 1546 1783 organorum

170 1788 321 1822 structura
332 1790 482 1836 explicari
497 1786 627 1835 poffint,
641 1788 754 1822 frustra
768 1789 954 1822 recurrimus
966 1787 1006 1820 ad
1026 1787 1163 1821 formam
1175 1815 1183 1827 ,
1199 1789 1282 1831 cujus
1297 1796 1407 1819 natura
1418 1813 1427 1825 ‚
1444 1786 1547 1830 origo,

170 1836 297 1870 funffio
307 1837 445 1882 denique
463 1848 593 1870 omnem
605 1839 745 1870 materia:
757 1838 822 1869 vim
842 1834 998 1882 superant.
1028 1837 1127 1881 Atqui
1141 1833 1287 1868 dubitare
1304 1846 1368 1866 non
1387 1832 1546 1879 possumus

170 1887 249 1931 quin
258 1884 395 1919 suminus
406 1897 525 1919 naturae
535 1885 660 1932 Opifex
673 1883 828 1934 ejtismodi
841 1885 1003 1918 machinas
1015 1882 1172 1917 fabricare
1192 1879 1286 1929 poffit
1302 1909 1311 1923 ,
1336 1893 1407 1926 quae
1419 1879 1551 1914 eosdem

171 1933 267 1981 plane
281 1945 386 1967 motus
397 1945 451 1967 aut
463 1936 606 1969 actiones
619 1945 749 1968 exerant
761 1961 770 1974 ‚
788 1923 896 1980 qffiles
906 1931 948 1966 ab
957 1931 1172 1967 animantibus
1183 1928 1431 1979 proficiscuntur.
1445 1927 1549 1975 Qod

173 1982 286 2027 utique
307 1981 415 2015 multis
439 1981 616 2016 rationibus
634 1981 838 2017 confirmant.

220 2031 307 2064 Nam
321 2030 340 2064 fi
351 2043 388 2064 ea
403 2031 448 2064 est
464 2031 630 2071 hominum
645 2031 794 2065 industria
805 2059 813 2073 ‚
840 2041 876 2065 ut
893 2031 997 2065 omnis
1013 2031 1139 2078 generis
1158 2027 1319 2062 machinas
1338 2025 1392 2060 vel
1403 2025 1444 2059 ad
1459 2023 1547 2060 usum

174 2078 249 2111 vitae
264 2106 274 2120 ‚
298 2079 351 2113 vel
369 2080 407 2113 ad
425 2078 680 2114 oblectationem
696 2081 858 2127 excogitet
869 2108 877 2122 ,
892 2079 1038 2112 dubitare
1056 2091 1121 2112 non
1139 2077 1214 2111 licet
1233 2077 1313 2121 quin
1329 2074 1346 2111 ὲ
1361 2072 1482 2108 summo
1497 2085 1550 2107 re-

173 2138 242 2160 rum
263 2126 393 2161 Artifice
407 2127 552 2164 machina
565 2140 602 2161 ex
619 2127 752 2162 infinitis
774 2140 855 2175 pene
866 2126 1009 2175 partibus
1025 2127 1187 2174 compingi
1204 2122 1297 2172 poffit
1308 2152 1316 2165 ,
1346 2134 1416 2169 quae
1431 2122 1549 2156 eodem

175 2174 274 2208 modo
283 2187 321 2208 ex
335 2175 536 2222 objectorum
550 2174 751 2222 impreffione
765 2187 950 2218 moveatur,
976 2189 1010 2210 ac
1029 2174 1049 2208 si
1067 2174 1154 2209 sensu
1173 2179 1205 2209 δέ
1221 2173 1428 2219 perceptione
1446 2171 1551 2204 done-

175 2233 244 2257 tur:
259 2223 426 2269 praesertim
438 2237 510 2259 cum
525 2238 583 2260 nos
598 2224 651 2272 ipss
663 2236 727 2258 tam
740 2226 845 2258 varios
861 2230 893 2260 ὃ(
907 2222 1070 2257 diffimiles
1094 2233 1201 2256 motus
1219 2232 1260 2254 ne
1279 2222 1457 2267 cogitantes
1475 2220 1550 2264 qui-

178 2271 254 2306 dem
280 2282 456 2308 exeramus.
482 2274 565 2307 Cum
597 2275 682 2308 enim
703 2273 864 2320 loquimur
875 2301 884 2314 ‚
910 2284 965 2307 aut
985 2270 1149 2307 scribimus
1162 2296 1174 2309 ‚
1200 2279 1255 2302 aut
1286 2267 1447 2302 testudinis
1472 2266 1555 2300 fides-

177 2317 334 2366 pulsamus
352 2319 457 2361 ‚simul
475 2326 508 2356 &
527 2322 641 2356 eodem
651 2333 820 2356 momento
837 2332 886 2355 tot
897 2320 1050 2357 musculos
1062 2349 1070 2361 ,
1087 2329 1203 2354 nervos
1219 2323 1251 2353 &
1266 2316 1326 2350 alia
1341 2327 1458 2362 organa
1469 2316 1549 2354 citra.

175 2366 526 2417 ullamperceprionem
543 2375 574 2406 δε
586 2373 687 2418 petite
700 2376 732 2411 δι
744 2369 1106 2413 celerrimemovemm.
1127 2365 1216 2413 Qid
1230 2394 1240 2408 ‚
1259 2366 1426 2417 inquiunt,
1440 2375 1550 2400 amca-
