1857 2745
287 123 351 159 626
724 114 1053 153 MET‘APHYSI
1067 113 1150 149 C'AE'

287 173 355 206 vim
378 167 491 201 caloris
509 168 664 213 percipit,
688 176 753 211 quo
777 162 865 198 sensu
886 164 1079 198 admonetur
1092 192 1101 206 ‚
1119 174 1153 197 ut
1166 154 1293 209 longius
1314 155 1540 196 reccdatssNec
1561 174 1685 209 perce„v

287 214 489 268 ptionesillae
498 213 656 249 sensibiles
675 224 734 248 nos
750 213 868 247 docent
887 225 956 259 quo
972 211 1109 246 artificio
1122 222 1234 258 corpus
1254 212 1286 244 in
1303 209 1516 256 aequilibrium
1529 211 1675 245 restituae

289 279 353 309 tur,
363 263 417 299 ubi
433 276 517 311 pene
530 262 707 311 collapsum
723 261 776 295 cst.
789 265 913 296 Verum
924 261 955 295 id
971 262 1104 307 quidem
1121 261 1162 293 cst
1172 262 1204 294 in
1216 258 1366 293 omnibus
1381 258 1447 293 fere
1461 271 1528 305 quae
1538 261 1675 307 aginiusi

289 317 365 351 Nec
383 311 540 347 scribendi
556 311 703 346 voluntas
716 322 771 344 me
787 311 884 344 docet
894 312 949 356 qui
967 309 1109 357 spiritus,
1126 314 1159 344 &
1181 320 1236 351 per
1251 319 1330 354 quos
1354 307 1482 342 tubulos
1501 309 1532 341 in
1559 309 1676 355 digitos

291 363 331 397 ad
342 362 539 410 pingendum
552 363 720 395 mittantur
733 373 740 394 :
755 364 788 395 δί
806 371 916 393 tamen
934 370 971 392 ea
986 358 1133 393 voluntas
1148 356 1292 391 efficitur
1304 354 1447 390 scribam.
1464 358 1506 390 At
1518 357 1592 402 quid
1604 369 1679 403 prmv

292 410 361 446 sunt
379 411 593 458 cogitationes
607 409 734 449 bestiae,
760 419 895 453 quarum
917 419 982 441 non
999 407 1046 440 est
1063 405 1186 440 conscia
1204 433 1212 446 ‚
1229 418 1299 439 cum
1317 407 1480 452 percipere
1497 403 1527 438 se
1546 404 1680 439 nesciat}

294 463 416 496 Verum
434 458 566 505 quidem
579 458 625 492 est
635 469 750 492 canem
760 454 967 490 verberatum
978 455 1098 490 nescire
1108 454 1187 502 quid
1205 452 1239 488 sit
1250 453 1342 488 dolor
1366 467 1373 488 :
1392 452 1442 488 sed
1464 452 1611 487 dolorem
1634 465 1680 487 ta-

295 521 370 545 men
386 506 542 550 sentit,ut
552 507 653 541 homo
665 519 702 540 ex
718 504 835 552 vulgo,
847 502 971 540 tametsi
982 506 1007 537 is
1017 503 1143 539 doloris
1153 514 1300 538 naturam
1316 502 1436 538 nesciat
1453 500 1525 537 :sed
1543 501 1681 545 clamat15

296 563 331 595 &
343 556 456 591 dolore
471 554 556 590 affici
571 554 751 591 manifestis
769 553 1068 589 indiciistestatur„

336 608 419 655 Opp.
432 613 464 639 20
483 606 616 639 Moveri
630 615 753 640 tantum
770 631 779 645 ,
796 614 850 636 aut
866 601 991 650 figurari
1006 613 1121 650 corpus
1139 599 1244 649 potest
1255 629 1264 643 ,
1281 610 1427 634 nonrem
1441 601 1620 647 percipere,
1630 608 1696 631 aut⁴

299 653 357 690 fibi
371 652 524 688 exhibete
537 670 545 696 3
556 654 765 701 quantumvis
784 651 862 685 illud
873 653 1015 699 exagites
1029 680 1038 692 ‚
1051 663 1107 685 aut
1118 651 1157 684 ad
1175 649 1331 684 summam
1350 660 1541 682 tenuitatem
1554 647 1686 688 exaltes,

298 716 354 738 aut
365 702 495 752 pulchra
515 704 655 750 imagine
682 703 848 749 imprimas
861 728 870 743 ,
884 712 1051 747 nunquam
1067 700 1106 733 ad
1127 711 1201 732 eum
1224 697 1434 744 perfeetionis
1452 697 1586 746 gradum
1607 695 1688 729 illud

299 753 504 801 perduxeris,
532 763 631 798 quem
653 751 822 799 perceptio
844 750 943 797 exigit
958 760 1054 797 :ergo
1079 746 1303 786 &substantia
1314 757 1475 794 corporea-
1484 745 1563 781 nihil
1583 745 1689 793 perci:-

327 814 361 836 it.

301 815 322 850 P
339 851 431 895 Resp.
447 846 518 895 dlstss
535 860 604 885 ant.
618 850 758 883 Materia
773 848 852 883 exse
871 849 1078 895 quantumvis
1095 845 1130 880 sit
1155 846 1258 880 tenuis
1282 855 1344 878 aut*
1359 843 1464 878 lucida
1477 872 1486 885 ,
1502 845 1570 877 vim
1586 843 1691 890 perci-

303 899 413 948 piendi
424 898 545 933 habere
556 911 622 932 non
633 896 738 945 potest
752 925 761 939 ,
779 901 816 933 C.
828 910 867 932 ex
882 897 1056 931 conditoris
1069 895 1236 930 voluntate
1250 898 1283 929 δε
1297 905 1384 926 certa
1401 891 1480 926 illius
1494 891 1564 940 lege
1575 902 1690 938 corpus

304 949 431 996 organis
447 946 506 982 suis
530 947 732 988 inst1·u6him,
757 951 790 982 δε
803 947 842 980 ad
853 957 957 980 certos
966 944 1034 980 usus
1046 945 1237 979 destinatum
1255 943 1322 976 vim
1341 940 1498 976 sentiendi
1515 951 1571 974 aut
1588 941 1692 985 perci-

305 996 419 1046 piendi
448 999 482 1030 vi
512 996 573 1030 suae·
595 993 837 1043 compositionis
859 992 981 1029 habere
1000 1006 1066 1029 nor:
1085 993 1209 1041 potest,
1233 992 1285 1025 N.
1313 990 1414 1037 Qd
1436 988 1455 1023 fi
1473 990 1558 1024 enim
1581 987 1692 1035 figura,

305 1047 443 1095 partium
453 1057 528 1093 apta
537 1042 711 1079 collocatio
726 1073 735 1086 ‚
753 1054 860 1078 motus
874 1043 1012 1090 denique
1029 1053 1094 1077 tam
1111 1038 1318 1076 admirabiles
1340 1038 1397 1074 effi
1405 1038 1471 1071 <stus
1486 1040 1522 1072 in·
1536 1036 1692 1072 machinis

305 1105 491 1142 procreant,
503 1106 571 1141 qua:
586 1094 626 1127 ad
639 1092 737 1128 solam
750 1094 923 1127 materiam
931 1104 969 1126 ex
981 1091 1010 1126 se
1025 1093 1164 1126 inertem
1178 1089 1371 1124 referrinon
1386 1085 1512 1134 possunt
1528 1097 1599 1120 :cur
1610 1084 1692 1120 sum-

309 1155 379 1178 mus
394 1154 498 1176 return
511 1141 718 1178 Artifexnon
737 1143 877 1189 potuerit
887 1138 1103 1175 animantibus
1123 1141 1192 1174 vim
1206 1139 1376 1173 morricern
1387 1165 1395 1179 ‚
1412 1147 1468 1169 aut
1485 1133 1695 1176 sentientem,

309 1202 364 1225 aut
381 1192 521 1224 animam
532 1191 672 1237 denique
691 1203 762 1236 quae
777 1202 888 1237 corpus
907 1200 1036 1236 regeret
1047 1217 1056 1230 ,
1078 1198 1216 1235 quaeque
1232 1185 1361 1231 oijCta
1375 1195 1529 1231 corporea
1549 1182 1695 1231 percipe-

310 1251 359 1274 ret
371 1268 379 1282 ‚
394 1241 580 1286 imprimere
598 1249 607 1273 ἒ
637 1241 845 1285 Qiocunque
865 1237 895 1270 id
913 1236 970 1271 fiat
982 1237 1081 1271 modo
1095 1265 1104 1279 ,
1118 1247 1241 1269 certum
1264 1234 1391 1267 videtur
1409 1232 1562 1279 quiddam
1582 1229 1642 1266 effe
1662 1233 1696 1265 in

311 1287 441 1323 animali
451 1297 460 1330 3
470 1287 556 1333 quod
567 1286 642 1320 illud
654 1287 672 1320 ἐι
683 1289 801 1320 vcaeteris
819 1285 913 1319 rebus
924 1285 1129 1327 discriminat,
1140 1283 1228 1330 quod
1240 1281 1391 1318 sensitivae
1403 1282 1593 1330 cognitionis
1607 1284 1697 1328 prin-

312 1338 433 1384 cipium
452 1336 495 1369 est
506 1363 516 1377 ,
528 1335 614 1381 quod
628 1337 724 1368 totius
738 1333 884 1368 animalis
900 1335 999 1367 vitam
1016 1344 1132 1366 tuetur.

365 1387 486 1417 Contra
505 1384 663 1428 inquiunt.
684 1385 727 1417 Ex
740 1383 874 1416 materia
886 1380 1056 1417 insensibili
1066 1393 1131 1417 non
1142 1381 1246 1429 potest
1259 1379 1328 1416 fieri
1339 1376 1500 1426 quiddam
1518 1377 1653 1412 sentiens
1663 1382 1696 1414 δέ

315 1431 478 1466 ειξὶυοίίιη]
491 1461 500 1474 ‚
519 1442 576 1465 aut
598 1432 793 1479 cognitionis
810 1432 979 1478 particeps,
1675 1437 1678 1440 '

358 1483 448 1529 Relp.
469 1481 500 1514 id
513 1492 571 1514 nos
585 1482 698 1527 utique
715 1490 846 1527 negare.
869 1481 995 1515 Natura
1006 1481 1123 1527 quippe
1137 1477 1178 1512 ab
1202 1480 1238 1511 iis
1256 1489 1324 1524 quae
1345 1476 1415 1511 sunt
1429 1475 1523 1510 valde
1545 1475 1700 1524 imperfe-

316 1531 368 1563 &a
383 1559 393 1572 ‚
409 1530 447 1562 ad
459 1529 654 1577 perfeetiora
665 1540 720 1576 per
735 1528 850 1576 gradus
868 1527 948 1563 sol-et
963 1529 1123 1576 progredi.
1143 1530 1256 1573 Itaque
1270 1525 1407 1560 sentiens
1425 1537 1462 1559 ex
1484 1538 1551 1559 non
1567 1524 1700 1560 sentien-

319 1590 350 1613 te
370 1583 404 1614 &
424 1590 472 1611 res
490 1577 593 1611 lucida
605 1575 798 1611 autaccensa
808 1589 846 1611 ex
860 1576 990 1612 obscura
1005 1606 1014 1619 ‚
1032 1576 1167 1624 frigida,
1188 1581 1220 1612 &
1233 1577 1336 1611 inerte
1356 1573 1424 1609 fieri
1441 1574 1551 1621 potest·
1578 1575 1629 1609 Sic
1642 1574 1700 1607 hu-

319 1626 500 1662 morvitalis
527 1628 558 1660 in
578 1639 643 1659 ovo
661 1628 799 1674 primum
812 1626 856 1660 est
866 1625 1047 1660 immobilis
1059 1631 1091 1662 δε
1116 1624 1259 1673 torpidus
1271 1652 1280 1666 ‚
1298 1623 1400 1658 donec
1420 1622 1534 1656 caloris
1559 1622 1701 1666 accessu,

322 1688 359 1709 ac
375 1686 462 1709 certa
473 1674 545 1722 lege
562 1673 603 1708 ab
616 1675 759 1710 Authore
769 1686 889 1709 naturae
901 1674 1017 1709 sancita
1030 1704 1039 1718 ‚
1054 1680 1087 1711 &
1100 1676 1165 1709 vita
1178 1679 1210 1709 δε
1222 1671 1324 1708 sensus
1339 1671 1370 1706 se
1388 1672 1538 1720 prodant.
1550 1697 1553 1699 -

349 1724 477 1759 Deinde
495 1726 531 1760 R.
552 1723 634 1758 Illud
647 1735 711 1759 tarn
723 1722 817 1758 facile
829 1723 898 1758 fieri
911 1722 995 1771 posse
1008 1736 1105 1772 quam
1117 1725 1252 1757 mixtum
1268 1734 1307 1756 ex
1316 1719 1510 1768 simplicibus
1522 1719 1703 1757 elementis.

320 1775 408 1810 Nam
417 1785 453 1807 ut
463 1774 499 1807 in'
510 1773 658 1808 machina
674 1782 772 1807 novae'
783 1784 861 1807 rotae
876 1773 1042 1808 additione
1056 1773 1243 1807 novae'vires
1260 1768 1510 1813 sticcrescunr‚sic
1520 1771 1554 1804 in
1568 1771 1639 1805 reru
1651 1783 1704 1805 na.

321 1833 387 1857 tura
401 1834 483 1868 ,quo
494 1834 543 1856 res
555 1822 600 1855 est
611 1823 711 1868 magis
731 1820 904 1868 composita
919 1820 1000 1864 ,hoc
1016 1821 1120 1869 plures
1137 1825 1170 1856 δε
1191 1818 1367 1855 nobiliores
1384 1819 1528 1853 affiones
1553 1831 1704 1854 exercen-

320 1880 379 1906 tur.
392 1873 518 1906 Natura
529 1872 650 1917 quippe
660 1868 700 1903 ab
711 1871 748 1904 iis
762 1882 833 1916 quae
851 1868 921 1905 sunt
933 1870 1026 1904 valde
1038 1869 1230 1918 imperfesta
1241 1897 1251 1912 ‚
1262 1869 1302 1902 ad
1313 1868 1507 1915 perfeetiora
1522 1880 1577 1916 per
1587 1868 1702 1916 gradus

321 1918 475 1967 quosdam
491 1919 707 1968 progreditur:
734 1917 962 1965 Qamobrern
977 1918 1114 1954 sentiens
1134 1931 1173 1952 ex
1190 1930 1256 1952 non
1273 1915 1443 1960 sentiente,
1461 1927 1496 1950 ut
1512 1929 1562 1950 res
1583 1915 1702 1959 lucida,

321 1967 446 2004 actuosa
458 1998 467 2010 ‚
480 1966 581 2003 calida
595 1997 605 2010 ‚
618 1980 655 2002 ex
665 1980 777 2015 opaca,
790 1966 905 2016 frigida
922 1972 954 2004 &
969 1968 1068 2003 otiosa
1085 1965 1331 2013 efficitur‚jnxta
1342 1965 1429 2014 leges
1440 1964 1481 1999 ab
1492 1965 1638 2000 Authore
1647 1976 1705 1999 na-

324 2028 401 2051 turae
415 2020 530 2064 cuique
543 2016 657 2064 speciei
670 2016 862 2064 praescriptas
877 2046 885 2059 ,
902 2022 936 2053 δε
946 2020 1028 2052 vires
1041 2030 1088 2052 ρκ’
1097 2017 1238 2051 idearum
1250 2015 1431 2049 divinarum
1447 2024 1483 2047 ut
1492 2025 1567 2047 cum
1592 2013 1703 2048 Plato-

323 2068 403 2102 nicis
418 2066 532 2113 loquar
552 2064 763 2113 ,sigillatione
789 2064 960 2114 impressas,

366 2114 562 2160 Respondent
579 2121 618 2159 3⁰.
644 2112 833 2156 Nonnulli,
859 2116 891 2148 in
903 2113 997 2149 rebus
1021 2116 1119 2148 etiam
1135 2114 1208 2147 vitae
1228 2118 1262 2149 ὃ(
1280 2112 1381 2147 sensus
1402 2109 1582 2159 expertibus
1604 2112 1706 2158 prima

326 2161 429 2197 sensus
443 2160 599 2209 cujusdam
618 2174 672 2197 aut
684 2164 757 2196 vitae
770 2161 957 2197 obscurioris
973 2161 1067 2197 inesse
1086 2163 1279 2197 rudimenta.
1307 2163 1394 2196 Hinc
1417 2159 1577 2195 naturales
1596 2159 1706 2194 instin-

328 2212 394 2245 &us
406 2240 415 2253 ‚
429 2213 671 2260 aut'appetitus‚
686 2223 756 2245 cum
766 2224 804 2246 ex
815 2211 945 2246 alterius
961 2213 1008 2246 rei
1019 2210 1222 2258 inipreffione
1240 2211 1277 2244 ad
1290 2220 1413 2244 motum
1428 2207 1458 2243 se
1477 2209 1705 2243 determinant:
1717 2220 1719 2223 ’

327 2271 363 2293 ut
383 2260 530 2308 plerique
545 2261 728 2295 existimant
745 2261 784 2294 de
799 2263 945 2308 gravium
957 2266 1092 2296 motu&
1106 2260 1228 2295 ferriad
1240 2269 1427 2306 magnetem
1446 2262 1549 2294 mom.
1573 2256 1637 2290 Sed
1654 2268 1707 2291 ut-

329 2320 454 2355 cunque
480 2321 517 2343 ea
529 2320 577 2343 res
590 2308 626 2344 fit
639 2339 648 2352 ‚
661 2307 831 2357 probabile
847 2310 973 2345 videtur
984 2308 1113 2345 eosdem
1130 2308 1250 2357 spiritus
1267 2309 1319 2353 qui
1331 2306 1446 2354 plantis
1462 2308 1636 2348 inerant‚&
1650 2317 1708 2340 ve-

329 2359 491 2402 getatricis
503 2360 616 2395 animae
629 2359 813 2397 functiones
825 2358 1021 2397 exercebant
1034 2387 1046 2404 ,
1066 2361 1100 2396 in
1118 2355 1334 2394 animantibus
1362 2354 1430 2392 fieri
1456 2353 1557 2392 sensus
1576 2352 1714 2401 opifices-

1851 1501 1857 1575 ,j
