1857 2745
163 208 241 246 Una
253 205 370 241 dicitur
388 217 448 254 pro
457 203 585 255 fingulis
600 218 759 255 generum
773 233 783 250 ‚
813 204 871 240 ubi
896 204 1052 239 terminus
1068 216 1127 253 pro
1141 203 1292 240 omnibus
1315 174 1525 242 inferioribu}

130 258 304 304 accipitur:
317 267 351 290 ut
362 257 468 291 omnis
484 254 620 290 circulus
630 256 673 291 est
684 255 838 291 rotundus
852 272 861 299 3
878 253 978 287 altera
993 254 1036 287 est
1049 266 1110 302 pro
1122 253 1294 303 generibus
1311 253 1503 304 singulorum
1514 286 1524 300 ‚

129 317 165 341 ut
181 318 255 340 cum
270 306 424 340 terminus
433 317 502 339 non
513 317 574 353 pro
583 303 709 354 fingulis
719 335 728 350 ,
741 305 790 339 sed
805 318 864 353 pro
876 301 1028 337 omnibus
1041 315 1164 339 tantum
1173 302 1339 351 speciebus
1354 303 1526 355 usurpatur:

130 367 167 389 ut
183 367 282 389 omne
295 353 416 389 animal
435 356 468 388 in
486 366 559 388 arca
571 356 648 391 Noe
659 353 841 391 conclusum
854 353 933 391 fuit,
952 352 1015 388 hoc
1027 353 1087 397 est,
1108 366 1148 388 ex
1157 356 1247 389 omni
1263 366 1385 403 genere
1401 357 1525 391 anima-

129 403 212 438 lium
235 403 382 451 quaedam
394 402 485 438 fuere
499 406 532 438 in
557 415 629 438 arca
642 406 719 440 No'c'
732 402 890 439 conclusi.

178 452 357 501 Ampliatio
375 453 416 487 est
433 451 574 487 extersio
595 456 723 489 termini
739 454 779 488 ad
796 453 901 502 plures
925 455 1083 502 temporis
1099 450 1317 488 differentias:
1334 465 1370 487 ut
1385 465 1458 487 cum
1475 454 1525 487 di-

129 514 248 545 cimus,
265 514 387 539 vivens
402 514 501 537 omne
532 514 734 539 moriturum.

165 551 337 586 Rcstristio
350 550 431 586 vero
447 552 490 586 est
506 553 687 588 contractio
695 551 935 603 significationis
943 555 978 589 in
988 551 1098 601 aliquo
1113 552 1319 585 terniin0.5ic
1333 552 1456 586 Orator
1466 562 1524 598 pro

127 601 180 638 M.
194 600 305 637 Tullio
319 599 399 635 solet
407 600 555 649 usurpari.

165 650 336 696 Adjestiva
351 652 484 685 nomina
499 650 689 698 plerumque
708 650 974 700 significationem
987 649 1201 685 contrahunt:
1216 660 1251 683 ut
1262 651 1297 684 in
1315 648 1368 683 il¹a
1382 647 1524 698 proposi-

130 701 238 742 tione,
253 699 354 734 homo
361 699 454 746 justus
468 698 664 736 salvabitur:
682 714 744 735 vox
759 701 855 747 justus
865 699 1122 749 propositionem
1137 698 1276 733 multum
1289 699 1456 748 restringit.

166 748 357 796 Appellatio
371 748 414 781 est
422 749 511 782 unius
526 751 655 782 termini
677 749 719 782 ab
734 751 838 783 altero
857 750 1083 784 denominatio
1109 761 1116 782 :
1134 760 1168 781 ut
1182 748 1301 782 Cicero
1322 751 1464 796 optimus
1482 749 1526 783 est

127 798 272 833 Orator:
291 808 355 831 vox
369 795 423 830 illa
437 825 446 839 ,
467 799 609 843 optimus
628 798 668 830 ad
680 799 861 832 Oratorem
877 800 1038 845 pertinet,
1057 809 1123 832 non
1137 797 1177 830 ad
1194 797 1391 832 Ciceronem
1412 800 1524 846 ipium.

158 849 271 893 Itaque
287 845 467 893 appel¹atio
477 844 576 880 afficit
591 845 860 894 significationem
872 846 999 882 alterius
1016 848 1159 881 termini.
1170 848 1260 882 Nam
1269 846 1372 882 allatae
1384 845 1524 896 proposi-

129 896 228 930 tionis
243 897 268 929 is
280 896 322 929 est
335 893 540 942 senfiiS‚quod
550 892 641 930 Cicei
650 910 669 929 ο
687 894 723 930 sit
736 899 860 931 Orator
870 898 1092 944 optimu5‚non
1107 895 1196 942 quod
1208 897 1233 928 is
1252 899 1394 944 optimus
1412 897 1522 932 fucrit.

162 946 268 979 Status
285 945 414 978 termini
440 946 464 977 is
490 945 605 978 dicitur
620 947 675 991 qui
697 957 768 979 eam
792 947 946 992 temporis
961 943 1179 979 differentiam
1201 957 1267 978 non
1280 957 1404 988 mutat,
1425 957 1523 992 quam

130 991 270 1027 verbum
282 990 507 1039 propositionis
528 991 683 1040 significat
697 1007 704 1029 :
721 1005 757 1028 ut
767 995 825 1040 qui
837 995 909 1040 pius
923 994 985 1036 est,
1006 993 1094 1028 idem
1107 993 1150 1026 est
1164 992 1244 1026 felix
1256 1021 1265 1035 ‚
1279 995 1423 1040 quandiu
1439 994 1522 1029 scili-

129 1052 182 1074 cet
195 1042 236 1074 est
247 1042 326 1088 pius,
343 1041 406 1074 Sed
420 1052 495 1074 cum
514 1044 665 1075 terminus
682 1040 724 1074 ab
737 1054 776 1075 eo
788 1053 934 1088 tempore
947 1069 957 1083 ‚
974 1041 1061 1087 quod
1078 1039 1214 1074 verbum
1227 1039 1382 1088 significat
1392 1070 1403 1084 ,
1419 1042 1525 1078 abdu-

128 1090 210 1123 citur
222 1100 311 1132 ,tum
329 1089 491 1123 distraCtio
506 1091 733 1126 vocitaturmt
745 1091 819 1123 (κεί
827 1089 960 1133 vident,
979 1088 1083 1123 claudi
1100 1086 1270 1123 ambulant
1281 1117 1291 1133 ‚
1311 1090 1374 1125 hoc
1386 1090 1449 1129 est,
1465 1096 1524 1140 qui

129 1139 203 1172 caeci
223 1149 314 1172 erant
327 1166 335 1181 ,
365 1141 430 1185 jam
446 1138 573 1174 vident.

164 1188 231 1222 Res
244 1189 342 1236 igitur
353 1189 386 1222 in
403 1185 455 1221 suo
466 1187 543 1221 statu
556 1188 713 1234 accipitur
723 1217 733 1231 ,
752 1189 841 1236 quod
852 1190 953 1224 etiam
963 1199 1084 1223 vocant
1097 1189 1129 1223 in
1143 1187 1230 1224 sensu
1247 1188 1437 1237 composito,
1451 1203 1525 1226 cum

129 1235 261 1272 sumitur
270 1248 330 1285 pro
345 1248 386 1271 eo
403 1247 551 1285 tempore
563 1264 570 1274 ,
590 1236 681 1283 quod
692 1249 747 1284 per
760 1236 895 1272 verbum
909 1239 1108 1287 exprimitur.
1135 1238 1198 1273 Sed
1214 1249 1282 1272 tum
1299 1239 1343 1273 est
1361 1240 1523 1276 distraffio

130 1287 281 1329 termini,
296 1287 376 1322 &in
389 1283 538 1331 sensu,ut
557 1287 665 1330 nunt,
683 1285 787 1322 diviso
796 1285 946 1326 sumitur,
966 1300 1038 1322 cum
1055 1300 1114 1336 pro
1129 1288 1280 1336 re‚qualis
1297 1287 1340 1322 est
1356 1289 1422 1324 alio
1440 1301 1524 1325 tem.

128 1347 208 1385 pore
237 1334 338 1382 quam
363 1335 501 1370 verbum
516 1334 672 1384 significet
692 1365 702 1380 ‚
734 1339 889 1386 accipitur
902 1364 910 1374 ,
933 1349 968 1372 ut
989 1349 1028 1371 ex
1045 1336 1147 1372 allatis
1164 1335 1322 1385 exemplis
1336 1336 1448 1386 liquet.

166 1385 326 1420 Cum‘vox
336 1383 481 1432 pluribus
491 1386 672 1432 appTicatur
683 1397 756 1421 cum
771 1388 886 1421 eadem
898 1384 1148 1435 significatione,
1172 1399 1208 1422 ut
1227 1386 1328 1422 homo
1339 1415 1348 1430 ‚
1369 1388 1504 1423 circulus
1514 1416 1524 1432 ,

128 1434 300 1468 rotundum
312 1461 322 1477 ,
347 1444 414 1468 tum
429 1447 493 1469 vox
516 1433 570 1468 illa
582 1433 698 1469 dicitur
717 1439 857 1470 univoca
873 1450 880 1472 ε
898 1433 950 1470 sed
964 1435 1020 1470 ubi
1037 1435 1160 1470 diversa
1172 1437 1212 1471 est
1224 1434 1413 1484 significatio
1424 1467 1433 1480 ,
1455 1450 1524 1473 turn

128 1495 192 1519 vox
210 1483 328 1517 dicitur
341 1485 507 1529 aequivoca
520 1497 528 1518 ε
540 1494 574 1517 ut
587 1485 674 1518 canis
686 1484 832 1533 respectu
843 1484 992 1521 animalis
1010 1485 1157 1519 domesti·.
1168 1488 1177 1519 i
1188 1515 1197 1528 ,
1216 1490 1250 1522 δε
1272 1485 1524 1521 constellationis

128 1530 297 1575 cuiusdam.
314 1530 387 1566 Ubi
406 1529 471 1564 sola
482 1543 548 1564 vox
561 1535 740 1566 communis
752 1534 807 1574 est,
820 1536 898 1568 utin
910 1533 1009 1567 ailato
1026 1534 1260 1582 exemplo‚tum
1278 1534 1322 1567 est
1338 1546 1413 1581 pura
1424 1538 1522 1582 aequi-

98 1618 100 1621 ¹
129 1582 263 1614 vocatio
274 1605 281 1615 ,
307 1577 358 1613 seu
370 1578 603 1626 homonymia:
616 1578 668 1613 sed
683 1592 755 1615 cum
768 1582 811 1615 est
824 1581 931 1628 aliqua
941 1580 1116 1615 similitudo
1126 1611 1135 1625 ,
1150 1593 1218 1616 tum
1232 1583 1347 1616 dicitur
1361 1583 1521 1632 analogia:

129 1639 166 1661 ut
174 1640 246 1662 cum
256 1628 390 1662 dicimus
402 1627 572 1661 hominem
592 1625 700 1662 {anum
712 1656 720 1670 ‚
736 1631 862 1664 urinam
882 1629 988 1664 sanam
999 1658 1008 1672 ‚
1017 1630 1290 1665 medicamentum
1300 1630 1406 1666 sanum
1418 1633 1522 1679 :quod

129 1675 230 1711 homo
241 1675 276 1711 sit
287 1674 430 1711 sanitatis
448 1674 628 1723 subjeetum
640 1707 646 1715 ,,
666 1679 756 1712 urina
773 1677 906 1728 figmm,
923 1679 1196 1714 medicamentum
1217 1679 1313 1714 causa.

633 1767 869 1805 CAPUT
933 1771 987 1805 11.

606 1847 661 1882 De
679 1851 812 1883 termino
834 1852 1023 1899 universali.

131 1921 362 2006 TErminus
371 1921 429 1967 qui
446 1924 586 1959 univoce
600 1919 745 1972 pluribus
764 1922 914 1958 tribuitur
925 1953 935 1966 ,
966 1935 1003 1957 ut
1018 1923 1244 1967 hom0,dicitur
1258 1922 1440 1958 universalis
1456 1938 1463 1959 :
1486 1936 1520 1958 ut

217 1972 372 2006 terminus
383 1975 530 2020 proprius
544 2002 552 2016 ,
571 1975 627 2020 qui
643 1971 707 2005 hoc
719 1970 841 2017 aliquid
852 2001 862 2015 ‚
881 1977 914 2009 &
931 1972 1181 2008 determinatum
1192 1971 1361 2015 fumificat,
1378 1985 1438 2006 nec
1451 1973 1519 2020 piu-

129 2019 216 2054 ribus
229 2023 403 2061 convenit,
424 2022 466 2056 est
476 2020 637 2071 singularis
649 2037 655 2057 ς
666 2032 702 2055 ac
714 2032 763 2056 res
774 2020 857 2069 ipsa,
874 2033 972 2070 quam
989 2023 1141 2058 terminus
1158 2021 1519 2070 defignat,individuum

130 2071 293 2104 vocitatur
307 2098 317 2112 ,
333 2080 370 2104 ut
387 2071 511 2107 Petrus,

168 2116 373 2154 Universalia
386 2121 527 2168 quinque
539 2119 636 2170 vulgo
652 2131 863 2157 numerantur
873 2150 882 2165 ,
905 2133 1006 2170 genus
1020 2149 1029 2165 ‚
1057 2120 1196 2169 species,
1217 2120 1400 2156 differentia
1412 2148 1419 2158 ‚
1443 2132 1519 2168 pro-

130 2169 235 2214 prium
246 2197 255 2210 ‚
272 2172 305 2204 δ(
315 2168 474 2206 accidens.

167 2219 276 2253 Genus
287 2217 331 2251 est
342 2217 520 2254 universale
533 2219 621 2267 quod
641 2217 750 2254 multis
770 2217 936 2268 speciebus
955 2222 1132 2256 convenit:
1152 2230 1188 2254 ut
1202 2218 1322 2254 animal
1341 2219 1465 2254 homini
1482 2224 1517 2256 &

132 2275 219 2311 equo
237 2284 247 2311 3
268 2265 368 2314 figura
381 2268 560 2317 triangulo,
589 2274 622 2306 &
641 2267 772 2304 circulo.

165 2316 294 2361 Species
310 2315 352 2350 est
365 2316 542 2353 universale
552 2318 639 2366 quod
652 2320 809 2353 convenit
830 2318 940 2353 multis
955 2318 1148 2362 individuis,
1167 2330 1203 2352 ut
1214 2318 1313 2354 homo
1331 2318 1517 2366 praedicatur

132 2364 173 2398 de
183 2365 279 2399 Petro
293 2393 298 2401 ,
323 2370 357 2402 ὃ(
367 2366 633 2402 Pau¹o:circu1us
643 2368 682 2402 de
693 2367 757 2402 hoc
767 2397 775 2409 ‚
793 2368 847 2403 vel
859 2368 918 2402 illo
931 2370 1058 2402 i‘ixcu'o.

170 2413 313 2450 Definiti
323 2417 424 2451 etiam
432 2414 514 2452 solet
522 2429 621 2466 genus
630 2446 641 2462 ‚
650 2416 828 2454 universale
841 2418 929 2467 quod
940 2417 1125 2467 praedicatur
1135 2417 1176 2454 de
1187 2416 1294 2502 multis
1307 2416 1409 2475 specie
1422 2417 1518 2453 diffe-

1314 2480 1332 2514 ¹]
