1857 2745
383 142 442 178 340
829 126 1268 162 PH1·LOSOP·H·1A

383 178 531 213 celeritas
554 205 565 219 ,
583 173 789 223 intelligendi
815 173 1037 222 perspicacitas
1054 203 1064 219 ,
1084 180 1117 212 &
1131 177 1252 224 ingenii
1272 173 1456 210 flexibilitas
1472 173 1543 209 funt
1559 173 1715 223 ejusmodi
1737 188 1773 214 ut

383 239 463 274 quas
479 225 641 260 attulimus
656 223 878 271 imprudentiae
892 234 998 272 partes
1013 252 1023 267 ,
1044 223 1236 273 plerumque
1254 225 1428 260 occultent.
1449 225 1501 260 Sic
1516 226 1609 259 tardo
1629 228 1773 275 gravita-

384 287 449 310 tem
464 303 473 318 ‚
496 276 616 321 ignavo
634 271 805 308 lenitatem
824 274 1037 321 praeteximuS.
1052 275 1142 310 Nam

434 325 521 372 Saepe
533 324 614 356 latet
630 323 750 356 vitium
764 323 976 372 proximitate
995 321 1079 358 boni.

423 374 533 420 Atque
546 374 580 407 in
600 372 662 406 hoc
681 383 797 420 magna
815 384 886 421 pars
903 371 1044 421 vulgaris
1058 373 1235 421 prudentiae
1255 373 1394 408 versatur
1407 402 1416 416 ‚
1427 383 1462 407 ut
1485 371 1633 406 defectus
1650 373 1772 412 nostros

380 432 454 456 cum
471 433 550 470 opus
564 422 627 463 est,
641 420 839 457 occultemus
853 435 860 456 :
876 421 941 456 five
955 432 1027 455 eam
1038 421 1228 457 adhibendo
1238 425 1425 457 cautionem
1438 450 1448 465 ,
1462 432 1497 456 ut
1515 423 1552 455 iis
1567 420 1662 456 rebus
1675 420 1771 458 absti-
1814 443 1815 455 η

380 483 514 506 neamus
528 499 538 513 ‚
560 470 677 518 quibus
690 483 781 518 pares
794 483 860 506 non
877 471 978 506 sumus
991 487 1000 514 ;
1014 469 1077 506 five
1092 471 1237 507 defectus
1255 471 1339 520 ipsos
1358 474 1392 506 in
1420 470 1509 505 bona
1528 482 1771 508 convertamus.

384 521 429 554 Ex
446 522 481 555 iis
496 522 640 569 quippe,
657 519 747 554 velut
766 532 808 556 ex
825 521 961 556 venenis
976 520 1136 555 Theriaca
1152 550 1161 563 ‚
1185 524 1230 556 ita
1246 521 1395 569 quaedam
1416 523 1551 556 virtutes
1565 532 1772 568 componun-

382 580 451 613 tur,
483 582 520 604 ac
541 570 711 618 prudentia
729 582 785 604 eos
805 581 882 620 apte
903 568 1075 618 permiscet
1097 598 1106 614 ,
1130 575 1164 607 ὃς
1186 582 1356 617 temperat.
1378 569 1551 605 Silentium
1580 568 1772 618 plerumque

379 619 558 667 prudentiae
571 619 696 654 videtur
712 631 951 668 argumentum.
964 620 1092 654 Stultus
1110 632 1234 667 quoque
1244 619 1274 665 fi
1293 621 1430 653 tacuerit
1442 646 1449 657 ‚
1464 619 1597 667 sapiens
1614 617 1778 666 reputabss

381 667 490 712 tam&
499 668 529 714 st
541 669 745 717 compresserit
757 668 847 703 labia
850 669 1234 718 fica,intelligens.prov.1
1241 683 1268 711 7-
1281 668 1378 705 Nihil
1387 670 1475 704 enim
1486 669 1588 715 magis
1604 666 1770 704 stultitiam
1814 708 1815 712 Ἰ

380 718 489 765 prodit
503 746 512 760 ‚
527 717 628 764 quam
646 717 758 767 lingum
768 717 926 753 velocitas
941 724 974 755 δε
992 720 1258 766 intemperantia.
1279 720 1316 751 V
1312 717 1396 763 idzsli
1408 718 1562 752 hominem
1577 717 1714 750 velocem
1726 718 1772 753 ad

380 766 596 813 loquendum5
616 766 758 810 stulticia
775 769 878 816 magis
887 766 1052 816 speranda
1070 767 1111 812 est
1129 795 1139 809 ‚
1166 766 1266 813 quam
1292 767 1381 800 illius
1407 768 1566 814 correptio.
1588 778 1693 813 ·ptov,
1722 777 1770 806 29.

379 818 418 850 Et
436 815 554 850 eodem
571 817 605 850 in
621 815 694 851 loco
711 845 722 859 ‚
743 817 1101 864 totumspiritumfimm
1118 815 1238 865 profert
1244 815 1362 861 stultus
1376 831 1385 848 .·
1408 816 1538 863 sapiens
1557 813 1666 860 difflrt
1684 842 1693 853 ‚
1727 814 1769 850 (θ’

380 869 523 911 refirvat
531 864 736 913 inposterum.
757 867 905 910 Stultus,
921 867 1031 914 inquit
1042 867 1075 902 S.
1092 867 1186 900 Bern.
1203 865 1319 912 stmilis
1342 864 1381 909 est
1396 864 1504 898 canali
1528 873 1586 897 aut
1604 864 1772 910 aquae-du-

381 914 443 947 Hui
454 942 461 952 ,
485 916 580 961 quis&
596 916 720 948 omnino
740 925 880 950 evacuat
891 916 1040 963 :sapiens
1057 915 1142 948 lacui
1154 942 1164 956 ‚
1186 917 1243 960 qui
1257 925 1327 947 cum
1340 913 1488 961 impletus
1496 911 1606 956 fuerit
1625 939 1634 950 ,
1650 923 1771 958 aquam

380 963 456 996 aliis
473 965 694 999 communicat.
729 965 777 998 Ac
788 975 882 1011 prov.
895 965 1041 1011 25.Sicut
1052 960 1126 996 urbs
1132 971 1257 1010 patens,
1274 961 1314 997 (θ’
1324 960 1439 1008 absque
1455 959 1764 1010 murorumjambz'taq

380 1014 429 1045 ita
439 1014 495 1046 vir
505 1015 561 1058 qui
582 1025 642 1046 non
650 1012 749 1060 potest
764 1011 904 1047 cohibere
909 1013 1062 1061 spiritum
1065 1013 1173 1057 ficum.

421 1063 475 1094 Sic
486 1062 697 1109 praecipitatio
707 1060 802 1097 facile
812 1063 845 1096 in
854 1060 1068 1104 celeritatem,
1079 1072 1134 1095 aut
1151 1060 1374 1095 strenuitatem·
1382 1056 1580 1106 principibus
1592 1060 1671 1094 viris
1685 1057 1771 1092 adeo
1818 1087 1819 1090 ,

378 1120 504 1157 gratam
513 1111 727 1145 convertitur.
747 1112 784 1143 V
780 1109 865 1154 idisti
878 1136 888 1146 ,
909 1111 1015 1156 inquit
1028 1111 1068 1143 Sa
1094 1111 1183 1151 iensl,
1205 1110 1316 1143 virum
1327 1108 1465 1142 velocem
1475 1110 1509 1142 in
1524 1117 1614 1156 opere
1621 1109 1680 1154 fico
1697 1122 1706 1143 ς
1723 1119 1769 1149 σοι,

382 1171 453 1193 ram
469 1156 608 1206 Regibus
614 1157 724 1202 stabit,
745 1170 803 1192 nec
817 1159 877 1191 erit
894 1160 980 1191 inter
988 1121 1150 1206 ignoXiles.
1752 1200 1758 1204 .

414 1209 500 1243 Non
515 1205 655 1242 diffimili
673 1209 801 1241 ratione
816 1205 1003 1241 flexibilitas
1022 1207 1145 1249 animi,
1171 1216 1242 1253 qum
1269 1205 1491 1241 inconstantiae
1517 1207 1663 1253 proxima
1676 1205 1770 1241 vide-·

380 1269 432 1291 tur
445 1286 454 1301 ‚
468 1256 507 1290 ad
519 1257 721 1304 prudentiam
738 1255 902 1304 politicam
921 1257 1063 1292 maxime
1082 1258 1234 1304 pertinet.
1263 1254 1358 1291 Nihil
1372 1256 1460 1289 enim
1477 1255 1524 1288 est
1539 1255 1627 1302 quod
1653 1254 1693 1289 ad
1717 1266 1766 1290 res

379 1306 535 1354 gerendas
551 1307 663 1352 majori
674 1304 959 1353 sitimpedimento
975 1334 984 1348 ‚
1004 1305 1102 1352 quam
1114 1304 1191 1339 illud
1208 1333 1218 1348 ,
1249 1304 1334 1339 idem
1359 1301 1508 1337 manebat
1530 1331 1539 1346 ‚
1559 1315 1660 1350 neque
1679 1303 1767 1338 idem
1819 1307 1820 1311 ’

381 1354 520 1390 decebat.
538 1353 769 1402 Quamobrem
788 1353 1115 1402 ingeniumversatile
1131 1382 1140 1396 ,
1159 1352 1257 1400 quale
1270 1352 1449 1387 meamne
1465 1357 1587 1401 majore
1610 1350 1768 1388 fuilse'Li-
1817 1379 1834 1388 Δ.

378 1406 447 1438 vius
462 1404 609 1443 testatur,
623 1417 689 1438 non
708 1404 933 1451 imprudentia:
949 1432 959 1446 ,
986 1415 1039 1439 aut
1060 1403 1305 1444 inconstantiae,
1336 1399 1390 1435 sed
1411 1401 1585 1436 recondita:
1603 1401 1765 1448 cujusdam
1834 1417 1835 1425 ¹

377 1453 554 1502 prudentia:
578 1452 772 1500 plerumque
788 1452 835 1486 est
853 1464 1093 1500 argumentum-

415 1500 625 1550 Negligentia
642 1513 775 1548 quoque
790 1501 966 1549 prudentiae
979 1502 1157 1549 opponitur
1171 1512 1179 1532 ι
1193 1498 1360 1547 negligens
1373 1500 1512 1546 quippe,
1537 1508 1571 1532 nt
1589 1496 1696 1546 placet
1711 1498 1765 1535 Isi-

376 1551 471 1593 doro,
483 1551 600 1584 dicitut
611 1579 621 1593 ,
638 1548 724 1597 quasl
737 1562 797 1585 nec
809 1549 931 1598 eligens
943 1579 953 1593 ‚
971 1562 1045 1585 cum
1059 1548 1179 1584 scilicet
1193 1548 1272 1596 quid
1291 1548 1474 1582 faciendum
1486 1545 1523 1581 fit
1535 1574 1545 1589 ‚
1563 1547 1617 1582 vel
1635 1546 1765 1597 fugient..
1817 1570 1839 1601 ς·

379 1600 456 1634 dum
472 1613 538 1634 non
556 1602 683 1647 ignorat
699 1613 707 1635 :
724 1599 775 1633 sed
790 1611 853 1648 prae
874 1599 1017 1634 socordia
1031 1600 1064 1634 id
1081 1597 1128 1633 illi
1149 1609 1228 1632 curae
1247 1610 1314 1633 non
1331 1596 1395 1639 est3
1414 1608 1483 1631 rem
1500 1596 1647 1646 producit
1661 1609 1765 1645 quan-

377 1660 447 1684 tum
459 1649 582 1696 potest:
596 1648 685 1696 quod
697 1650 809 1696 utique
832 1647 980 1684 laborem
992 1661 1058 1684 non
1075 1649 1191 1683 minuit
1204 1675 1214 1690 ,
1239 1646 1291 1680 sed
1309 1657 1411 1695 auget.
1436 1647 1523 1682 Nam
1538 1657 1574 1680 ut
1592 1646 1763 1695 diligentia

378 1701 484 1733 munit
499 1700 585 1733 viam
598 1727 607 1742 ‚
628 1703 662 1734 &
681 1697 863 1734 faciliorem
873 1696 994 1747 praebet
1008 1715 1017 1741 3
1034 1697 1072 1732 fic
1083 1698 1215 1746 pigritia
1228 1693 1330 1729 efficit
1343 1692 1357 1738 ’,
1376 1707 1412 1730 ut
1429 1693 1514 1743 quasi
1530 1707 1587 1743 per
1598 1694 1708 1730 sentes
1726 1702 1762 1733 ἅτ

376 1747 531 1795 impedita
542 1750 657 1782 itinera
667 1746 790 1795 semper
800 1746 835 1782 fit
847 1747 1108 1796 ingrediendum.
1136 1747 1225 1780 Hinc
1236 1747 1369 1792 Sapiens
1381 1773 1390 1787 ,
1405 1747 1467 1778 iter
1479 1745 1655 1793 pigrorum,
1671 1744 1762 1791 quast

365 1798 420 1842 sep
427 1809 456 1830 es
464 1797 643 1841 spinarum
665 1795 750 1843 quod
762 1798 890 1845 pigritia
903 1795 941 1832 fit
952 1798 985 1831 in
997 1795 1062 1831 fine
1074 1793 1240 1831 laboriosa.
1257 1793 1337 1828 Illud
1346 1796 1456 1841 utique
1470 1793 1637 1828 infamilia
1648 1806 1762 1842 regen-

375 1845 416 1879 da
434 1845 545 1880 videre
560 1846 621 1880 est.
645 1848 733 1882 Nam
745 1845 764 1879 fi
776 1858 848 1880 cura
859 1844 1052 1880 adhibeatur
1065 1874 1074 1888 ,
1098 1851 1131 1882 ὃς
1148 1844 1354 1893 providentia
1370 1872 1380 1885 ,
1401 1842 1524 1890 placide
1540 1844 1648 1876 omnia
1661 1847 1694 1878 δε
1711 1845 1760 1875 ci..

376 1905 421 1928 tra
439 1894 612 1929 tumultum
622 1896 804 1943 procedunt
818 1912 827 1938 ·‚
840 1894 882 1929 sin
902 1895 969 1930 haec
986 1893 1086 1930 defint
1098 1924 1105 1936 ‚
1118 1892 1174 1928 ubi
1191 1894 1268 1940 quid
1286 1890 1449 1925 insolitum
1464 1890 1681 1938 supervenerit
1694 1919 1703 1932 ‚
1725 1889 1761 1924 fi-

375 1943 440 1977 mul
456 1947 567 1978 omnia
581 1944 705 1993 agenda
717 1944 804 1987 sunt,
820 1944 900 1979 servi
914 1943 1153 1979 tumultuantur
1166 1971 1175 1985 ,
1205 1942 1320 1975 cuncta
1345 1938 1476 1973 confuse
1505 1945 1537 1975 ἃ
1567 1938 1758 1987 perturbate

376 1992 466 2028 fiunt.
488 1995 555 2039 Qgi
574 1994 678 2027 mollis
694 1993 733 2037 est
750 1993 788 2028 (ῥ’
810 1994 971 2040 diffialutus
995 1994 1027 2025 in
1039 1991 1188 2040 operefieo
1202 2017 1211 2028 ‚
1228 1988 1340 2033 frater
1361 1987 1402 2032 est
1411 1989 1474 2033 fita
1488 1998 1585 2036 opera
1601 1987 1757 2036 diffipan..

374 2045 425 2078 tis.
438 2054 534 2090 prov.
545 2045 583 2078 18.
594 2044 633 2077 Et
643 2041 721 2076 alibi
735 2071 744 2085 ,
757 2042 873 2085 stultus
892 2040 1061 2089 complicat
1074 2040 1270 2084 manussuas
1289 2065 1298 2076 ‚
1328 2035 1366 2071 ὠ·
1383 2035 1517 2070 comedit
1539 2049 1646 2070 carnes
1657 2039 1756 2083 suas,

375 2091 501 2125 dicens,
520 2091 630 2123 melior
643 2090 683 2134 est
697 2091 840 2139 pugillus
858 2100 927 2123 cum
941 2090 1051 2134 requie
1064 2117 1074 2131 ‚
1109 2085 1207 2134 quam
1224 2087 1321 2134 plena
1337 2097 1473 2132 utraque
1493 2099 1603 2119 manus
1622 2099 1690 2120 cum
1702 2086 1755 2120 la-

374 2138 446 2173 bore
459 2168 467 2182 ,
481 2140 519 2174 ej*
534 2137 700 2182 afflil‘lione
709 2142 819 2174 anim&
833 2138 917 2175 Eccl.
937 2149 970 2180 3.
982 2140 1021 2172 Et
1032 2136 1126 2172 Eccli.
1147 2138 1192 2172 18.
1212 2136 1314 2169 Homo
1322 2136 1451 2182 sapiens
1467 2135 1608 2168 attendit
1620 2133 1662 2169 ab
1672 2137 1756 2169 iner-

373 2191 430 2221 tia.
461 2190 587 2236 Atque,
609 2199 644 2223 ut
662 2190 749 2223 recte
768 2186 919 2223 observat
937 2186 1060 2222 Author
1082 2198 1193 2221 recens
1223 2190 1257 2222 δε
1278 2183 1408 2218 disertus
1425 2210 1434 2224 ,
1471 2185 1636 2232 ingenium
1663 2195 1755 2218 erec..

371 2247 440 2271 tum
451 2267 460 2281 ,
486 2237 572 2272 bona
591 2236 715 2272 indoles
731 2267 739 2281 ‚
768 2237 860 2273 fortis
872 2235 1107 2279 animus,instar
1117 2237 1211 2284 igniS,
1223 2244 1317 2269 motu
1328 2237 1361 2270 &
1374 2234 1503 2268 actione
1514 2231 1753 2282 conservantur,

373 2288 443 2319 otio
467 2292 499 2323 δε
523 2289 637 2321 inerti&
655 2289 900 2335 extinguuntur.

407 2335 491 2382 Qae
509 2336 684 2383 prudentiae
696 2336 830 2371 modum
847 2336 1026 2379 excedunt,
1044 2334 1112 2370 suut
1125 2348 1146 2369 1.
1167 2332 1338 2370 Prudentia
1357 2334 1457 2366 carnis
1469 2361 1478 2375 ‚
1501 2344 1571 2378 quae
1596 2333 1629 2366 in
1657 2329 1750 2364 bonis

373 2387 513 2432 corporis
531 2384 793 2422 ultimum'finem
808 2386 992 2430 constituit3
1010 2401 1038 2422 2.
1054 2385 1170 2420 Nimia
1183 2383 1344 2419 bonorum
1361 2381 1589 2431 temporalium
1600 2379 1750 2415 sollicitu-
