1857 2745
397 160 458 193 32⁶
810 142 1310 180 PHILO‘SOPHI'A

427 195 517 241 Kasp.
528 193 638 226 Finem
649 190 816 226 honestum
834 193 878 225 ita
892 190 952 226 esse
963 193 1075 228 virtuti
1090 191 1299 228 extrinsecum
1310 220 1320 235 ,
1351 198 1387 226 ut
1403 189 1485 226 ordo
1495 189 1543 225 ad*
1561 188 1660 227 fi'nem
1679 192 1783 230 hone·-

397 244 479 277 stum
489 270 498 285 ,
513 246 545 278 &
562 240 601 274 ad
615 239 738 274 bonurn
752 238 918 286 obJeRum
934 238 970 275 fit
982 239 1029 274 illi
1043 243 1177 277 omnino
1197 239 1376 275 essentialis.

427 291 513 339 Opp.
527 303 550 334 3.
564 286 708 323 Habitus
726 287 935 324 elefflvusita
946 288 1124 325 voluntatis
1143 291 1280 338 imperio
1294 289 1440 331 subest,ut
1456 286 1492 323 fit
1504 288 1691 326 indifferens
1703 288 1786 327 ese&

391 341 493 374 virtus
508 339 550 372 est
561 336 691 372 habitus
703 336 858 372 elefflvus
869 368 879 382 ,
897 343 931 375 &
945 349 1098 386 tanquam
1114 338 1292 374 voluntatis
1307 339 1550 373 instrumentum
1563 367 1571 377 ,
1589 352 1656 387 quo
1670 341 1783 384 utitur,

390 401 466 423 cum
477 385 560 421 libet
572 415 582 430 ‚
594 391 628 423 &
638 386 806 433 quomodo
818 387 886 422 vult
903 399 1011 436 :ergo
1034 386 1162 423 habitus
1179 386 1234 422 ille
1246 386 1289 421 est
1304 385 1488 422 indifferens
1503 398 1539 421 ut
1552 387 1654 423 bouus
1668 388 1715 432 fit‚·
1727 388 1784 425 νεὶ

390 435 512 472 malus:
547 435 797 470 uernadmodum
812 440 845 471 &
859 435 1008 471 voluntas
1018 435 1106 484 ipsa,
1120 437 1266 484 adquam
1283 434 1336 469 ille
1347 434 1476 470 habitus
1491 439 1652 484 pertinet,
1665 440 1783 485 cuique

388 487 490 521 virtus
509 448 695 518 lil>ertatem
718 484 861 518 adimere
879 498 946 519 non
959 486 1076 532 potest.

424 534 463 568 R.
481 532 566 577 Dist.
576 536 654 576 maj.
670 532 810 567 Habitus
821 532 977 568 eleffivus
988 534 1032 568 est
1042 532 1227 570 indifferens
1237 533 1277 567 ad
1288 532 1517 582 agendum3vel
1528 546 1597 568 non¹
1608 533 1779 582 agendum,

387 580 444 617 seu
458 580 670 617 indifferentia
681 583 843 624 exercitii,
854 582 894 617 C.
907 581 1126 618 indifferentia
1139 582 1178 616 ad
1190 581 1316 617 bonum
1329 587 1362 619 &
1372 581 1492 616 malum
1504 611 1514 625 ,
1527 581 1580 616 seu
1592 583 1699 629 quoad
1710 582 1788 630 spe„

389 633 493 674 ciem,
514 632 559 667 N.
578 629 631 665 Est
651 631 752 665 etiam
774 633 874 666 virtus
889 631 1132 667 instrumentum
1152 631 1315 678 quoddam
1335 630 1512 665 voluntatis
1527 659 1538 674 ,
1558 629 1609 664 sed
1624 631 1786 666 determi-

388 691 501 715 natum
510 679 550 714 ad
560 677 645 713 bene
654 679 816 727 agendum
828 708 838 723 ,
861 679 946 714 adeo
959 681 1044 715 utad
1055 680 1177 715 malum
1184 678 1272 715 flecti
1283 679 1374 714 nullo
1386 680 1486 714 modo
1503 678 1608 728 poffit.
1629 680 1681 715 Est
1692 682 1784 717 enirn

386 729 487 764 virtus
502 728 542 761 ad
554 726 681 763 bonum
699 727 914 763 determinata
927 756 937 771 ‚
961 740 997 763 ur
1013 726 1143 764 scientia
1159 729 1198 762 ad
1214 731 1386 764 veritatem
1410 742 1418 764 ε
1447 734 1480 765 &
1496 730 1641 776 quamvis
1669 740 1707 763 ea
1723 740 1786 778 pet·

386 778 476 811 ad'tus
489 775 609 811 liberos
618 777 818 824 acquiratur,
836 788 947 812 tamen
962 776 1019 812 ubi
1030 782 1099 825 jam
1116 775 1343 824 estacquffira,
1364 790 1431 813 non
1452 778 1560 825 potest
1577 778 1618 812 ad
1641 790 1782 826 pravum
1826 792 1828 794 ·

387 824 476 860 usum
506 837 662 861 converti.

427 875 549 922 Oppon.
577 873 698 910 ultimi.
725 877 759 910 si
781 875 898 924 aliquis
927 876 1005 912 dum
1037 874 1238 909 Christianus
1266 872 1342 909 effet
1366 900 1376 915 ‚
1405 872 1554 909 habitum
1577 872 1788 921 justitiaer-vels
1808 875 1831 891 ¹*

385 925 606 970 temperantia:
616 922 819 970 acquifierit‚
837 925 919 959 adeo
932 936 967 959 ut
977 924 1021 959 fit·
1028 924 1126 971 judex
1142 925 1305 970 optimus,
1332 933 1386 956 aut
1404 933 1608 969 temperans:
1630 922 1654 955 is
1672 921 1779 957 factus

384 973 527 1020 apostata
537 982 707 1018 utrumque
718 971 866 1007 habitum
881 978 916 1009 δε
931 973 1198 1021 temperantiae&
1211 971 1341 1018 justitia:
1352 999 1362 1014 ‚
1384 972 1452 1004 imo
1473 969 1715 1007 &fortitudinis
1725 982 1784 1005 re.-
1810 969 1816 974 ’

385 1024 486 1055 tinere
504 1020 611 1067 potest
626 1033 633 1055 :
652 1023 697 1054 ita
715 1033 751 1055 ut
764 1020 800 1055 fit
817 1023 866 1056 vir
885 1021 992 1069 frugi,
1018 1026 1053 1057 ὃ(
1069 1018 1285 1067 judexfastus
1302 1018 1388 1054 suum
1405 1020 1520 1065 cuique
1537 1018 1664 1055 reddatr

435 1070 524 1115 Resp.
539 1070 676 1102 Manere
698 1068 846 1104 habitum
863 1070 986 1116 justitiae
999 1068 1157 1115 sumptum
1172 1079 1232 1115 pro
1253 1067 1406 1102 facilitate
1427 1066 1594 1113 acquisita,
1614 1079 1681 1102 nou
1696 1066 1794 1103 vero,-
1824 1065 1830 1071 ’

385 1128 460 1150 eum
474 1127 604 1150 manere
620 1127 779 1162 quatenus
798 1118 841 1150 est
853 1118 940 1150 resta
954 1118 1037 1150 ratio
1047 1144 1056 1158 ,
1071 1127 1206 1162 quaeque
1222 1115 1262 1149 ad
1274 1115 1398 1152 bonurn
1412 1114 1509 1150 finem
1528 1115 1652 1164 semper
1665 1116 1788 1165 dirigi-.

384 1176 435 1198 tur
451 1192 461 1207 ,
479 1175 535 1198 aut
551 1174 704 1210 quatenus
718 1176 755 1197 ex
774 1163 911 1199 honesto
924 1166 1053 1198 motivo
1073 1174 1229 1211 operatur.

411 1213 478 1246 Sed
497 1211 613 1252 inflant
631 1211 743 1247 acrius.
768 1215 818 1248 Ut
832 1212 972 1247 facilitas
981 1212 1128 1259 quaedam
1141 1213 1173 1246 in
1188 1214 1335 1260 appetitu
1353 1209 1511 1247 sentiente
1526 1223 1700 1255 remaneat,
1711 1224 1785 1260 qua*
1814 1239 1817 1242 <

384 1260 478 1296 facile
492 1266 526 1297 &
537 1259 686 1308 expedite
707 1262 796 1296 aetus
809 1263 1030 1309 temperantiae
1053 1261 1156 1296 facilus
1169 1261 1317 1308 apostata
1330 1271 1483 1295 exercere
1496 1260 1600 1308 potest
1614 1278 1623 1305 3
1635 1273 1709 1296 cum
1724 1267 1780 1309 jus.

381 1311 496 1356 cuique
508 1308 594 1344 stium
609 1309 734 1354 reddit,
754 1309 838 1345 nulla
849 1312 882 1344 in
897 1313 1047 1358 appetitu
1057 1308 1212 1344 sentiente
1226 1309 1361 1344 facilitas
1372 1337 1382 1352 ,
1404 1308 1507 1343 nullus
1525 1308 1653 1345 habitus
1671 1309 1779 1346 famu,

381 1358 449 1391 lans
460 1386 469 1401 ,
486 1369 520 1392 ut
531 1358 721 1405 loquuntur,
740 1370 907 1394 remanet:
925 1357 999 1393 cum
1012 1359 1127 1408 justitia
1142 1369 1211 1392 tota
1220 1356 1256 1392 sit
1268 1359 1302 1393 in
1319 1369 1409 1405 parte
1423 1357 1644 1395 intellectuali.

419 1406 507 1454 Refiv.
526 1408 562 1441 in·
577 1405 883 1442 intellectumanere
900 1406 1066 1442 scientiam
1073 1407 1191 1456 justi&
1204 1408 1288 1454 aequi
1306 1435 1315 1449 ,
1335 1419 1373 1441 ac
1383 1405 1507 1442 nullum
1522 1418 1561 1441 ex
1601 1419 1668 1442 arte
1689 1412 1772 1458 inju-
1807 1411 1811 1415 “

383 1455 472 1489 stitiae
491 1453 550 1488 esse
560 1453 690 1488 obicem
702 1484 710 1498 ‚
727 1455 850 1490 nullum
868 1456 1138 1496 impedimentum
1151 1469 1159 1490 ε
1171 1455 1255 1489 unde
1266 1455 1471 1490 nihilmirum
1486 1454 1546 1489 effe
1563 1419 1712 1492 sipaChim
1722 1463 1778 1507 ju-
1804 1479 1806 1482 ·

385 1503 472 1536 stitiae
487 1513 616 1544 exerat,
631 1515 699 1536 non
721 1506 775 1550 qui
789 1503 831 1537 ab
851 1502 966 1538 habitu
983 1504 1113 1550 Justitiae
1125 1506 1266 1547 oriatur,
1287 1503 1338 1539 sed
1350 1506 1406 1552 qui
1423 1516 1491 1540 non
1511 1501 1549 1539 sit
1564 1506 1716 1553 injustus,
1737 1511 1782 1546 δε,

385 1553 433 1585 «au
445 1550 526 1585 nihil
539 1549 618 1586 defit
634 1563 749 1599 praeter
760 1553 906 1588 ordinem
935 1551 978 1586 ab
994 1551 1118 1588 bonum
1131 1551 1240 1588 finem.

849 1649 944 1696 QU
970 1651 1011 1684 ΑΞ
1035 1649 1055 1683 S
1080 1650 1111 1684 T
1136 1649 1223 1683 101
1273 1650 1336 1684 11„

886 1747 947 1780 De,
966 1745 1065 1791 causis
1090 1747 1278 1783 virtutum„

466 1843 529 1880 Uae
549 1840 584 1877 sit
600 1843 692 1879 causa
709 1844 855 1880 formalis
869 1875 878 1889 ,
903 1844 957 1881 seu
974 1843 1122 1880 definitio
1134 1845 1282 1888 virtutis,
1302 1849 1370 1894 jam
1394 1845 1516 1880 dictum
1537 1845 1590 1880 est.
1616 1847 1671 1882 Ne
1688 1846 1773 1883 illud
1794 1838 1802 1859 ⁵

467 1892 597 1940 quidem
607 1894 754 1940 ignorare
770 1892 928 1942 poffiimus
951 1923 962 1938 ‚
989 1896 1060 1941 quis
1085 1892 1121 1927 sit
1141 1896 1296 1929 virtutum
1318 1893 1390 1928 finis
1406 1921 1416 1935 ,
1444 1895 1589 1928 affienes
1611 1895 1767 1932 nimirum
1806 1891 1810 1896 ’

376 1939 470 1976 bonae
480 1970 489 1985 ‚
509 1954 578 1987 quae
587 1954 645 1975 nos
657 1954 749 1991 aptos
761 1948 794 1979 &
808 1942 933 1978 habiles
941 1943 1098 1992 praestant.
1111 1943 1221 1987 Qare
1233 1941 1433 1976 effectricem
1444 1942 1598 1976 duntaxat
1614 1947 1648 1979 &
1659 1955 1770 1980 mate.⁴

374 1990 486 2025 rialem
503 1991 959 2039 virtutum-causamindagare
978 1989 1071 2025 nobis
1084 1989 1254 2026 incumbit.
1268 1993 1328 2025 Per
1342 1992 1429 2025 aetus
1441 1992 1595 2038 repetitos
1609 1994 1770 2029 virtutem
1791 2008 1799 2014 ’
1826 2020 1828 2023 -
1856 2011 1857 2031 ς

370 2041 480 2086 gigni,
505 2049 541 2072 ut
551 2049 678 2072 caeteros
689 2039 817 2073 habitus
833 2068 841 2081 ,
860 2039 933 2073 satis
946 2038 1087 2073 constat:
1105 2039 1136 2073 id
1152 2050 1262 2074 tamen
1277 2038 1392 2074 metito
1414 2041 1600 2086 inquirimus
1612 2069 1622 2083 ‚
1643 2053 1685 2076 an
1697 2044 1763 2076 vir.

373 2098 456 2122 tutes
467 2087 609 2123 anatum
618 2084 676 2121 fint
690 2089 871 2135 congenitae
881 2117 890 2132 ‚
905 2100 948 2123 an
960 2089 1066 2136 potius
1084 2086 1140 2123 usu
1152 2093 1187 2124 ὃ(
1198 2088 1344 2124 doctrina
1353 2090 1568 2136 acquirantur.
1590 2092 1639 2125 Sit
1648 2092 1766 2138 itaque.

866 2173 981 2203 Prima
1001 2170 1172 2210 Conclufio.

408 2230 572 2267 Virtutem
587 2232 750 2280 Moralem
769 2245 879 2269 natura
894 2235 1026 2269 inchoat
1037 2264 1046 2277 ‚
1064 2236 1210 2272 docmina
1227 2234 1336 2272 &usus
1350 2236 1533 2284 perficiunt.

407 2279 508 2324 Qiod
521 2284 618 2317 virtus
630 2295 695 2317 non
705 2281 740 2317 fit
758 2283 894 2330 qualitas
908 2283 1004 2318 nobis
1021 2283 1112 2319 infita
1125 2314 1135 2329 ‚
1152 2286 1258 2320 multis
1279 2285 1455 2320 rationibus
1474 2285 1592 2334 probat
1603 2287 1760 2324 Aristote-

369 2325 430 2360 les.
445 2330 579 2364 Namiis
590 2344 661 2378 quae
674 2330 742 2367 silut
761 2343 873 2366 contra
891 2344 1057 2376 naturam,
1080 2345 1241 2381 nunquam
1254 2332 1446 2368 aisis-scimus·
1472 2350 1479 2370 :
1513 2335 1563 2370 sed
1581 2349 1629 2370 Vir,
1643 2339 1667 2370 is
1688 2337 1758 2385 ple-

371 2386 507 2424 xumque
525 2384 560 2416 &
579 2379 706 2416 facilius
721 2381 818 2430 quam
834 2381 1008 2420 virtutibus
1026 2382 1234 2421 insuescimus,
1254 2383 1442 2421 Additillud
1454 2396 1585 2435 quoque
1602 2383 1688 2433 quod
1708 2397 1758 2419 ar-

1707 2444 1754 2468 tes
