1857 2745
592 122 990 160 SIGILLATiM.
1396 144 1448 174 103

77 188 173 225 quam
187 187 280 211 mens
292 175 401 211 nostra
416 174 511 217 secat,
521 171 695 208 utlibitum
709 173 766 209 est.
790 175 909 220 Neque
925 175 1024 208 etiam
1050 171 1112 208 hoc
1142 173 1215 209 loco
1237 179 1447 224 expendimus

76 239 119 261 an
135 226 229 259 totius
242 223 363 273 Phyfici
373 238 438 260 una
458 221 494 257 fit
515 221 644 258 forma:
668 222 699 256 id
725 223 811 256 enirn
824 221 950 257 alterius
971 221 1018 256 est
1039 220 1111 258 loci.
1146 225 1314 260 Postremo
1331 239 1365 261 ut
1385 241 1447 262 una

76 274 117 309 est
132 275 237 308 anima
253 273 433 308 formaliter
453 301 462 315 ,
491 270 542 306 sed
558 273 673 305 virtute
691 270 860 319 multiplex
873 300 882 314 ‚
903 270 943 306 sic
961 283 1023 306 una
1039 272 1081 305 est
1097 272 1278 309 differentia
1295 275 1424 310 realiter
1438 306 1447 319 ,

75 335 144 369 quae
159 321 328 357 hominem
339 323 500 357 constituit
511 350 520 364 ‚
537 319 588 354 sed
605 320 647 354 est
660 319 831 369 multiplex
845 323 972 356 virtute.
999 322 1109 368 Qare
1131 335 1166 356 ut
1189 336 1250 357 una
1277 324 1324 357 est
1340 327 1446 359 anima

74 373 106 406 in
118 371 252 406 homine
262 383 335 418 quae
345 372 388 405 est
401 373 519 406 virtute
533 369 713 417 multiplex:
730 368 768 403 sic
787 381 852 404 una
869 369 916 404 est
930 367 1108 404 differentia
1119 371 1259 416 realiter,
1271 371 1321 407 sed
1339 373 1447 408 mulu-

74 419 148 468 plex
169 419 214 453 est
232 421 362 455 virtute.
1470 426 1474 430 ”

121 469 207 515 Opp.
225 477 269 504 2¹¹.
282 469 416 503 Sinnius
432 465 545 514 speciei
560 467 665 516 plures
680 465 739 501 sint
752 465 944 516 differentiae
963 465 1140 502 essentiales
1156 496 1165 510 ,
1184 467 1269 501 nulla
1285 481 1332 503 res
1354 482 1446 504 accu‘

73 528 139 550 rate
153 515 276 551 definiri
292 518 413 565 poterit
424 544 434 558 ,
455 515 510 550 nili
530 529 642 551 omnes
659 517 720 550 illae
734 515 924 551 differentiae
945 514 1118 551 afferantur
1132 531 1142 551 :
1166 517 1255 563 quod
1274 518 1445 553 molestum

73 563 148 600 esset
163 593 172 607 ,
199 571 232 602 &
246 577 330 613 pene
349 563 543 612 impossibile
563 580 571 601 :
596 569 678 614 Ergo
691 567 782 600 unius
796 563 910 613 speciei
925 567 984 599 erit
1001 577 1066 599 una
1079 565 1274 601 differentia.

108 615 195 660 Resp-
209 627 248 649 xi.
268 615 357 662 Neg.
378 617 455 657 maj.
482 616 640 662 Qarnvis
664 616 751 649 enim
768 625 818 648 res
839 625 999 647 concretae
1027 619 1061 650 &
1084 614 1179 650 valde
1194 613 1376 663 compofitae
1391 628 1448 663 per

71 673 169 696 unam
183 662 395 697 differentiam
406 664 459 697 vix
473 663 597 698 definiri
617 661 734 711 poffint
746 691 756 705 ‚
779 674 890 696 tamen
908 662 1016 696 multae
1030 661 1099 698 sunt
1111 663 1280 711 qualitates
1290 693 1301 708 ‚
1319 676 1372 699 aut
1383 665 1449 699 for-

73 722 135 744 mae
146 709 315 758 fimpliceS,
324 722 394 756 quae
405 723 460 758 per
472 715 600 747 unicam
614 711 829 747 differentiam
841 708 1125 759 definiuntur:quin
1138 714 1234 746 etiam
1251 725 1300 747 res
1312 725 1448 762 compo-

72 756 135 792 fitae
146 771 203 806 per
213 761 401 794 conoeriem
414 770 522 793 earum
533 759 727 806 qualitatum
740 758 812 793 satis
827 759 1000 793 commode
1010 760 1163 808 explicari
1175 759 1310 809 possunt.
1328 765 1384 798 Ex.
1401 775 1449 811 gr.

71 804 92 841 fi
107 818 217 842 aurum
230 788 363 842 definire
374 806 473 842 velim
487 836 497 850 ‚
517 810 569 843 vix
587 808 671 843 illius
689 806 872 842 differentia
885 805 1055 843 essentialis
1070 838 1079 852 ,
1093 815 1126 846 &
1144 810 1314 858 adaequata
1337 823 1449 848 occur-

71 866 121 890 ret
134 884 143 899 ,
170 868 208 891 ex
226 868 291 903 qua
302 868 416 891 omnes
428 859 640 904 proprietates
658 856 778 892 fluunt:
796 855 847 890 sed
861 856 978 891 multas
992 855 1081 892 simul
1097 871 1270 906 congeram
1285 874 1293 896 :
1311 870 1346 895 ut
1359 860 1449 907 quod

71 905 216 952 pondere
224 905 284 939 alia
294 904 426 939 metalla
444 905 570 953 superet
584 920 591 939 :
607 905 695 953 quod
711 904 810 939 fixum
821 902 855 938 fit
881 907 914 939 in
930 907 1006 951 igne
1021 934 1030 948 ,
1055 919 1116 941 nec
1141 910 1174 940 vi
1193 907 1306 941 caloris
1320 911 1447 943 minua-

73 963 122 987 tur
138 969 146 995 ;
167 954 255 1000 quod
272 952 357 987 flavo
368 952 476 987 colore
494 956 633 999 tingatur
648 971 656 997 3
675 954 762 1001 quod
782 952 885 988 fusum
905 955 938 987 in
963 953 1074 988 scorias
1100 955 1154 989 vel
1172 968 1371 991 recrementa
1387 986 1397 1000 ‚
1413 969 1447 992 ut

72 1002 266 1049 imperfeeta
289 1014 423 1048 quaeque
446 1002 577 1036 metalla
594 1032 603 1045 ,
635 1016 701 1037 non
728 1002 846 1043 abeat,
900 1013 960 1036 nec
980 1002 1163 1050 rubiginem
1186 1005 1358 1038 contrahat
1378 1034 1387 1047 ,
1413 1011 1447 1041 &

72 1048 148 1084 alias
166 1079 175 1093 ,
194 1049 215 1084 fi
230 1062 301 1097 quae
320 1049 378 1084 sint
392 1078 402 1092 ,
425 1049 506 1084 illius
518 1052 729 1098 proprietates
757 1048 959 1083 coacervabo
978 1078 988 1091 ‚
1016 1063 1087 1096 quae
1100 1053 1167 1085 auri
1187 1064 1333 1087 naturam
1344 1053 1448 1088 multo

72 1101 237 1135 noriorem
248 1096 408 1141 efficiunt,
431 1098 529 1145 quam
542 1097 562 1132 si
577 1101 701 1133 unicam
720 1097 936 1133 diffitentiam
954 1097 1112 1133 afferrem.

106 1148 193 1194 Resp.
203 1161 236 1184 20
246 1149 387 1183 Unicam
397 1146 504 1195 saepius
517 1147 730 1182 differentiam
747 1144 901 1190 sufficere,
920 1159 990 1193 qua:
1006 1159 1071 1181 rem
1086 1147 1127 1182 ab
1142 1148 1295 1184 omnibus
1310 1151 1377 1185 aliis
1389 1151 1448 1186 dis-

72 1198 223 1232 criminet
241 1211 248 1232 :
267 1208 455 1243 quanquam
468 1198 621 1231 omniain
633 1195 747 1243 quibus
759 1194 881 1230 diversa
901 1196 945 1229 est
968 1225 976 1238 ,
997 1210 1061 1231 non
1081 1199 1244 1244 exprimit.
1273 1201 1324 1233 Sic
1337 1213 1448 1235 aurum

73 1244 145 1280 satis
154 1257 229 1294 apte
241 1244 395 1280 definiam
407 1245 572 1280 metallum
585 1246 672 1292 quod
687 1245 748 1279 alia
763 1246 862 1279 vincit
874 1244 1018 1293 pondere
1041 1259 1048 1281 :
1074 1245 1126 1280 sed
1150 1258 1258 1282 tamen
1278 1247 1448 1284 fatendum

73 1294 117 1329 est
139 1305 250 1329 omnes
264 1296 330 1328 auri
356 1296 565 1342 proprietates
585 1293 660 1328 hinc
683 1295 755 1328 duci
778 1307 843 1328 non
857 1292 952 1342 poffe.

100 1344 196 1378 'Idem
210 1342 299 1390 supra
310 1343 448 1377 diximus
462 1343 501 1377 de
513 1344 644 1378 homine
659 1372 668 1386 ,
685 1345 741 1390 qui
757 1344 856 1376 etiam
876 1343 1050 1378 commode
1065 1356 1121 1392 per
1136 1356 1242 1393 partes
1260 1344 1400 1393 physicas
1415 1351 1448 1382 &

73 1390 245 1427 essentiales
262 1390 419 1426 definitur.
437 1392 484 1426 Est
498 1394 586 1427 enim
601 1393 678 1438 quid
696 1389 908 1439 compositum
926 1404 963 1426 ex
985 1405 1115 1436 mente,
1144 1393 1194 1428 seu
1221 1397 1329 1428 anima
1347 1396 1447 1428 ratio-

74 1440 161 1481 nali,
186 1445 365 1488 &corpore
376 1442 538 1487 organico·
556 1442 662 1486 Atque
687 1440 753 1474 baec
767 1438 915 1474 definitio
931 1452 972 1474 eo
987 1442 1116 1476 videtur
1138 1445 1314 1476 accuratior
1328 1471 1337 1485 ‚
1359 1444 1449 1488 quod

74 1488 213 1536 exp¹icet
236 1488 268 1520 id
286 1489 373 1533 quod
387 1488 507 1521 homini
529 1491 668 1521 maxime
685 1490 848 1535 proprium
863 1488 921 1529 est,
945 1490 1034 1534 quod
1061 1502 1099 1523 ex
1121 1489 1217 1523 rebus
1237 1490 1448 1525 diversissimis

74 1536 198 1571 constet
211 1563 221 1577 ‚
243 1547 353 1570 mente
370 1536 520 1569 nimirum
542 1541 575 1571 ὃ(
597 1547 742 1582 corpore.
783 1534 957 1568 Rationale
974 1536 1142 1571 hominem
1156 1536 1197 1570 ab
1212 1536 1360 1572 omnibus
1379 1538 1448 1574 aliis

74 1582 269 1619 discriminat
282 1597 288 1618 :
310 1582 363 1617 sed
384 1596 450 1618 non
464 1583 662 1618 omnimodo
680 1595 753 1616 eum
767 1582 936 1630 distinguit.
963 1585 1063 1631 Qod
1075 1587 1164 1620 enim
1175 1584 1275 1620 homo
1295 1585 1331 1621 fit
1345 1586 1448 1634 bipes,

75 1633 173 1680 idque
188 1629 393 1666 essentialiter
402 1633 528 1679 exigat,
555 1631 596 1665 ab
612 1644 698 1677 equo
713 1631 880 1666 hominem
893 1631 1054 1680 distinguit
1074 1647 1081 1668 ε
1109 1646 1222 1668 verum
1249 1635 1280 1667 id
1306 1648 1373 1670 non
1396 1636 1447 1670 ha‹

76 1680 136 1716 bet
149 1711 158 1724 ‚
174 1691 333 1724 quatenus
355 1680 398 1714 est
412 1680 586 1717 rationalis.
616 1681 727 1727 Qare
745 1680 811 1714 haec
826 1678 994 1723 definitio,
1010 1682 1110 1716 homo
1127 1683 1170 1717 est
1180 1683 1296 1717 animal
1312 1687 1452 1719 rationa-

75 1730 106 1765 le
123 1760 132 1774 ‚
158 1729 203 1763 est
223 1740 354 1762 eatenus
366 1728 510 1776 perfe&a
523 1758 531 1772 ‚
558 1741 715 1774 quatenus
742 1741 783 1763 ex
804 1741 924 1775 genere
958 1733 1107 1776 proximo
1128 1737 1161 1768 &
1181 1730 1365 1767 differentia
1380 1745 1451 1767 ma-

76 1780 173 1814 xime
186 1779 313 1824 propria
346 1778 473 1812 constat
490 1793 497 1813 :
526 1778 577 1812 sed
597 1790 632 1811 ea
656 1780 782 1812 ratione
803 1780 906 1812 minus
922 1778 963 1812 est
976 1780 1140 1827 perfecta,
1166 1780 1254 1826 quod
1282 1780 1450 1815 hominem

74 1827 311 1874 non'distinguit
324 1827 468 1873 perfe&e
478 1833 512 1863 ὃ(
525 1826 677 1861 omnibus
691 1826 797 1862 modis
810 1855 819 1869 ,
842 1825 958 1874 quibus
975 1827 1016 1862 ab
1028 1830 1117 1865 omni
1137 1828 1198 1862 alia
1221 1826 1321 1876 specie
1342 1829 1449 1865 distin„

76 1889 191 1926 guitur.

113 1926 177 1959 Sed
193 1954 202 1968 ‚
216 1927 346 1970 inquies,
364 1922 418 1957 illa
433 1937 498 1958 non
510 1924 551 1958 est
565 1923 748 1959 differentia
766 1922 903 1958 hominis
922 1923 1089 1972 specifica,
1114 1923 1204 1972 quod
1231 1922 1267 1958 slt
1289 1924 1378 1974 bipes
1394 1940 1402 1962 :
1425 1925 1445 1962 fi

75 1974 205 2022 quidem
230 1986 297 2009 non
319 1974 360 2008 est
377 1975 536 2019 reciproca
554 1986 626 2007 cum
656 1973 799 2008 homine.

111 2023 198 2069 Resp.
217 2025 362 2057 Omnem
371 2020 591 2056 'diffitentiam
609 2021 787 2069 specificim
803 2034 870 2056 non
885 2020 946 2056 esse
963 2024 1179 2069 reciprocam,
1193 2021 1248 2057 nifi
1267 2021 1379 2056 eadem
1406 2021 1443 2058 sit

76 2070 257 2118 complexa.
274 2074 387 2118 ltaque
407 2083 480 2105 cum
499 2069 557 2104 ell'e
583 2070 674 2118 bipes
704 2070 828 2105 nullum
849 2083 951 2118 genus
976 2072 1164 2115 constituat,
1188 2071 1265 2106 licet
1283 2070 1322 2104 de
1344 2070 1452 2106 multis

76 2119 180 2168 specie
200 2118 332 2155 'diver'fis
356 2119 543 2166 praedicetur
555 2148 564 2162 ‚
590 2133 657 2154 non
677 2120 794 2153 idcirco
813 2131 921 2154 tamen
938 2121 980 2154 est
1004 2119 1188 2156 differentia
1206 2121 1356 2168 generica
1375 2148 1384 2162 ‚
1402 2119 1454 2154 sed

78 2171 179 2218 magis
201 2169 244 2203 est
265 2167 429 2215 specifica:
454 2180 525 2202 cum
542 2168 661 2204 animal
674 2167 765 2215 bipes
787 2181 852 2202 non
879 2168 997 2204 habeat
1018 2181 1108 2204 veras
1128 2169 1324 2205 diffitentias
1349 2167 1454 2203 divifi-

78 2229 134 2250 vas
146 2246 155 2258 ‚
169 2220 215 2251 uti
235 2220 346 2251 vivens
365 2215 553 2260 sensitivum,
563 2217 651 2264 quod
663 2228 762 2263 genus
775 2217 917 2264 aliquod,
936 2230 1055 2265 nempe
1068 2219 1187 2254 animal
1201 2218 1380 2261 constitum
1395 2231 1454 2253 un-

78 2265 119 2298 de
131 2264 309 2300 sensitivum
320 2267 361 2300 est
375 2265 559 2299 differentii
570 2267 720 2311 generica
736 2292 743 2301 ,
761 2278 825 2299 non
848 2269 926 2300 item
949 2266 1052 2313 bipes.

118 2313 247 2349 lnam.
268 2315 397 2360 Species
410 2344 418 2357 ‚
434 2315 597 2349 utanimal
609 2315 699 2362 bipes
715 2342 723 2352 ,
742 2325 795 2347 aut
810 2313 1014 2363 sanguineum
1041 2316 1234 2352 constituitur
1256 2327 1311 2364 per
1327 2317 1455 2350 unicam

81 2360 320 2397 differentiam:
339 2374 416 2412 ergo
432 2362 549 2410 species
561 2365 654 2400 unica
671 2359 856 2399 differentia
865 2375 1019 2400 contenta
1029 2362 1082 2397 est.
