1857 2745
131 193 213 228 Haec
229 187 389 225 conclusio
413 188 553 240 probatu
569 189 671 225 facilis
689 189 745 225 est.
762 192 877 226 Unum
890 193 1012 239 quippe
1026 187 1068 224 ab
1080 188 1146 225 alio
1162 189 1265 239 spccie
1286 204 1350 227 non
1364 158 1487 234 differ-9?

99 241 155 279 nffi
170 244 252 276 inter
262 251 433 287 utrumque
448 239 484 274 fit
498 237 623 288 insignis
639 237 832 275 diffitentia:
846 239 899 274 sed
917 238 972 273 illa
989 238 1173 274 differentia
1185 239 1316 275 aliunde
1331 242 1485 276 ducinon

95 290 219 340 potest,
247 288 348 337 quani
366 301 404 323 ex
426 289 540 324 ordine
560 289 600 322 ad
620 288 775 323 humanas
798 288 966 332 scientias,
993 301 1066 336 quse
1093 288 1335 336 uniuscujusque
1359 288 1494 338 subjcdki

98 341 315 388 proprietates
333 338 561 374 demonstrant.
589 338 675 373 Cum
690 340 778 373 enim
795 351 861 373 uno
876 339 1010 387 cognito
1025 338 1162 373 alterum
1178 351 1309 386 quoque
1327 338 1495 386 cognosci-

99 400 149 424 tur
164 417 174 432 ,
199 387 398 435 &quidquid
412 387 452 421 de
469 400 535 422 uno
548 387 724 436 probatum
740 386 805 422 fuit
817 416 826 431 ‚
855 388 896 422 de
919 387 984 421 alio
1001 400 1133 434 quoque
1150 387 1323 436 probatum
1338 387 1494 432 ccusetur,

100 448 170 473 tum
188 439 270 474 inter
290 435 344 470 illa
358 436 501 481 duo-non
510 436 556 471 est.
575 436 702 485 insignis
712 436 908 473 differentia.
921 437 984 471 Sed
997 435 1055 470 ubi
1065 439 1279 484 proprietates
1295 438 1424 471 diversae
1438 467 1447 481 ‚
1460 450 1497 472 ut

98 487 177 521 a'e‘ris
189 487 314 534 &ignis
330 485 604 529 demonstrantur,
624 498 691 522 turn
710 488 842 521 interea
858 485 901 521 est
909 484 1036 533 insignis
1048 484 1232 521 differentia
1244 514 1252 528 ,
1273 491 1306 522 δε
1327 486 1430 534 specie
1447 499 1496 523 in.

100 546 147 572 ter
164 534 194 569 se
212 533 376 570 diffident.
387 535 487 571 Unde
497 547 546 569 res
559 534 601 569 ab
620 535 682 570 alia
691 535 797 584 potest
808 535 911 584 specie
924 534 1054 569 differi-e
1073 547 1129 582 per
1139 535 1288 569 ordinem
1303 537 1343 569 ad
1357 535 1499 583 aliquam

98 583 267 619 scientiam
285 599 292 619 :
307 596 342 618 ut
364 583 778 633 triangulumcupreurn‘&
792 597 946 626 aureum,
960 583 990 620 .fi
1003 583 1140 633 physice
1166 584 1366 631 speetentur,
1392 584 1498 633 specie

99 632 424 676 differunt‚nc›1iitem
436 632 456 667 si
467 637 666 682 geometrice
683 633 930 670 considerentur.
942 636 1027 680 Ergo
1041 634 1204 668 distinctio
1223 635 1328 668 omnis
1348 632 1497 682 specifica

99 695 166 718 non
182 682 313 722 aliunde
323 683 509 731 ‘repetenda
529 683 578 718 -est
599 684 700 731 qui-uu
714 697 753 720 ex
768 682 910 721 notabili
923 681 1297 721 diffitentia-iiiordine
1319 684 1359 718 ad
1384 686 1499 732 cogni-

101 733 225 766 tionem
240 732 377 765 nostrain
392 761 401 774 ,
425 730 476 766 seu
497 733 537 766 ad
563 732 718 768 humanas
739 732 894 769 scientia&

139 778 293 825 Confirm.
310 780 490 816 Distinffio
509 793 616 816 rerum
633 780 781 829 specifica
797 780 990 829 plerumque
1003 792 1046 815 ex
1068 779 1239 815 hominum
1266 781 1390 828 pendet
1407 779 1496 815 arbi-

99 830 225 872 trio,&
243 841 285 869 ex
300 829 426 864 diversa
448 828 670 865 considerandi
683 832 811 866 ratione
826 843 834 864 :
857 843 933 866 nam
949 829 1148 877 ubicumque
1166 827 1300 878 insignes
1315 829 1411 867 nobis
1434 843 1495 879 ap-

98 890 214 927 parent
229 878 417 920 differentiae
428 908 437 923 ,
457 880 565 914 statim
584 885 618 916 ὅ(
639 879 764 916 diversa
775 882 911 915 nomina
926 877 1022 913 rebus
1039 877 1109 927 iplis
1120 878 1292 913 tribuimus
1305 908 1316 922 ‚
1335 886 1368 917 &
1389 881 1422 914 in
1439 882 1493 913 di-

98 925 192 962 versis
206 926 372 975 speciebus
382 928 618 967 constituimuS.
636 929 836 977 Sicglaciem
854 958 864 971 ‚
881 934 916 966 δε
928 939 1085 975 vaporem
1099 927 1140 961 ab
1156 940 1239 974 aqua
1259 928 1404 976 plerique
1423 927 1496 976 spe-

100 978 150 1011 cie
160 976 359 1025 distinguunt
371 1006 381 1020 ‚
396 977 484 1025 quod
503 990 620 1027 magna
634 981 666 1016 in
678 980 715 1012 iis
727 989 880 1027 appareat
895 978 1045 1013 mutatio.
1062 979 1147 1025 Ergo
1158 989 1223 1011 non
1243 976 1372 1013 aliunde
1389 976 1493 1025 speci..

100 1024 195 1060 fleam
209 1025 453 1061 distinctionem
466 1025 602 1063 solemus
612 1039 760 1075 repetere
770 1026 894 1073 ,quam
910 1039 949 1061 ex
967 1024 1078 1073 insigni
1096 1027 1208 1072 aliqua
1226 1025 1408 1062 differentia
1420 1055 1431 1069 ,
1447 1026 1495 1060 id-

99 1085 163 1121 que
178 1075 210 1108 in
220 1074 335 1109 ordine
354 1075 394 1108 ad
413 1078 636 1123 cognitionem
653 1076 807 1111 nostram.

147 1123 234 1171 Opp,
254 1124 434 1163 Distintstio
456 1123 606 1173 specifica
627 1137 669 1163 ex
683 1123 820 1161 effentiae
833 1122 925 1173 ipsius
936 1122 1146 1166 -divegsitate,
1160 1133 1216 1157 aut
1231 1134 1269 1158 cx
1286 1123 1391 1158 fornia
1408 1125 1471 1174 ipsa
1482 1154 1491 1168 ,

98 1181 153 1205 aut
167 1183 206 1205 ex
221 1171 349 1207 diversis
363 1172 622 1220 proprietatibus
635 1203 644 1217 ,
659 1179 693 1210 δε
704 1173 869 1208 attributis
881 1175 988 1220 potius
999 1173 1045 1212 est
1065 1173 1253 1221 repetenda,
1270 1185 1368 1219 quani
1381 1188 1418 1209 ex
1432 1189 1495 1210 no-

101 1219 195 1255 rabili
218 1219 327 1268 aliqua
341 1221 524 1257 differentia
547 1225 579 1258 in
603 1225 718 1258 ordine
745 1223 785 1257 ad
803 1223 960 1258 humanas
980 1222 1137 1257 scientias.
1160 1223 1247 1256 Nam
1265 1225 1374 1257 Petrus
1394 1223 1498 1272 specie

98 1267 210 1304 differt
219 1268 237 1304 a
248 1270 431 1319 Bucephalo
441 1300 451 1313 ,
465 1274 545 1319 quia
558 1271 637 1306 illius
646 1270 801 1306 attributa
811 1270 983 1313 essentialia
992 1270 1179 1320 Bucephalo
1193 1283 1260 1306 non
1272 1277 1473 1310 conveniunt
1484 1304 1497 1315 ,

96 1329 158 1353 uec
171 1316 337 1355 distinctio
351 1319 497 1368 specifica
518 1321 641 1369 pendet
657 1320 698 1355 ab
717 1321 895 1357 intelleetu.

158 1367 245 1414 Resp.
265 1368 524 1406 Distinetionem
536 1369 719 1417 specificam
732 1382 770 1404 ex
789 1369 918 1404 diversis
933 1370 1068 1418 quidem
1079 1369 1243 1404 attributis
1263 1373 1367 1418 repeti
1398 1384 1498 1420 opor-

99 1425 179 1457 tere,
201 1417 267 1452 Sed
279 1430 353 1453 cum
374 1420 488 1453 eadem
507 1418 632 1467 semper
650 1431 781 1453 maneat
797 1418 987 1462 difficultas,
1006 1420 1140 1467 quando
1158 1417 1314 1467 ejusmodi
1326 1420 1497 1464 attributa,

99 1475 155 1498 aut
172 1468 388 1513 proprietates
399 1467 469 1502 stitis
491 1470 575 1501 inter
591 1467 620 1502 se
637 1467 799 1511 differunt,
815 1480 851 1504 ut
867 1469 1112 1505 distinctionem
1132 1467 1314 1515 specificam
1332 1470 1496 1506 inducant:

101 1512 134 1546 id
152 1513 246 1547 aliter
268 1514 423 1561 explicari
438 1528 504 1549 non
520 1516 627 1562 potest
641 1528 739 1561 quam
752 1528 808 1563 per
829 1517 978 1550 ordinem
1003 1517 1042 1549 ad
1060 1516 1215 1550 humanas
1240 1515 1405 1551 scientias:
1422 1530 1495 1553 cum

101 1559 250 1607 specifica
266 1565 448 1609 proprietas
464 1564 503 1596 de
518 1575 582 1596 una
600 1575 634 1596 re
652 1563 700 1595 est
716 1563 935 1599 demonstrata
948 1593 958 1607 ‚
972 1575 1007 1598 ut
1019 1563 1060 1597 de
1074 1562 1236 1611 triangulo
1250 1592 1258 1605 ,
1274 1562 1365 1598 simul
1385 1565 1494 1600 censes

103 1620 152 1643 tur
170 1609 208 1643 de
227 1609 381 1644 omnibus
402 1610 566 1659 triangulis
591 1611 820 1647 demonstrata.
848 1614 970 1659 Neque
987 1613 1143 1646 continuo
1167 1613 1327 1653 dffifflffio
1346 1612 1492 1661 specifica

103 1657 277 1705 pendetab
297 1659 462 1698 intellectu
484 1659 719 1709 cognoscente:
740 1661 805 1696 Sed
823 1661 900 1697 hinc
917 1660 1095 1710 repetenda
1110 1689 1120 1705 ‚
1138 1661 1228 1709 quod
1244 1660 1299 1696 tali
1316 1663 1418 1698 inodo
1436 1676 1491 1699 co,

102 1704 214 1759 gnosei
230 1705 335 1755 poffit.

690 1860 743 1893 De
754 1860 868 1909 specie.

105 1951 171 2038 P
182 1955 362 1990 Roximum
378 1956 423 1990 est
442 1967 476 1990 ut
494 1956 534 1991 de
554 1957 660 2005 specie
679 1957 821 1992 dicamus
836 1987 845 2001 ‚
861 1957 901 1991 de
912 1969 977 2005 qua
987 1969 1088 2006 genus
1111 1957 1319 2005 praedicatur:
1336 1962 1391 1993 vix
1401 1964 1489 1997 enim

184 2015 283 2038 unum
297 2003 360 2039 sine
374 2004 476 2039 altero
488 2006 628 2056 intelligi
645 2007 759 2055 potest.
773 2010 917 2043 Primum
947 2010 1045 2056 igitur
1059 2007 1136 2054 quid
1148 2018 1183 2040 ea
1198 2004 1245 2048 sit,
1256 2012 1288 2042 ἃ
1298 2010 1487 2057 quotuplcx,

103 2050 204 2135 {olbis
216 2053 259 2087 est
277 2053 505 2102 explicandum
515 2072 525 2100 3
545 2067 615 2091 tum
626 2055 818 2101 nonnullas,
834 2068 905 2104 quae
928 2059 1068 2105 proponi
1082 2055 1204 2100 solent,
1219 2056 1403 2103 quaestiones
1429 2059 1489 2095 dii}-

48 2124 60 2135 κ
121 2113 141 2134 o
157 2112 279 2138 vernus-
798 2115 807 2118 ’

549 2156 584 2192 1Α
606 2121 830 2194 ΚΤῘΕιΗ
853 2158 880 2193 L
902 2154 982 2191 US
1031 2158 1056 2192 1.

524 2254 613 2302 Qid
627 2255 672 2300 fit
680 2257 800 2304 specics
811 2282 820 2294 ,
839 2254 877 2291 ὠ
894 2257 1080 2304 quotuplex.

110 2344 251 2440 UT
263 2352 388 2396 generis
403 2350 470 2392 ,asic
481 2350 597 2399 speciei
619 2364 740 2387 nomen
758 2366 823 2388 non
837 2366 904 2388 uno
923 2352 1023 2388 niodo
1033 2355 1198 2400 accipitur.

257 2398 364 2433 Primo
376 2401 460 2434 enini
470 2413 532 2447 pro
551 2400 693 2450 eleganti
706 2405 847 2451 corporis
860 2402 964 2444 forma
974 2430 984 2446 ‚
1001 2414 1058 2438 aut
1072 2401 1135 2450 ipsa
1146 2401 1388 2453 pulchritudine
1407 2404 1506 2453 usurq
