1857 2745
395 138 750 179 TRACTATUS
788 140 1147 178 SECUNDUS.
1406 152 1460 189 517*

103 195 142 230 Et
154 191 287 240 quidem
300 190 413 227 formae
426 204 496 238 quae
511 190 591 225 nihil
609 189 732 225 habent
749 189 888 225 absoluti
899 189 1079 238 ,quaequez‘t
1096 190 1229 224 materia
1241 202 1307 225 non
1325 188 1396 225 sunt
1414 191 1461 226 se-

65 240 225 291 parabiles
239 270 248 285 ,
267 253 323 290 per
338 242 543 289 interjeffirm
559 239 694 274 modum
707 238 889 274 absolutum
904 240 1055 286 conjungi
1067 251 1133 273 non
1145 235 1282 286 possunt.
1298 241 1386 275 Nan-2
1399 239 1462 274 hoc

68 290 138 339 ipso
156 292 243 338 quod
263 291 462 332 educuntur,
486 289 540 323 seu
564 286 646 323 fiunt
672 290 747 323 actu
768 318 776 331 ,
799 288 862 323 hoc
890 288 956 336 ipso
977 290 1130 323 uniuntur
1154 316 1163 330 ‚
1189 290 1277 323 on·ni
1297 288 1357 322 alia
1382 291 1465 323 enti-

69 351 140 374 tate
152 340 294 374 deti-aeta
316 352 324 373 z
345 352 410 374 non
429 335 555 387 possunt
575 339 662 372 enim
678 336 738 372 effe
754 339 827 373 ειᾶιι
840 336 894 372 nisi
909 340 941 372 in
954 338 1100 372 materia.
1119 338 1199 371 Non
1224 338 1312 383 quod
1333 337 1464 373 edufflo

69 389 184 424 formae
201 386 236 422 sit
250 390 342 423 unio:
358 387 411 422 illa
429 389 516 422 enim
542 384 647 421 tranfit
664 413 674 428 ‚
694 386 762 422 haec
785 397 953 435 permanet
970 399 977 420 :
1005 383 1057 418 sed
1083 383 1183 432 polita
1203 386 1376 421 eductione
1399 386 1462 434 ipsa

68 439 145 475 unio
159 436 308 480 resultat,
329 434 480 484 uepofito
500 437 638 470 termino
654 435 770 471 relatio
787 438 925 484 emergit
946 448 965 471 :¹
981 444 1080 480 atque
1097 432 1154 468 ubi
1170 445 1307 481 utraque
1330 438 1464 470 materia

69 485 225 523 &forma
238 485 326 520 simul
341 484 528 527 sunt,statim
541 486 680 531 emergit
693 487 790 527 uni03
810 497 915 531 neque
927 496 962 518 ea
981 481 1086 530 potest
1107 480 1169 516 ess'e
1195 482 1258 518 sine
1278 486 1409 518 materia
1432 489 1464 520 ἃς

68 536 175 570 forma
189 533 277 569 simul
302 534 432 582 sumptis
450 550 459 576 ·,
481 545 587 580 neque
606 533 690 568 adeo
713 533 778 568 ulla
799 535 842 569 est
858 536 942 568 inter
956 543 1009 568 eas
1024 531 1235 567 distiizffionis
1254 543 1332 568 nota
1352 546 1359 568 ε
1381 533 1464 567 adeo

68 595 105 620 ut
115 587 252 618 materia
270 587 302 620 &
321 582 426 618 forma
438 595 494 630 per
513 581 623 630 seipsas
639 584 803 617 uniantur.
1223 608 1228 614 .

107 632 240 667 Deinde
265 631 369 665 forma
398 634 471 669 actu
488 628 549 665 effe
580 644 646 665 non
669 629 781 679 potest>
796 633 876 679 quin
891 633 1039 668 uniatur:
1054 628 1108 666 sed
1123 642 1172 665 res
1194 631 1301 679 potest
1325 629 1384 666 effe
1402 631 1465 666 sine

70 681 170 716 modo
185 679 336 714 absoluto
352 694 359 715 :
374 693 450 729 ergo
460 681 538 715 unio
551 692 620 714 non
643 681 687 713 est
703 682 818 715 moc'us
840 679 1003 715 absolutus
1018 698 1025 717 :
1058 679 1182 714 sublata
1197 683 1320 728 quippe
1346 683 1464 715 unione

0 744 1 767 ι
48 738 51 739 ’
69 729 155 765 nulla
171 729 217 763 est
236 728 373 776 amplius
395 730 519 764 forma:
537 741 605 764 non
625 730 724 778 igitur
738 732 816 765 unio
829 729 876 764 est
889 740 994 764 ntotus
1009 728 1174 765 absolutus
1189 757 1199 772 ‚
1212 731 1334 764 nedum
1347 732 1464 764 entitas

68 778 218 826 quaedain
243 778 451 827 superaddita.

104 827 189 870 Sed,
210 829 332 873 inquies
344 839 432 869 ‚nec
443 828 598 870 materia,
618 837 678 862 nec
688 825 797 861 forma
815 827 861 861 est
881 827 997 862 modus
1019 825 1217 874 respeffivus
1232 839 1239 860 :
1255 838 1333 876 ergo
1351 826 1463 863 distin-

69 878 176 924 guitur
188 873 230 909 ab
243 887 391 923 utraque.

104 923 298 972 Refpfldem
314 935 541 972 argumentum
558 924 599 958 de
609 926 701 958 omni
715 925 875 960 relatione
886 929 951 973 jam
966 927 998 960 in
1015 922 1139 973 Logica
1164 924 1303 960 solutum
1328 924 1388 959 effe
1403 939 1410 960 :
1428 930 1475 960 ut'

69 971 189 1006 albedo
199 985 266 1007 non
277 973 320 1007 est
330 972 504 1007 similitudo
518 1002 524 1010 ,
541 971 595 1007 nifi
605 973 680 1018 quid
692 972 776 1007 aliud
785 985 960 1008 connotet:
974 973 1098 1008 tametsi
1109 986 1165 1022 per
1184 973 1316 1022 seipsam
1331 975 1373 1008 est
1385 974 1464 1008 alte-

70 1023 96 1055 ri
114 1019 235 1057 fimilis.
258 1024 311 1056 Sic
329 1022 466 1056 materia
486 1020 549 1056 sola
570 1019 714 1056 absolute
731 1021 873 1070 schhua
899 1035 964 1058 non
980 1023 1023 1057 est
1041 1025 1120 1058 unio
1134 1052 1144 1067 ‚
1158 1034 1212 1057 aut
1225 1024 1312 1057 unita
1326 1050 1335 1065 ,
1360 1023 1411 1058 sed
1431 1034 1465 1057 ut

70 1081 273 1117 comparatur
286 1082 357 1104 cum
371 1071 474 1105 forma
489 1083 558 1116 quae
573 1069 660 1104 simul
676 1071 801 1106 existits

97 1120 176 1167 Jam
196 1117 253 1153 ubi
268 1118 375 1153 forma
394 1119 439 1153 est
454 1117 600 1153 absoluta
615 1128 656 1153 υτ
674 1122 705 1154 in
720 1118 905 1154 viventibus
917 1147 925 1160 ‚
942 1123 1046 1166 major
1062 1121 1106 1154 est
1123 1118 1303 1156 difficultas,
1328 1119 1465 1167 Ubique

71 1178 182 1203 tamen
193 1169 270 1202 unio
288 1168 330 1201 est
342 1167 459 1202 relatio
478 1179 616 1210 tanturn,
633 1180 703 1214 quae
721 1169 859 1215 emergit
872 1196 881 1209 ,
894 1179 965 1201 cum
977 1180 1090 1215 corpus
1102 1170 1291 1217 organicum
1308 1169 1350 1203 est
1361 1168 1466 1217 dispo-

71 1215 163 1251 situm
175 1245 184 1259 ‚
198 1221 231 1253 &
248 1216 356 1251 forma
370 1217 413 1250 est
427 1217 511 1250 ειᾶιι.
531 1217 666 1251 Addunt
680 1216 829 1251 nonnulli
842 1216 1005 1250 decretum
1016 1219 1080 1252 Dei
1099 1230 1166 1263 quo
1178 1221 1264 1253 Deus
1277 1229 1405 1265 paratus
1420 1218 1464 1251 est

71 1267 384 1302 concurreresNam
398 1264 512 1300 sentire
532 1266 575 1300 est
586 1277 681 1313 agere
695 1277 776 1309 ·‚nec
790 1277 886 1313 agere
906 1267 1012 1299 anima
1027 1267 1136 1314 potest
1159 1269 1192 1300 in
1215 1267 1288 1301 ειᾶυ
1306 1266 1443 1302 secundo
1456 1295 1465 1308 ,

72 1313 130 1349 nisi
146 1316 238 1350 Deus
250 1325 440 1350 concurrat:
454 1327 530 1363 ergo
541 1327 602 1349 nec
620 1313 656 1349 fit
670 1325 784 1362 potens
800 1315 838 1348 ad
854 1314 1012 1362 agendum
1024 1344 1033 1358 ,
1047 1315 1103 1349 nisi
1123 1318 1212 1350 Deus
1228 1327 1355 1362 paratus
1373 1314 1407 1349 sit
1432 1318 1465 1350 in

71 1365 146 1398 astu
159 1365 264 1412 primo
280 1364 319 1397 ad
333 1365 600 1398 concurrendum.
619 1364 681 1397 His
692 1375 771 1396 vero
785 1361 891 1411 positis
903 1363 1008 1397 statim
1023 1363 1130 1398 forma
1144 1364 1289 1398 animalis
1312 1377 1367 1412 ptr
1381 1363 1463 1412 stip-

73 1411 137 1447 sarn
150 1441 160 1455 ‚
172 1413 252 1446 citra
265 1410 365 1446 ullam
381 1414 553 1446 entitatem
566 1411 802 1459 superadditam
815 1413 922 1444 unitur
933 1414 1100 1448 materiaes

121 1463 174 1496 De
196 1462 305 1494 anima
326 1459 477 1494 rationali
495 1473 559 1494 non
575 1464 680 1507 mojor
699 1459 744 1494 est
767 1456 961 1494 difficultas:
977 1461 1091 1495 eadem
1111 1462 1199 1495 enim
1218 1463 1319 1509 exigit
1336 1489 1345 1502 ,
1363 1466 1396 1497 &
1409 1467 1482 1508 per'

73 1508 205 1557 seipsam
220 1511 327 1543 unitur
348 1511 475 1556 corpori
489 1537 497 1551 ‚
514 1511 566 1542 cui
582 1511 695 1543 intime
709 1507 837 1555 praesens
851 1508 898 1541 est
909 1536 918 1549 ,
932 1508 1109 1544 dummodo
1128 1513 1213 1545 Deus
1228 1522 1285 1557 per
1299 1509 1463 1544 decretum

74 1557 162 1592 suum
172 1568 297 1606 paratus
310 1555 346 1591 lit
354 1569 546 1592 concurrere
563 1570 635 1591 cum
648 1557 754 1591 anima
766 1568 823 1599 ‚ut
837 1555 893 1590 fiat
908 1569 1008 1591 unum
1021 1560 1212 1606 principium
1224 1560 1385 1605 integrum
1395 1561 1466 1592 ani-

76 1620 135 1642 mae
148 1619 221 1641 cum
242 1619 390 1654 corpore.
413 1606 477 1640 His
494 1607 582 1641 enim
602 1604 709 1653 fofitis
734 1607 809 1640 unio
826 1605 998 1640 necell‘ario
1028 1606 1184 1649 resultat,
1204 1608 1346 1641 detracta
1373 1610 1464 1642 omni

75 1655 140 1690 alia
150 1657 297 1690 entitate.
319 1656 420 1700 Qod
431 1654 452 1688 sl
465 1654 582 1702 aliquid
599 1653 687 1698 desit,
705 1666 759 1689 aut
772 1666 884 1702 corpus
897 1667 962 1689 non
978 1653 1014 1688 sit
1028 1667 1103 1703 apte
1115 1654 1298 1704 dispositum
1310 1683 1319 1698 ,
1337 1667 1392 1689 aut
1406 1656 1445 1690 dc
1459 1675 1464 1681 ·

74 1716 199 1740 cretum
210 1707 274 1740 Dei
290 1717 356 1739 non
371 1703 450 1738 adlit
461 1733 471 1747 ‚
490 1703 576 1738 nulla
590 1733 599 1746 ‚
622 1706 790 1750 inquiunt,
805 1706 881 1738 unio
902 1703 1006 1737 futura
1026 1705 1099 1739 είὶ.1

112 1754 201 1788 Cum
217 1765 325 1788 autem
339 1752 455 1800 duplex
475 1751 511 1787 fit
535 1750 648 1786 relatio
660 1782 668 1795 ,
686 1765 748 1787 una
766 1754 907 1800 corporis
936 1752 974 1785 ad
989 1755 1132 1788 animam
1149 1782 1158 1796 ‚
1176 1753 1275 1787 altera
1295 1754 1409 1787 animae
1425 1754 1466 1787 nd

76 1814 211 1850 corpus,
232 1801 350 1848 duplex
370 1814 502 1849 quoque
520 1803 580 1835 erit
602 1803 681 1835 unio
693 1817 699 1836 τ
713 1814 788 1835 mm
804 1803 881 1835 unio
897 1800 977 1836 nihil
997 1802 1039 1836 est
1050 1814 1163 1850 praetet
1181 1801 1387 1836 relutionem.

119 1853 204 1899 Opp.
219 1864 242 1886 1.
265 1851 390 1898 Corpus
404 1857 437 1887 &
448 1853 557 1886 anima
569 1849 704 1884 existere
717 1847 842 1897 potsunt
855 1849 1023 1897 separatim
1038 1864 1133 1899 :ergo
1150 1849 1247 1899 perse
1269 1863 1336 1885 non
1351 1852 1464 1885 uniun-

78 1909 136 1935 tur-

114 1949 208 1995 Resp.
223 1948 292 1988 disi.
312 1949 430 1994 consi’q.
451 1948 510 1983 Per
528 1947 557 1983 se
571 1959 635 1983 non
651 1948 802 1982 uniuntur
817 1975 827 1989 ,
846 1945 1037 1982 ut‘absolute
1054 1947 1235 1996 spediantur
1251 1976 1260 1990 ‚
1276 1949 1312 1983 C.
1327 1959 1361 1981 ut
1374 1943 1480 1983 smml'

79 2002 113 2034 δε
130 1996 306 2044 respective
317 2008 494 2044 ,quatenus
514 1999 621 2031 anima
632 1996 679 2030 est
696 1994 828 2044 praesens
853 1999 1001 2043 corpori,
1018 1996 1094 2031 illud
1110 2007 1259 2045 penetrat
1274 2025 1283 2039 ‚
1308 2001 1341 2032 ἃ
1354 1996 1466 2031 decre-

80 2057 147 2080 tum
166 2049 230 2082 Dei
249 2059 315 2081 non
332 2046 417 2079 deest
430 2075 438 2088 ‚
452 2048 501 2078 N.
517 2047 610 2082 Unio
623 2047 731 2091 itaque
748 2055 861 2092 praeter
871 2057 985 2092 corpus
996 2050 1029 2081 &
1042 2047 1182 2080 animam
1196 2057 1233 2079 ea
1248 2044 1480 2092 includit‚quae·

79 2094 100 2129 Ξι
118 2093 215 2130 nobis
231 2094 301 2129 sunt
323 2093 492 2129 observata
507 2124 514 2137 ,
530 2092 747 2143 dispositiones
761 2093 915 2128 videlicet
928 2099 1069 2143 corporis
1082 2096 1466 2143 organici‚compenetra·

81 2145 203 2178 tionem
221 2142 382 2190 utriusque
397 2173 406 2187 ‚
419 2149 454 2180 δε
472 2144 637 2178 decretum
656 2145 733 2178 Dei.

120 2191 254 2234 Contra,
270 2194 418 2236 inquiunt
430 2221 437 2230 ,
451 2191 472 2227 si
491 2194 569 2228 unio
581 2193 746 2227 decretum
761 2192 910 2227 divinum
924 2193 957 2225 in
974 2189 1030 2226 suo
1041 2191 1351 2241 conceptuincludit
1367 2205 1373 2226 :
1387 2202 1464 2239 crgo

83 2239 126 2274 est
144 2238 265 2286 aliquid
276 2241 494 2277 extrinsecum.

118 2289 208 2328 Rt’ffi.
225 2302 294 2335 mg.
310 2291 428 2336 conseq.
441 2292 503 2326 Uti
521 2303 581 2326 nec
596 2293 643 2326 vis
663 2290 768 2325 anstiva
792 2289 835 2324 est
856 2293 902 2325 rei
920 2288 1115 2334 extrinseca,
1132 2288 1209 2324 licet
1225 2288 1381 2336 completi
1397 2301 1464 2324 non

82 2335 178 2384 poffit
187 2339 263 2371 citra
274 2337 419 2373 divinum
431 2339 637 2376 concursum.-

181 2386 276 2421 Tom.
308 2388 337 2421 Ι.
1216 2388 1295 2422 Ttt
