<?xml version="1.0" encoding="UTF-8"?>
<!DOCTYPE html PUBLIC "-//W3C//DTD XHTML 1.0 Transitional//EN"
    "http://www.w3.org/TR/xhtml1/DTD/xhtml1-transitional.dtd">
<html xmlns="http://www.w3.org/1999/xhtml" xml:lang="en" lang="en">
 <head>
  <title>
</title>
<meta http-equiv="Content-Type" content="text/html;charset=utf-8" />
  <meta name='ocr-system' content='tesseract 3.04.00' />
  <meta name='ocr-capabilities' content='ocr_page ocr_carea ocr_par ocr_line ocrx_word'/>
</head>
<body>
  <div class='ocr_page' id='page_1' title='image "./philosophiavetus01duhauoft_0293.png"; bbox 0 0 1857 2745; ppageno 0'>
   <div class='ocr_carea' id='block_1_1' title="bbox 24 73 1425 820">
    <p class='ocr_par' dir='ltr' id='par_1_1' title="bbox 34 73 1425 228">
     <span class='ocr_line' id='line_1_1' title="bbox 561 73 1425 118; baseline 0.009 -8"><span class='ocrx_word' id='word_1_1' title='bbox 561 75 602 110; x_wconf 90' lang='lat' dir='ltr'>M</span> <span class='ocrx_word' id='word_1_2' title='bbox 620 75 655 112; x_wconf 90' lang='grc' dir='ltr'>Ο</span> <span class='ocrx_word' id='word_1_3' title='bbox 678 73 713 110; x_wconf 91' lang='lat' dir='ltr'>R</span> <span class='ocrx_word' id='word_1_4' title='bbox 735 75 765 112; x_wconf 83' lang='lat' dir='ltr'>A</span> <span class='ocrx_word' id='word_1_5' title='bbox 782 74 812 113; x_wconf 87' lang='lat' dir='ltr'>L</span> <span class='ocrx_word' id='word_1_6' title='bbox 832 76 848 111; x_wconf 90' lang='lat'>1</span> <span class='ocrx_word' id='word_1_7' title='bbox 866 77 900 114; x_wconf 85' lang='lat' dir='ltr'>S.</span> <span class='ocrx_word' id='word_1_8' title='bbox 1372 95 1389 117; x_wconf 82' lang='lat'>2</span> <span class='ocrx_word' id='word_1_9' title='bbox 1413 95 1425 118; x_wconf 87' lang='lat' dir='ltr'>r</span> 
     </span>
     <span class='ocr_line' id='line_1_2' title="bbox 36 96 1422 176; baseline -0.001 -12"><span class='ocrx_word' id='word_1_10' title='bbox 36 125 113 164; x_wconf 81' lang='lat' dir='ltr'>dem</span> <span class='ocrx_word' id='word_1_11' title='bbox 121 154 132 172; x_wconf 89' lang='lat'><strong>,</strong></span> <span class='ocrx_word' id='word_1_12' title='bbox 142 124 196 162; x_wconf 88' lang='lat' dir='ltr'>sed</span> <span class='ocrx_word' id='word_1_13' title='bbox 205 136 272 161; x_wconf 88' lang='lat' dir='ltr'>non</span> <span class='ocrx_word' id='word_1_14' title='bbox 283 121 466 160; x_wconf 84' lang='lat' dir='ltr'>voluntarie</span> <span class='ocrx_word' id='word_1_15' title='bbox 475 151 486 168; x_wconf 92' lang='lat'><strong>,</strong></span> <span class='ocrx_word' id='word_1_16' title='bbox 508 122 564 160; x_wconf 85' lang='lat' dir='ltr'>nisi</span> <span class='ocrx_word' id='word_1_17' title='bbox 577 125 754 161; x_wconf 85' lang='lat' dir='ltr'>admodum</span> <span class='ocrx_word' id='word_1_18' title='bbox 771 127 948 176; x_wconf 82' lang='lat' dir='ltr'>improprie</span> <span class='ocrx_word' id='word_1_19' title='bbox 958 125 1105 162; x_wconf 84' lang='lat' dir='ltr'>dicuntur</span> <span class='ocrx_word' id='word_1_20' title='bbox 1117 127 1244 175; x_wconf 85' lang='lat' dir='ltr'>operari</span> <span class='ocrx_word' id='word_1_21' title='bbox 1261 140 1270 162; x_wconf 70' lang='grc' dir='ltr'><strong>ε</strong></span> <span class='ocrx_word' id='word_1_22' title='bbox 1291 125 1344 162; x_wconf 89' lang='lat' dir='ltr'>sed</span> <span class='ocrx_word' id='word_1_23' title='bbox 1360 96 1422 165; x_wconf 68' lang='lat'>1207.</span> 
     </span>
     <span class='ocr_line' id='line_1_3' title="bbox 34 173 1422 228; baseline 0.003 -18"><span class='ocrx_word' id='word_1_24' title='bbox 34 189 94 214; x_wconf 81' lang='lat' dir='ltr'>mo</span> <span class='ocrx_word' id='word_1_25' title='bbox 105 187 144 211; x_wconf 85' lang='lat' dir='ltr'>ex</span> <span class='ocrx_word' id='word_1_26' title='bbox 156 175 288 224; x_wconf 85' lang='lat' dir='ltr'>propria</span> <span class='ocrx_word' id='word_1_27' title='bbox 299 173 509 210; x_wconf 84' lang='lat' dir='ltr'>inclinatione</span> <span class='ocrx_word' id='word_1_28' title='bbox 521 179 556 212; x_wconf 69' lang='grc' dir='ltr'>ὃ(</span> <span class='ocrx_word' id='word_1_29' title='bbox 566 175 714 223; x_wconf 62' lang='lat' dir='ltr'>perfecta</span> <span class='ocrx_word' id='word_1_30' title='bbox 732 179 918 224; x_wconf 80' lang='lat' dir='ltr'>cognitione</span> <span class='ocrx_word' id='word_1_31' title='bbox 928 205 940 222; x_wconf 89' lang='lat'>‚</span> <span class='ocrx_word' id='word_1_32' title='bbox 963 175 1027 212; x_wconf 89' lang='lat' dir='ltr'>hoc</span> <span class='ocrx_word' id='word_1_33' title='bbox 1050 175 1095 210; x_wconf 90' lang='lat' dir='ltr'>est</span> <span class='ocrx_word' id='word_1_34' title='bbox 1103 204 1116 219; x_wconf 87' lang='lat'>,</span> <span class='ocrx_word' id='word_1_35' title='bbox 1135 174 1316 212; x_wconf 83' lang='lat' dir='ltr'>voluntarie</span> <span class='ocrx_word' id='word_1_36' title='bbox 1339 183 1422 228; x_wconf 74' lang='lat' dir='ltr'>agit,</span> 
     </span>
    </p>

    <p class='ocr_par' dir='ltr' id='par_1_2' title="bbox 28 222 1422 519">
     <span class='ocr_line' id='line_1_4' title="bbox 69 222 1422 275; baseline 0.004 -17"><span class='ocrx_word' id='word_1_37' title='bbox 69 225 172 275; x_wconf 79' lang='lat' dir='ltr'>Qd</span> <span class='ocrx_word' id='word_1_38' title='bbox 183 226 281 273; x_wconf 86' lang='lat' dir='ltr'>igitur</span> <span class='ocrx_word' id='word_1_39' title='bbox 295 222 334 259; x_wconf 87' lang='lat' dir='ltr'>fit</span> <span class='ocrx_word' id='word_1_40' title='bbox 349 235 406 259; x_wconf 88' lang='lat' dir='ltr'>aut</span> <span class='ocrx_word' id='word_1_41' title='bbox 419 235 534 273; x_wconf 79' lang='lat' dir='ltr'>praeter</span> <span class='ocrx_word' id='word_1_42' title='bbox 556 223 802 261; x_wconf 80' lang='lat' dir='ltr'>inclinationem</span> <span class='ocrx_word' id='word_1_43' title='bbox 813 227 991 262; x_wconf 85' lang='lat' dir='ltr'>voluntatis</span> <span class='ocrx_word' id='word_1_44' title='bbox 1004 255 1014 270; x_wconf 90' lang='lat'>‚</span> <span class='ocrx_word' id='word_1_45' title='bbox 1034 236 1088 260; x_wconf 88' lang='lat' dir='ltr'>aut</span> <span class='ocrx_word' id='word_1_46' title='bbox 1098 226 1178 260; x_wconf 90' lang='lat' dir='ltr'>citra</span> <span class='ocrx_word' id='word_1_47' title='bbox 1186 227 1422 274; x_wconf 84' lang='lat' dir='ltr'>cognitionem,</span> 
     </span>
     <span class='ocr_line' id='line_1_5' title="bbox 30 273 1417 323; baseline 0.001 -15"><span class='ocrx_word' id='word_1_48' title='bbox 30 273 67 308; x_wconf 88' lang='lat' dir='ltr'>id</span> <span class='ocrx_word' id='word_1_49' title='bbox 75 275 292 310; x_wconf 85' lang='lat' dir='ltr'>voluntarium</span> <span class='ocrx_word' id='word_1_50' title='bbox 307 275 440 323; x_wconf 88' lang='lat' dir='ltr'>perimit</span> <span class='ocrx_word' id='word_1_51' title='bbox 453 303 464 318; x_wconf 92' lang='lat'>‚</span> <span class='ocrx_word' id='word_1_52' title='bbox 475 285 575 321; x_wconf 89' lang='lat' dir='ltr'>atque</span> <span class='ocrx_word' id='word_1_53' title='bbox 592 303 603 318; x_wconf 92' lang='lat'>‚</span> <span class='ocrx_word' id='word_1_54' title='bbox 625 286 660 310; x_wconf 93' lang='lat' dir='ltr'>ut</span> <span class='ocrx_word' id='word_1_55' title='bbox 676 274 854 322; x_wconf 87' lang='lat' dir='ltr'>loquuntur</span> <span class='ocrx_word' id='word_1_56' title='bbox 867 306 878 320; x_wconf 94' lang='lat'>,</span> <span class='ocrx_word' id='word_1_57' title='bbox 897 276 929 310; x_wconf 90' lang='lat' dir='ltr'>id</span> <span class='ocrx_word' id='word_1_58' title='bbox 946 278 1084 313; x_wconf 70' lang='lat' dir='ltr'>omnino</span> <span class='ocrx_word' id='word_1_59' title='bbox 1096 275 1140 309; x_wconf 88' lang='lat' dir='ltr'>est</span> <span class='ocrx_word' id='word_1_60' title='bbox 1156 276 1417 313; x_wconf 83' lang='lat' dir='ltr'>involuntarium.</span> 
     </span>
     <span class='ocr_line' id='line_1_6' title="bbox 31 322 1420 373; baseline 0.001 -12"><span class='ocrx_word' id='word_1_61' title='bbox 31 322 133 361; x_wconf 84' lang='lat' dir='ltr'>Unde</span> <span class='ocrx_word' id='word_1_62' title='bbox 157 335 198 358; x_wconf 81' lang='lat' dir='ltr'>ex</span> <span class='ocrx_word' id='word_1_63' title='bbox 216 322 392 359; x_wconf 79' lang='lat' dir='ltr'>Aristotele</span> <span class='ocrx_word' id='word_1_64' title='bbox 417 326 466 360; x_wconf 88' lang='lat' dir='ltr'>vis</span> <span class='ocrx_word' id='word_1_65' title='bbox 501 329 536 361; x_wconf 88' lang='lat'>&amp;</span> <span class='ocrx_word' id='word_1_66' title='bbox 561 326 743 373; x_wconf 80' lang='lat' dir='ltr'>ignorantia</span> <span class='ocrx_word' id='word_1_67' title='bbox 766 325 986 362; x_wconf 87' lang='lat' dir='ltr'>voluntarium</span> <span class='ocrx_word' id='word_1_68' title='bbox 1009 324 1130 360; x_wconf 83' lang='lat' dir='ltr'>toilunt</span> <span class='ocrx_word' id='word_1_69' title='bbox 1149 352 1161 368; x_wconf 93' lang='lat'>,</span> <span class='ocrx_word' id='word_1_70' title='bbox 1208 327 1325 362; x_wconf 85' lang='lat' dir='ltr'>minuit</span> <span class='ocrx_word' id='word_1_71' title='bbox 1349 340 1420 362; x_wconf 87' lang='lat' dir='ltr'>me-</span> 
     </span>
     <span class='ocr_line' id='line_1_7' title="bbox 29 371 1419 425; baseline 0.003 -18"><span class='ocrx_word' id='word_1_72' title='bbox 29 381 83 407; x_wconf 86' lang='lat' dir='ltr'>tus</span> <span class='ocrx_word' id='word_1_73' title='bbox 92 400 103 416; x_wconf 90' lang='lat'>‚</span> <span class='ocrx_word' id='word_1_74' title='bbox 115 371 372 421; x_wconf 84' lang='lat' dir='ltr'>concupiscentia</span> <span class='ocrx_word' id='word_1_75' title='bbox 382 379 415 411; x_wconf 89' lang='lat'>&amp;</span> <span class='ocrx_word' id='word_1_76' title='bbox 425 372 602 409; x_wconf 55' lang='lat' dir='ltr'>delectatio</span> <span class='ocrx_word' id='word_1_77' title='bbox 613 386 731 424; x_wconf 85' lang='lat' dir='ltr'>augent</span> <span class='ocrx_word' id='word_1_78' title='bbox 739 377 848 422; x_wconf 86' lang='lat' dir='ltr'>potius</span> <span class='ocrx_word' id='word_1_79' title='bbox 856 404 868 420; x_wconf 88' lang='lat'><em>,</em></span> <span class='ocrx_word' id='word_1_80' title='bbox 888 374 989 425; x_wconf 57' lang='lat' dir='ltr'>quiam</span> <span class='ocrx_word' id='word_1_81' title='bbox 1004 376 1166 410; x_wconf 86' lang='lat' dir='ltr'>minuunt.</span> <span class='ocrx_word' id='word_1_82' title='bbox 1187 376 1272 422; x_wconf 83' lang='lat' dir='ltr'>Qiae</span> <span class='ocrx_word' id='word_1_83' title='bbox 1283 375 1419 422; x_wconf 86' lang='lat' dir='ltr'>quidem</span> 
     </span>
     <span class='ocr_line' id='line_1_8' title="bbox 29 419 1418 474; baseline 0.002 -17"><span class='ocrx_word' id='word_1_84' title='bbox 29 419 148 458; x_wconf 82' lang='lat' dir='ltr'>fibene</span> <span class='ocrx_word' id='word_1_85' title='bbox 160 420 382 471; x_wconf 88' lang='lat' dir='ltr'>intelligantur</span> <span class='ocrx_word' id='word_1_86' title='bbox 393 452 405 469; x_wconf 87' lang='lat'>,</span> <span class='ocrx_word' id='word_1_87' title='bbox 420 435 575 472; x_wconf 81' lang='lat' dir='ltr'>magnam</span> <span class='ocrx_word' id='word_1_88' title='bbox 592 423 700 460; x_wconf 86' lang='lat' dir='ltr'>lucem</span> <span class='ocrx_word' id='word_1_89' title='bbox 715 423 855 462; x_wconf 79' lang='lat' dir='ltr'>afferent</span> <span class='ocrx_word' id='word_1_90' title='bbox 865 427 903 461; x_wconf 90' lang='lat' dir='ltr'>iis</span> <span class='ocrx_word' id='word_1_91' title='bbox 918 436 990 474; x_wconf 83' lang='lat' dir='ltr'>quae</span> <span class='ocrx_word' id='word_1_92' title='bbox 1007 424 1048 460; x_wconf 93' lang='lat' dir='ltr'>de</span> <span class='ocrx_word' id='word_1_93' title='bbox 1063 423 1214 458; x_wconf 86' lang='lat' dir='ltr'>humanis</span> <span class='ocrx_word' id='word_1_94' title='bbox 1234 423 1418 460; x_wconf 64' lang='lat' dir='ltr'>actionibus</span> 
     </span>
     <span class='ocr_line' id='line_1_9' title="bbox 28 469 389 519; baseline 0.011 -14"><span class='ocrx_word' id='word_1_95' title='bbox 28 469 140 519; x_wconf 75' lang='lat' dir='ltr'>postea</span> <span class='ocrx_word' id='word_1_96' title='bbox 148 471 261 508; x_wconf 64' lang='lat' dir='ltr'>dicturi</span> <span class='ocrx_word' id='word_1_97' title='bbox 275 470 389 510; x_wconf 80' lang='lat' dir='ltr'>sumus,</span> 
     </span>
    </p>

    <p class='ocr_par' dir='ltr' id='par_1_3' title="bbox 24 519 1420 820">
     <span class='ocr_line' id='line_1_10' title="bbox 65 519 1420 574; baseline 0 -20"><span class='ocrx_word' id='word_1_98' title='bbox 65 521 179 568; x_wconf 82' lang='lat' dir='ltr'>Itaque</span> <span class='ocrx_word' id='word_1_99' title='bbox 194 519 460 568; x_wconf 89' lang='lat' dir='ltr'>involuntarium,</span> <span class='ocrx_word' id='word_1_100' title='bbox 471 522 621 559; x_wconf 64' lang='lat' dir='ltr'>coactum</span> <span class='ocrx_word' id='word_1_101' title='bbox 635 528 669 561; x_wconf 77' lang='grc' dir='ltr'>δε</span> <span class='ocrx_word' id='word_1_102' title='bbox 682 522 865 560; x_wconf 91' lang='lat' dir='ltr'>violentum</span> <span class='ocrx_word' id='word_1_103' title='bbox 875 521 1050 574; x_wconf 80' lang='lat' dir='ltr'>promiscue</span> <span class='ocrx_word' id='word_1_104' title='bbox 1062 520 1201 568; x_wconf 83' lang='lat' dir='ltr'>usurpari</span> <span class='ocrx_word' id='word_1_105' title='bbox 1217 519 1420 558; x_wconf 80' lang='lat' dir='ltr'>solentztam-</span> 
     </span>
     <span class='ocr_line' id='line_1_11' title="bbox 24 567 1420 622; baseline 0.004 -19"><span class='ocrx_word' id='word_1_106' title='bbox 24 567 86 604; x_wconf 85' lang='lat' dir='ltr'>etsi</span> <span class='ocrx_word' id='word_1_107' title='bbox 101 571 231 619; x_wconf 81' lang='lat' dir='ltr'>proprie</span> <span class='ocrx_word' id='word_1_108' title='bbox 240 571 494 609; x_wconf 89' lang='lat' dir='ltr'>involuntarium</span> <span class='ocrx_word' id='word_1_109' title='bbox 504 575 729 621; x_wconf 80' lang='lat' dir='ltr'>cognitionem</span> <span class='ocrx_word' id='word_1_110' title='bbox 740 574 921 622; x_wconf 71' lang='lat' dir='ltr'>perfeetam</span> <span class='ocrx_word' id='word_1_111' title='bbox 932 572 1074 609; x_wconf 86' lang='lat' dir='ltr'>includat</span> <span class='ocrx_word' id='word_1_112' title='bbox 1088 587 1098 615; x_wconf 81' lang='lat'><em>3</em></span> <span class='ocrx_word' id='word_1_113' title='bbox 1117 582 1153 606; x_wconf 89' lang='lat' dir='ltr'>ut</span> <span class='ocrx_word' id='word_1_114' title='bbox 1167 571 1316 605; x_wconf 65' lang='lat' dir='ltr'>coactum</span> <span class='ocrx_word' id='word_1_115' title='bbox 1327 600 1337 614; x_wconf 92' lang='lat'>,</span> <span class='ocrx_word' id='word_1_116' title='bbox 1359 569 1420 606; x_wconf 72' lang='lat' dir='ltr'>stil-</span> 
     </span>
     <span class='ocr_line' id='line_1_12' title="bbox 30 619 1419 701; baseline 0.001 -48"><span class='ocrx_word' id='word_1_117' title='bbox 30 626 100 653; x_wconf 81' lang='lat' dir='ltr'>tem</span> <span class='ocrx_word' id='word_1_118' title='bbox 113 619 359 701; x_wconf 28' lang='lat' dir='ltr'>imperfectam,</span> <span class='ocrx_word' id='word_1_119' title='bbox 371 622 473 670; x_wconf 86' lang='lat' dir='ltr'>qualis</span> <span class='ocrx_word' id='word_1_120' title='bbox 490 621 537 657; x_wconf 89' lang='lat' dir='ltr'>est</span> <span class='ocrx_word' id='word_1_121' title='bbox 550 627 586 658; x_wconf 87' lang='lat' dir='ltr'>in</span> <span class='ocrx_word' id='word_1_122' title='bbox 603 622 725 659; x_wconf 87' lang='lat' dir='ltr'>brutis:</span> <span class='ocrx_word' id='word_1_123' title='bbox 743 624 806 658; x_wconf 89' lang='lat' dir='ltr'>Sed</span> <span class='ocrx_word' id='word_1_124' title='bbox 818 623 1001 659; x_wconf 86' lang='lat' dir='ltr'>violentum</span> <span class='ocrx_word' id='word_1_125' title='bbox 1014 624 1092 656; x_wconf 85' lang='lat' dir='ltr'>citra</span> <span class='ocrx_word' id='word_1_126' title='bbox 1111 630 1244 662; x_wconf 78' lang='lat' dir='ltr'>omnem</span> <span class='ocrx_word' id='word_1_127' title='bbox 1261 621 1419 669; x_wconf 85' lang='lat' dir='ltr'>cognitio-</span> 
     </span>
     <span class='ocr_line' id='line_1_13' title="bbox 26 669 1419 720; baseline 0.001 -19"><span class='ocrx_word' id='word_1_128' title='bbox 26 677 105 702; x_wconf 82' lang='lat' dir='ltr'>nem</span> <span class='ocrx_word' id='word_1_129' title='bbox 121 679 139 701; x_wconf 91' lang='lat' dir='ltr'>e</span> <span class='ocrx_word' id='word_1_130' title='bbox 164 680 183 702; x_wconf 92' lang='lat' dir='ltr'>e</span> <span class='ocrx_word' id='word_1_131' title='bbox 195 669 310 716; x_wconf 88' lang='lat' dir='ltr'>potest.</span> <span class='ocrx_word' id='word_1_132' title='bbox 335 672 388 706; x_wconf 87' lang='lat' dir='ltr'>Sic</span> <span class='ocrx_word' id='word_1_133' title='bbox 398 683 503 708; x_wconf 87' lang='lat' dir='ltr'>motus</span> <span class='ocrx_word' id='word_1_134' title='bbox 513 672 629 720; x_wconf 83' lang='lat' dir='ltr'>lapidis</span> <span class='ocrx_word' id='word_1_135' title='bbox 643 671 760 707; x_wconf 93' lang='lat' dir='ltr'>sursum</span> <span class='ocrx_word' id='word_1_136' title='bbox 769 673 887 707; x_wconf 89' lang='lat' dir='ltr'>dicitur</span> <span class='ocrx_word' id='word_1_137' title='bbox 901 672 1079 714; x_wconf 85' lang='lat' dir='ltr'>violentus,</span> <span class='ocrx_word' id='word_1_138' title='bbox 1088 682 1156 706; x_wconf 92' lang='lat' dir='ltr'>non</span> <span class='ocrx_word' id='word_1_139' title='bbox 1169 669 1299 704; x_wconf 72' lang='lat' dir='ltr'>coactus</span> <span class='ocrx_word' id='word_1_140' title='bbox 1319 684 1328 711; x_wconf 63' lang='grc' dir='ltr'>ς</span> <span class='ocrx_word' id='word_1_141' title='bbox 1343 681 1419 717; x_wconf 87' lang='lat' dir='ltr'>per..</span> 
     </span>
     <span class='ocr_line' id='line_1_14' title="bbox 27 713 1419 764; baseline 0.004 -14"><span class='ocrx_word' id='word_1_142' title='bbox 27 713 126 750; x_wconf 84' lang='lat' dir='ltr'>cuffio</span> <span class='ocrx_word' id='word_1_143' title='bbox 136 719 223 752; x_wconf 85' lang='lat' dir='ltr'>canis</span> <span class='ocrx_word' id='word_1_144' title='bbox 237 718 383 753; x_wconf 88' lang='lat' dir='ltr'>violenta</span> <span class='ocrx_word' id='word_1_145' title='bbox 396 722 440 756; x_wconf 87' lang='lat' dir='ltr'>est</span> <span class='ocrx_word' id='word_1_146' title='bbox 452 748 463 764; x_wconf 94' lang='lat'><strong>,</strong></span> <span class='ocrx_word' id='word_1_147' title='bbox 479 725 514 757; x_wconf 86' lang='lat'>&amp;</span> <span class='ocrx_word' id='word_1_148' title='bbox 526 722 639 756; x_wconf 72' lang='lat' dir='ltr'>coacta</span> <span class='ocrx_word' id='word_1_149' title='bbox 648 749 659 764; x_wconf 93' lang='lat'>,</span> <span class='ocrx_word' id='word_1_150' title='bbox 671 734 737 756; x_wconf 91' lang='lat' dir='ltr'>non</span> <span class='ocrx_word' id='word_1_151' title='bbox 750 720 976 758; x_wconf 86' lang='lat' dir='ltr'>involuntaria.</span> <span class='ocrx_word' id='word_1_152' title='bbox 998 720 1063 755; x_wconf 86' lang='lat' dir='ltr'>Sed</span> <span class='ocrx_word' id='word_1_153' title='bbox 1074 719 1211 757; x_wconf 78' lang='lat' dir='ltr'>vitandae</span> <span class='ocrx_word' id='word_1_154' title='bbox 1221 716 1419 756; x_wconf 67' lang='lat' dir='ltr'>confusionis</span> 
     </span>
     <span class='ocr_line' id='line_1_15' title="bbox 25 763 1062 820; baseline 0.006 -21"><span class='ocrx_word' id='word_1_155' title='bbox 25 763 118 802; x_wconf 75' lang='lat' dir='ltr'>causa</span> <span class='ocrx_word' id='word_1_156' title='bbox 130 791 142 810; x_wconf 89' lang='lat'><strong>,</strong></span> <span class='ocrx_word' id='word_1_157' title='bbox 166 765 209 800; x_wconf 85' lang='lat' dir='ltr'>ad</span> <span class='ocrx_word' id='word_1_158' title='bbox 225 763 414 806; x_wconf 82' lang='lat' dir='ltr'>consuetam</span> <span class='ocrx_word' id='word_1_159' title='bbox 426 782 484 807; x_wconf 86' lang='lat' dir='ltr'>nos</span> <span class='ocrx_word' id='word_1_160' title='bbox 493 769 687 807; x_wconf 87' lang='lat' dir='ltr'>methodum</span> <span class='ocrx_word' id='word_1_161' title='bbox 697 769 885 807; x_wconf 86' lang='lat' dir='ltr'>referamus.</span> <span class='ocrx_word' id='word_1_162' title='bbox 899 773 949 807; x_wconf 89' lang='lat' dir='ltr'>Sit</span> <span class='ocrx_word' id='word_1_163' title='bbox 962 771 1062 820; x_wconf 87' lang='lat' dir='ltr'>igitur</span> 
     </span>
    </p>
   </div>
   <div class='ocr_carea' id='block_1_2' title="bbox 573 868 870 915">
    <p class='ocr_par' dir='ltr' id='par_1_4' title="bbox 573 868 870 915">
     <span class='ocr_line' id='line_1_16' title="bbox 573 868 870 915; baseline 0.01 -14"><span class='ocrx_word' id='word_1_164' title='bbox 573 869 684 902; x_wconf 75' lang='lat' dir='ltr'>Prima</span> <span class='ocrx_word' id='word_1_165' title='bbox 698 868 870 915; x_wconf 55' lang='lat' dir='ltr'>Cmchsto.</span> 
     </span>
    </p>
   </div>
   <div class='ocr_carea' id='block_1_3' title="bbox 23 960 1421 2334">
    <p class='ocr_par' dir='ltr' id='par_1_5' title="bbox 62 960 749 1001">
     <span class='ocr_line' id='line_1_17' title="bbox 62 960 749 1001; baseline 0.004 -4"><span class='ocrx_word' id='word_1_166' title='bbox 62 961 233 998; x_wconf 77' lang='lat' dir='ltr'>Violentia</span> <span class='ocrx_word' id='word_1_167' title='bbox 255 960 344 997; x_wconf 89' lang='lat' dir='ltr'>tollit</span> <span class='ocrx_word' id='word_1_168' title='bbox 362 964 500 1000; x_wconf 86' lang='lat' dir='ltr'>omnino</span> <span class='ocrx_word' id='word_1_169' title='bbox 518 964 749 1001; x_wconf 85' lang='lat' dir='ltr'>voluntarium.</span> 
     </span>
    </p>

    <p class='ocr_par' dir='ltr' id='par_1_6' title="bbox 54 1009 1421 1060">
     <span class='ocr_line' id='line_1_18' title="bbox 54 1009 1421 1060; baseline 0.001 -17"><span class='ocrx_word' id='word_1_170' title='bbox 54 1010 153 1048; x_wconf 81' lang='lat' dir='ltr'><em>Proh.</em></span> <span class='ocrx_word' id='word_1_171' title='bbox 169 1011 311 1045; x_wconf 85' lang='lat' dir='ltr'>concl.1d</span> <span class='ocrx_word' id='word_1_172' title='bbox 323 1013 413 1058; x_wconf 85' lang='lat' dir='ltr'>quod</span> <span class='ocrx_word' id='word_1_173' title='bbox 427 1013 562 1047; x_wconf 84' lang='lat' dir='ltr'>facimus</span> <span class='ocrx_word' id='word_1_174' title='bbox 581 1016 676 1048; x_wconf 89' lang='lat' dir='ltr'>inviti</span> <span class='ocrx_word' id='word_1_175' title='bbox 701 1019 735 1049; x_wconf 87' lang='lat'>&amp;</span> <span class='ocrx_word' id='word_1_176' title='bbox 755 1021 873 1060; x_wconf 84' lang='lat' dir='ltr'>praerer</span> <span class='ocrx_word' id='word_1_177' title='bbox 887 1010 1136 1048; x_wconf 86' lang='lat' dir='ltr'>inclinationem</span> <span class='ocrx_word' id='word_1_178' title='bbox 1160 1009 1338 1046; x_wconf 85' lang='lat' dir='ltr'>voluntatis</span> <span class='ocrx_word' id='word_1_179' title='bbox 1352 1040 1362 1056; x_wconf 94' lang='lat'>,</span> <span class='ocrx_word' id='word_1_180' title='bbox 1386 1011 1421 1046; x_wconf 86' lang='lat' dir='ltr'>id</span> 
     </span>
    </p>

    <p class='ocr_par' dir='ltr' id='par_1_7' title="bbox 23 1058 1417 1242">
     <span class='ocr_line' id='line_1_19' title="bbox 49 1058 1417 1109; baseline 0.001 -16"><span class='ocrx_word' id='word_1_181' title='bbox 49 1061 153 1095; x_wconf 78' lang='lat' dir='ltr'>enitus</span> <span class='ocrx_word' id='word_1_182' title='bbox 167 1060 211 1094; x_wconf 87' lang='lat' dir='ltr'>est</span> <span class='ocrx_word' id='word_1_183' title='bbox 223 1058 496 1105; x_wconf 88' lang='lat' dir='ltr'>involuntarium,</span> <span class='ocrx_word' id='word_1_184' title='bbox 507 1072 605 1109; x_wconf 85' lang='lat' dir='ltr'>atque</span> <span class='ocrx_word' id='word_1_185' title='bbox 617 1072 652 1096; x_wconf 87' lang='lat' dir='ltr'>ut</span> <span class='ocrx_word' id='word_1_186' title='bbox 670 1062 780 1095; x_wconf 85' lang='lat' dir='ltr'>Graeci</span> <span class='ocrx_word' id='word_1_187' title='bbox 791 1060 989 1107; x_wconf 87' lang='lat' dir='ltr'>loquuntur,</span> <span class='ocrx_word' id='word_1_188' title='bbox 999 1059 1131 1097; x_wconf 53' lang='lat' dir='ltr'>a&#39;m‘m„</span> <span class='ocrx_word' id='word_1_189' title='bbox 1144 1059 1232 1093; x_wconf 87' lang='lat' dir='ltr'>deest</span> <span class='ocrx_word' id='word_1_190' title='bbox 1244 1063 1331 1095; x_wconf 88' lang='lat' dir='ltr'>enim</span> <span class='ocrx_word' id='word_1_191' title='bbox 1352 1071 1417 1095; x_wconf 88' lang='lat' dir='ltr'>vox</span> 
     </span>
     <span class='ocr_line' id='line_1_20' title="bbox 23 1069 1415 1157; baseline -0.002 -15"><span class='ocrx_word' id='word_1_192' title='bbox 23 1069 145 1144; x_wconf 55' lang='lat' dir='ltr'>{atina</span> <span class='ocrx_word' id='word_1_193' title='bbox 158 1121 167 1144; x_wconf 89' lang='lat'><strong>:</strong></span> <span class='ocrx_word' id='word_1_194' title='bbox 179 1107 233 1143; x_wconf 92' lang='lat' dir='ltr'>sed</span> <span class='ocrx_word' id='word_1_195' title='bbox 250 1107 341 1155; x_wconf 89' lang='lat' dir='ltr'>quod</span> <span class='ocrx_word' id='word_1_196' title='bbox 358 1111 392 1144; x_wconf 83' lang='lat' dir='ltr'>vi</span> <span class='ocrx_word' id='word_1_197' title='bbox 411 1108 584 1155; x_wconf 87' lang='lat' dir='ltr'>efficimus,</span> <span class='ocrx_word' id='word_1_198' title='bbox 604 1110 639 1145; x_wconf 89' lang='lat' dir='ltr'>id</span> <span class='ocrx_word' id='word_1_199' title='bbox 665 1110 760 1145; x_wconf 90' lang='lat' dir='ltr'>inviti</span> <span class='ocrx_word' id='word_1_200' title='bbox 780 1111 903 1157; x_wconf 83' lang='lat' dir='ltr'>agimus</span> <span class='ocrx_word' id='word_1_201' title='bbox 931 1124 942 1152; x_wconf 89' lang='lat'>·,</span> <span class='ocrx_word' id='word_1_202' title='bbox 965 1120 1004 1142; x_wconf 84' lang='lat' dir='ltr'>ac</span> <span class='ocrx_word' id='word_1_203' title='bbox 1027 1118 1136 1143; x_wconf 88' lang='lat' dir='ltr'>motus</span> <span class='ocrx_word' id='word_1_204' title='bbox 1158 1106 1214 1142; x_wconf 86' lang='lat' dir='ltr'>ille</span> <span class='ocrx_word' id='word_1_205' title='bbox 1234 1109 1277 1142; x_wconf 91' lang='lat' dir='ltr'>est</span> <span class='ocrx_word' id='word_1_206' title='bbox 1291 1108 1313 1143; x_wconf 70' lang='lat' dir='ltr'>a</span> <span class='ocrx_word' id='word_1_207' title='bbox 1326 1111 1415 1156; x_wconf 88' lang='lat' dir='ltr'>prin-</span> 
     </span>
     <span class='ocr_line' id='line_1_21' title="bbox 23 1154 1417 1206; baseline 0 -16"><span class='ocrx_word' id='word_1_208' title='bbox 23 1157 114 1205; x_wconf 85' lang='lat' dir='ltr'>cipio</span> <span class='ocrx_word' id='word_1_209' title='bbox 127 1154 300 1193; x_wconf 83' lang='lat' dir='ltr'>extrinseco</span> <span class='ocrx_word' id='word_1_210' title='bbox 314 1183 325 1202; x_wconf 89' lang='lat'>‚</span> <span class='ocrx_word' id='word_1_211' title='bbox 351 1163 387 1196; x_wconf 89' lang='lat'>&amp;</span> <span class='ocrx_word' id='word_1_212' title='bbox 409 1161 571 1196; x_wconf 86' lang='lat' dir='ltr'>renitente</span> <span class='ocrx_word' id='word_1_213' title='bbox 592 1158 631 1196; x_wconf 85' lang='lat' dir='ltr'>fit</span> <span class='ocrx_word' id='word_1_214' title='bbox 649 1157 820 1195; x_wconf 78' lang='lat' dir='ltr'>voluntate</span> <span class='ocrx_word' id='word_1_215' title='bbox 838 1172 848 1194; x_wconf 78' lang='lat' dir='ltr'><em>z</em></span> <span class='ocrx_word' id='word_1_216' title='bbox 871 1169 950 1206; x_wconf 88' lang='lat' dir='ltr'>ergo</span> <span class='ocrx_word' id='word_1_217' title='bbox 965 1157 998 1191; x_wconf 92' lang='lat' dir='ltr'>id</span> <span class='ocrx_word' id='word_1_218' title='bbox 1009 1156 1101 1193; x_wconf 90' lang='lat' dir='ltr'>nullo</span> <span class='ocrx_word' id='word_1_219' title='bbox 1118 1156 1220 1191; x_wconf 89' lang='lat' dir='ltr'>modo</span> <span class='ocrx_word' id='word_1_220' title='bbox 1236 1156 1282 1192; x_wconf 87' lang='lat' dir='ltr'>cst</span> <span class='ocrx_word' id='word_1_221' title='bbox 1296 1157 1417 1194; x_wconf 85' lang='lat' dir='ltr'>volun.</span> 
     </span>
     <span class='ocr_line' id='line_1_22' title="bbox 26 1215 155 1242; baseline -0.008 -1"><span class='ocrx_word' id='word_1_222' title='bbox 26 1215 155 1242; x_wconf 82' lang='lat' dir='ltr'>tarium.</span> 
     </span>
    </p>

    <p class='ocr_par' dir='ltr' id='par_1_8' title="bbox 23 1252 1420 1549">
     <span class='ocr_line' id='line_1_23' title="bbox 66 1252 1419 1304; baseline -0.002 -13"><span class='ocrx_word' id='word_1_223' title='bbox 66 1255 153 1292; x_wconf 89' lang='lat' dir='ltr'>Cum</span> <span class='ocrx_word' id='word_1_224' title='bbox 165 1267 273 1294; x_wconf 89' lang='lat' dir='ltr'>autern</span> <span class='ocrx_word' id='word_1_225' title='bbox 283 1259 332 1294; x_wconf 89' lang='lat' dir='ltr'>vis</span> <span class='ocrx_word' id='word_1_226' title='bbox 345 1266 413 1304; x_wconf 82' lang='lat' dir='ltr'>quae</span> <span class='ocrx_word' id='word_1_227' title='bbox 432 1256 528 1294; x_wconf 90' lang='lat' dir='ltr'>nobis</span> <span class='ocrx_word' id='word_1_228' title='bbox 543 1255 698 1301; x_wconf 87' lang='lat' dir='ltr'>infertur,</span> <span class='ocrx_word' id='word_1_229' title='bbox 717 1266 773 1292; x_wconf 89' lang='lat' dir='ltr'>aut</span> <span class='ocrx_word' id='word_1_230' title='bbox 786 1252 920 1304; x_wconf 81' lang='lat' dir='ltr'>Phyfica</span> <span class='ocrx_word' id='word_1_231' title='bbox 940 1252 978 1290; x_wconf 86' lang='lat' dir='ltr'>fit</span> <span class='ocrx_word' id='word_1_232' title='bbox 994 1259 1028 1292; x_wconf 77' lang='grc' dir='ltr'>δε</span> <span class='ocrx_word' id='word_1_233' title='bbox 1039 1265 1172 1304; x_wconf 84' lang='lat' dir='ltr'>cogens,</span> <span class='ocrx_word' id='word_1_234' title='bbox 1185 1265 1242 1290; x_wconf 93' lang='lat' dir='ltr'>aut</span> <span class='ocrx_word' id='word_1_235' title='bbox 1260 1253 1419 1298; x_wconf 67' lang='lat' dir='ltr'>Morali55</span> 
     </span>
     <span class='ocr_line' id='line_1_24' title="bbox 25 1302 1420 1354; baseline 0 -14"><span class='ocrx_word' id='word_1_236' title='bbox 25 1302 82 1340; x_wconf 88' lang='lat' dir='ltr'>illa</span> <span class='ocrx_word' id='word_1_237' title='bbox 101 1306 136 1341; x_wconf 89' lang='lat' dir='ltr'>in</span> <span class='ocrx_word' id='word_1_238' title='bbox 154 1306 279 1344; x_wconf 71' lang='lat' dir='ltr'>afflbus</span> <span class='ocrx_word' id='word_1_239' title='bbox 292 1306 408 1343; x_wconf 88' lang='lat' dir='ltr'>elicitis</span> <span class='ocrx_word' id='word_1_240' title='bbox 421 1335 431 1351; x_wconf 90' lang='lat'><strong>,</strong></span> <span class='ocrx_word' id='word_1_241' title='bbox 451 1309 507 1354; x_wconf 90' lang='lat' dir='ltr'>qui</span> <span class='ocrx_word' id='word_1_242' title='bbox 523 1305 643 1342; x_wconf 90' lang='lat' dir='ltr'>scilicet</span> <span class='ocrx_word' id='word_1_243' title='bbox 662 1307 681 1341; x_wconf 75' lang='grc' dir='ltr'>ὲ</span> <span class='ocrx_word' id='word_1_244' title='bbox 704 1305 878 1342; x_wconf 84' lang='lat' dir='ltr'>voluntate</span> <span class='ocrx_word' id='word_1_245' title='bbox 901 1306 1050 1347; x_wconf 88' lang='lat' dir='ltr'>proxime</span> <span class='ocrx_word' id='word_1_246' title='bbox 1064 1309 1100 1341; x_wconf 72' lang='grc' dir='ltr'>ὃς</span> <span class='ocrx_word' id='word_1_247' title='bbox 1116 1305 1307 1340; x_wconf 82' lang='lat' dir='ltr'>immediate</span> <span class='ocrx_word' id='word_1_248' title='bbox 1341 1303 1420 1340; x_wconf 84' lang='lat' dir='ltr'>rofi-</span> 
     </span>
     <span class='ocr_line' id='line_1_25' title="bbox 23 1318 1420 1402; baseline -0.001 -12"><span class='ocrx_word' id='word_1_249' title='bbox 23 1351 184 1391; x_wconf 87' lang='lat' dir='ltr'>ciscuntur</span> <span class='ocrx_word' id='word_1_250' title='bbox 197 1385 207 1401; x_wconf 90' lang='lat'>,</span> <span class='ocrx_word' id='word_1_251' title='bbox 231 1356 340 1392; x_wconf 87' lang='lat' dir='ltr'>locum</span> <span class='ocrx_word' id='word_1_252' title='bbox 356 1368 425 1392; x_wconf 90' lang='lat' dir='ltr'>non</span> <span class='ocrx_word' id='word_1_253' title='bbox 437 1355 539 1391; x_wconf 88' lang='lat' dir='ltr'>habet</span> <span class='ocrx_word' id='word_1_254' title='bbox 557 1369 566 1390; x_wconf 75' lang='lat' dir='ltr'>t</span> <span class='ocrx_word' id='word_1_255' title='bbox 584 1367 693 1402; x_wconf 88' lang='lat' dir='ltr'>neque</span> <span class='ocrx_word' id='word_1_256' title='bbox 703 1357 792 1391; x_wconf 89' lang='lat' dir='ltr'>enim</span> <span class='ocrx_word' id='word_1_257' title='bbox 807 1354 959 1391; x_wconf 86' lang='lat' dir='ltr'>voluntas</span> <span class='ocrx_word' id='word_1_258' title='bbox 976 1355 1050 1402; x_wconf 87' lang='lat' dir='ltr'>cogi</span> <span class='ocrx_word' id='word_1_259' title='bbox 1061 1353 1170 1402; x_wconf 87' lang='lat' dir='ltr'>potest</span> <span class='ocrx_word' id='word_1_260' title='bbox 1180 1383 1192 1398; x_wconf 94' lang='lat'>,</span> <span class='ocrx_word' id='word_1_261' title='bbox 1204 1366 1259 1389; x_wconf 84' lang='lat' dir='ltr'>aut</span> <span class='ocrx_word' id='word_1_262' title='bbox 1271 1318 1358 1389; x_wconf 68' lang='lat' dir='ltr'>velle</span> <span class='ocrx_word' id='word_1_263' title='bbox 1369 1354 1420 1388; x_wconf 90' lang='lat' dir='ltr'>in-</span> 
     </span>
     <span class='ocr_line' id='line_1_26' title="bbox 23 1402 1420 1452; baseline -0.001 -14"><span class='ocrx_word' id='word_1_264' title='bbox 23 1404 105 1438; x_wconf 86' lang='lat' dir='ltr'>vita.</span> <span class='ocrx_word' id='word_1_265' title='bbox 113 1405 177 1439; x_wconf 90' lang='lat' dir='ltr'>Sed</span> <span class='ocrx_word' id='word_1_266' title='bbox 192 1407 282 1441; x_wconf 74' lang='lat' dir='ltr'>aCtus</span> <span class='ocrx_word' id='word_1_267' title='bbox 293 1404 463 1441; x_wconf 88' lang='lat' dir='ltr'>extrinseci</span> <span class='ocrx_word' id='word_1_268' title='bbox 477 1432 487 1448; x_wconf 90' lang='lat'>‚</span> <span class='ocrx_word' id='word_1_269' title='bbox 499 1407 621 1452; x_wconf 89' lang='lat' dir='ltr'>quique</span> <span class='ocrx_word' id='word_1_270' title='bbox 638 1406 787 1452; x_wconf 86' lang='lat' dir='ltr'>imperati</span> <span class='ocrx_word' id='word_1_271' title='bbox 799 1404 965 1446; x_wconf 76' lang='lat' dir='ltr'>dicuntur,</span> <span class='ocrx_word' id='word_1_272' title='bbox 981 1416 1049 1438; x_wconf 86' lang='lat' dir='ltr'>non</span> <span class='ocrx_word' id='word_1_273' title='bbox 1065 1402 1180 1447; x_wconf 89' lang='lat' dir='ltr'>eliciti,</span> <span class='ocrx_word' id='word_1_274' title='bbox 1187 1406 1327 1438; x_wconf 88' lang='lat' dir='ltr'>omnino</span> <span class='ocrx_word' id='word_1_275' title='bbox 1344 1403 1420 1450; x_wconf 85' lang='lat' dir='ltr'>cogi</span> 
     </span>
     <span class='ocr_line' id='line_1_27' title="bbox 24 1449 1419 1502; baseline 0.001 -16"><span class='ocrx_word' id='word_1_276' title='bbox 24 1449 163 1499; x_wconf 76' lang='lat' dir='ltr'>possunt.</span> <span class='ocrx_word' id='word_1_277' title='bbox 187 1456 241 1488; x_wconf 90' lang='lat' dir='ltr'>Sic</span> <span class='ocrx_word' id='word_1_278' title='bbox 253 1465 391 1488; x_wconf 88' lang='lat' dir='ltr'>terrores</span> <span class='ocrx_word' id='word_1_279' title='bbox 409 1458 443 1490; x_wconf 72' lang='grc' dir='ltr'>ὃς</span> <span class='ocrx_word' id='word_1_280' title='bbox 455 1452 609 1502; x_wconf 84' lang='lat' dir='ltr'>supplicia</span> <span class='ocrx_word' id='word_1_281' title='bbox 619 1455 686 1488; x_wconf 90' lang='lat' dir='ltr'>vim</span> <span class='ocrx_word' id='word_1_282' title='bbox 698 1451 856 1487; x_wconf 87' lang='lat' dir='ltr'>moralem</span> <span class='ocrx_word' id='word_1_283' title='bbox 865 1457 900 1488; x_wconf 87' lang='lat'>&amp;</span> <span class='ocrx_word' id='word_1_284' title='bbox 911 1450 1114 1498; x_wconf 74' lang='lat' dir='ltr'>impulsivam</span> <span class='ocrx_word' id='word_1_285' title='bbox 1126 1478 1139 1495; x_wconf 94' lang='lat'>,</span> <span class='ocrx_word' id='word_1_286' title='bbox 1155 1464 1225 1487; x_wconf 91' lang='lat' dir='ltr'>non</span> <span class='ocrx_word' id='word_1_287' title='bbox 1237 1451 1419 1487; x_wconf 83' lang='lat' dir='ltr'>absolutam</span> 
     </span>
     <span class='ocr_line' id='line_1_28' title="bbox 24 1500 435 1549; baseline -0.002 -15"><span class='ocrx_word' id='word_1_288' title='bbox 24 1501 227 1549; x_wconf 87' lang='lat' dir='ltr'>Martyribus</span> <span class='ocrx_word' id='word_1_289' title='bbox 245 1500 435 1537; x_wconf 81' lang='lat' dir='ltr'>afferebant.</span> 
     </span>
    </p>

    <p class='ocr_par' dir='ltr' id='par_1_9' title="bbox 23 1545 1420 1991">
     <span class='ocr_line' id='line_1_29' title="bbox 60 1545 1420 1596; baseline -0.002 -12"><span class='ocrx_word' id='word_1_290' title='bbox 60 1549 147 1584; x_wconf 90' lang='lat' dir='ltr'>Cum</span> <span class='ocrx_word' id='word_1_291' title='bbox 164 1562 276 1586; x_wconf 83' lang='lat' dir='ltr'>autem</span> <span class='ocrx_word' id='word_1_292' title='bbox 289 1552 357 1586; x_wconf 90' lang='lat' dir='ltr'>vim</span> <span class='ocrx_word' id='word_1_293' title='bbox 374 1550 486 1585; x_wconf 83' lang='lat' dir='ltr'>inferri</span> <span class='ocrx_word' id='word_1_294' title='bbox 497 1548 585 1596; x_wconf 87' lang='lat' dir='ltr'>posse</span> <span class='ocrx_word' id='word_1_295' title='bbox 599 1547 732 1583; x_wconf 88' lang='lat' dir='ltr'>dicimus</span> <span class='ocrx_word' id='word_1_296' title='bbox 743 1546 871 1584; x_wconf 64' lang='lat' dir='ltr'>actibus</span> <span class='ocrx_word' id='word_1_297' title='bbox 895 1549 1082 1596; x_wconf 85' lang='lat' dir='ltr'>imperatis,</span> <span class='ocrx_word' id='word_1_298' title='bbox 1111 1546 1150 1582; x_wconf 85' lang='lat' dir='ltr'>fic</span> <span class='ocrx_word' id='word_1_299' title='bbox 1166 1545 1420 1594; x_wconf 82' lang='lat' dir='ltr'>intelligendum</span> 
     </span>
     <span class='ocr_line' id='line_1_30' title="bbox 23 1596 1420 1646; baseline -0.003 -13"><span class='ocrx_word' id='word_1_300' title='bbox 23 1597 73 1633; x_wconf 90' lang='lat' dir='ltr'>est</span> <span class='ocrx_word' id='word_1_301' title='bbox 85 1626 95 1641; x_wconf 92' lang='lat'>‚</span> <span class='ocrx_word' id='word_1_302' title='bbox 111 1609 148 1632; x_wconf 91' lang='lat' dir='ltr'>ut</span> <span class='ocrx_word' id='word_1_303' title='bbox 164 1601 253 1635; x_wconf 64' lang='lat' dir='ltr'>aetus</span> <span class='ocrx_word' id='word_1_304' title='bbox 269 1601 324 1646; x_wconf 91' lang='lat' dir='ltr'>qui</span> <span class='ocrx_word' id='word_1_305' title='bbox 343 1598 446 1634; x_wconf 88' lang='lat' dir='ltr'>solent</span> <span class='ocrx_word' id='word_1_306' title='bbox 465 1599 615 1646; x_wconf 88' lang='lat' dir='ltr'>imperari</span> <span class='ocrx_word' id='word_1_307' title='bbox 627 1597 648 1633; x_wconf 72' lang='grc' dir='ltr'>ἐι</span> <span class='ocrx_word' id='word_1_308' title='bbox 663 1596 850 1640; x_wconf 84' lang='lat' dir='ltr'>voluntate,</span> <span class='ocrx_word' id='word_1_309' title='bbox 865 1601 952 1645; x_wconf 89' lang='lat' dir='ltr'>cujus</span> <span class='ocrx_word' id='word_1_310' title='bbox 974 1598 1099 1644; x_wconf 89' lang='lat' dir='ltr'>generis</span> <span class='ocrx_word' id='word_1_311' title='bbox 1116 1596 1187 1632; x_wconf 88' lang='lat' dir='ltr'>sunt</span> <span class='ocrx_word' id='word_1_312' title='bbox 1204 1599 1345 1631; x_wconf 88' lang='lat' dir='ltr'>maxime</span> <span class='ocrx_word' id='word_1_313' title='bbox 1364 1607 1420 1630; x_wconf 85' lang='lat' dir='ltr'>ex·</span> 
     </span>
     <span class='ocr_line' id='line_1_31' title="bbox 25 1643 1418 1696; baseline -0.001 -14"><span class='ocrx_word' id='word_1_314' title='bbox 25 1649 180 1691; x_wconf 87' lang='lat' dir='ltr'>teriores‚</span> <span class='ocrx_word' id='word_1_315' title='bbox 201 1649 275 1696; x_wconf 86' lang='lat' dir='ltr'>cogi</span> <span class='ocrx_word' id='word_1_316' title='bbox 293 1646 410 1695; x_wconf 80' lang='lat' dir='ltr'>possint</span> <span class='ocrx_word' id='word_1_317' title='bbox 424 1661 432 1683; x_wconf 91' lang='lat'>:</span> <span class='ocrx_word' id='word_1_318' title='bbox 454 1657 489 1682; x_wconf 90' lang='lat' dir='ltr'>ut</span> <span class='ocrx_word' id='word_1_319' title='bbox 503 1659 577 1681; x_wconf 91' lang='lat' dir='ltr'>cum</span> <span class='ocrx_word' id='word_1_320' title='bbox 587 1649 657 1694; x_wconf 89' lang='lat' dir='ltr'>quis</span> <span class='ocrx_word' id='word_1_321' title='bbox 674 1648 708 1681; x_wconf 89' lang='lat' dir='ltr'>in</span> <span class='ocrx_word' id='word_1_322' title='bbox 725 1658 888 1681; x_wconf 84' lang='lat' dir='ltr'>carcerem</span> <span class='ocrx_word' id='word_1_323' title='bbox 907 1645 1040 1681; x_wconf 87' lang='lat' dir='ltr'>truditur</span> <span class='ocrx_word' id='word_1_324' title='bbox 1054 1659 1064 1681; x_wconf 70' lang='grc' dir='ltr'>ε</span> <span class='ocrx_word' id='word_1_325' title='bbox 1087 1644 1141 1680; x_wconf 89' lang='lat' dir='ltr'>sed</span> <span class='ocrx_word' id='word_1_326' title='bbox 1167 1657 1235 1680; x_wconf 81' lang='lat' dir='ltr'>tun-1</span> <span class='ocrx_word' id='word_1_327' title='bbox 1249 1646 1384 1679; x_wconf 90' lang='lat' dir='ltr'>minime</span> <span class='ocrx_word' id='word_1_328' title='bbox 1396 1643 1418 1680; x_wconf 69' lang='grc' dir='ltr'>ὲ</span> 
     </span>
     <span class='ocr_line' id='line_1_32' title="bbox 23 1693 1417 1745; baseline -0.004 -13"><span class='ocrx_word' id='word_1_329' title='bbox 23 1694 198 1732; x_wconf 87' lang='lat' dir='ltr'>voluntate</span> <span class='ocrx_word' id='word_1_330' title='bbox 219 1698 434 1745; x_wconf 85' lang='lat' dir='ltr'>imperantur,</span> <span class='ocrx_word' id='word_1_331' title='bbox 459 1693 536 1730; x_wconf 72' lang='lat' dir='ltr'>cum</span> <span class='ocrx_word' id='word_1_332' title='bbox 559 1697 662 1730; x_wconf 86' lang='lat' dir='ltr'>invita</span> <span class='ocrx_word' id='word_1_333' title='bbox 675 1699 743 1744; x_wconf 84' lang='lat' dir='ltr'>ejus</span> <span class='ocrx_word' id='word_1_334' title='bbox 760 1697 818 1742; x_wconf 88' lang='lat' dir='ltr'>qui</span> <span class='ocrx_word' id='word_1_335' title='bbox 835 1697 903 1743; x_wconf 86' lang='lat' dir='ltr'>agit</span> <span class='ocrx_word' id='word_1_336' title='bbox 914 1693 1085 1729; x_wconf 84' lang='lat' dir='ltr'>voluntate</span> <span class='ocrx_word' id='word_1_337' title='bbox 1105 1693 1195 1730; x_wconf 88' lang='lat' dir='ltr'>fiant.</span> <span class='ocrx_word' id='word_1_338' title='bbox 1222 1693 1326 1743; x_wconf 81' lang='lat' dir='ltr'>Qd</span> <span class='ocrx_word' id='word_1_339' title='bbox 1343 1695 1417 1741; x_wconf 87' lang='lat' dir='ltr'>qui-</span> 
     </span>
     <span class='ocr_line' id='line_1_33' title="bbox 24 1741 1414 1791; baseline -0.003 -12"><span class='ocrx_word' id='word_1_340' title='bbox 24 1744 103 1780; x_wconf 87' lang='lat' dir='ltr'>dem</span> <span class='ocrx_word' id='word_1_341' title='bbox 113 1757 304 1781; x_wconf 83' lang='lat' dir='ltr'>annotamus</span> <span class='ocrx_word' id='word_1_342' title='bbox 313 1774 324 1789; x_wconf 90' lang='lat'>,</span> <span class='ocrx_word' id='word_1_343' title='bbox 341 1756 378 1780; x_wconf 87' lang='lat' dir='ltr'>ut</span> <span class='ocrx_word' id='word_1_344' title='bbox 385 1743 518 1779; x_wconf 87' lang='lat' dir='ltr'>cavillos</span> <span class='ocrx_word' id='word_1_345' title='bbox 532 1746 589 1791; x_wconf 89' lang='lat' dir='ltr'>qui</span> <span class='ocrx_word' id='word_1_346' title='bbox 605 1756 718 1780; x_wconf 82' lang='lat' dir='ltr'>contra</span> <span class='ocrx_word' id='word_1_347' title='bbox 732 1756 803 1779; x_wconf 89' lang='lat' dir='ltr'>rem</span> <span class='ocrx_word' id='word_1_348' title='bbox 816 1744 901 1779; x_wconf 88' lang='lat' dir='ltr'>adeo</span> <span class='ocrx_word' id='word_1_349' title='bbox 912 1741 1119 1779; x_wconf 84' lang='lat' dir='ltr'>manifestam</span> <span class='ocrx_word' id='word_1_350' title='bbox 1131 1741 1201 1777; x_wconf 85' lang='lat' dir='ltr'>fieri</span> <span class='ocrx_word' id='word_1_351' title='bbox 1213 1745 1350 1790; x_wconf 81' lang='lat' dir='ltr'>poss&#39;ent,</span> <span class='ocrx_word' id='word_1_352' title='bbox 1364 1741 1414 1777; x_wconf 76' lang='lat' dir='ltr'>ef-</span> 
     </span>
     <span class='ocr_line' id='line_1_34' title="bbox 24 1791 1416 1841; baseline -0.004 -12"><span class='ocrx_word' id='word_1_353' title='bbox 24 1793 59 1829; x_wconf 84' lang='lat' dir='ltr'>fu</span> <span class='ocrx_word' id='word_1_354' title='bbox 86 1795 198 1831; x_wconf 82' lang='lat' dir='ltr'>iamus.</span> <span class='ocrx_word' id='word_1_355' title='bbox 218 1797 317 1830; x_wconf 71' lang='lat' dir='ltr'>Actus</span> <span class='ocrx_word' id='word_1_356' title='bbox 330 1797 444 1841; x_wconf 86' lang='lat' dir='ltr'>itaque</span> <span class='ocrx_word' id='word_1_357' title='bbox 460 1794 610 1841; x_wconf 87' lang='lat' dir='ltr'>imperati</span> <span class='ocrx_word' id='word_1_358' title='bbox 632 1792 865 1835; x_wconf 84' lang='lat' dir='ltr'>materialiter,</span> <span class='ocrx_word' id='word_1_359' title='bbox 896 1804 930 1828; x_wconf 89' lang='lat' dir='ltr'>ut</span> <span class='ocrx_word' id='word_1_360' title='bbox 952 1791 1147 1839; x_wconf 82' lang='lat' dir='ltr'>loquuntur,</span> <span class='ocrx_word' id='word_1_361' title='bbox 1178 1791 1242 1826; x_wconf 84' lang='lat' dir='ltr'>hoc</span> <span class='ocrx_word' id='word_1_362' title='bbox 1260 1792 1305 1826; x_wconf 89' lang='lat' dir='ltr'>est</span> <span class='ocrx_word' id='word_1_363' title='bbox 1319 1819 1329 1834; x_wconf 88' lang='lat'><em>‚</em></span> <span class='ocrx_word' id='word_1_364' title='bbox 1359 1791 1416 1838; x_wconf 84' lang='lat' dir='ltr'>qui</span> 
     </span>
     <span class='ocr_line' id='line_1_35' title="bbox 23 1839 1414 1892; baseline -0.003 -14"><span class='ocrx_word' id='word_1_365' title='bbox 23 1841 58 1878; x_wconf 86' lang='lat' dir='ltr'>so</span> <span class='ocrx_word' id='word_1_366' title='bbox 72 1854 127 1878; x_wconf 88' lang='lat' dir='ltr'>ent</span> <span class='ocrx_word' id='word_1_367' title='bbox 149 1845 301 1892; x_wconf 84' lang='lat' dir='ltr'>imperari</span> <span class='ocrx_word' id='word_1_368' title='bbox 319 1872 329 1886; x_wconf 89' lang='lat'>,</span> <span class='ocrx_word' id='word_1_369' title='bbox 361 1845 430 1877; x_wconf 85' lang='lat' dir='ltr'>vim</span> <span class='ocrx_word' id='word_1_370' title='bbox 459 1844 526 1890; x_wconf 86' lang='lat' dir='ltr'>pati</span> <span class='ocrx_word' id='word_1_371' title='bbox 555 1841 704 1890; x_wconf 79' lang='lat' dir='ltr'>possunt·²</span> <span class='ocrx_word' id='word_1_372' title='bbox 734 1854 801 1877; x_wconf 90' lang='lat' dir='ltr'>non</span> <span class='ocrx_word' id='word_1_373' title='bbox 822 1839 893 1877; x_wconf 90' lang='lat' dir='ltr'>sunt</span> <span class='ocrx_word' id='word_1_374' title='bbox 908 1843 1060 1890; x_wconf 86' lang='lat' dir='ltr'>imperati</span> <span class='ocrx_word' id='word_1_375' title='bbox 1074 1839 1259 1876; x_wconf 87' lang='lat' dir='ltr'>formaliter</span> <span class='ocrx_word' id='word_1_376' title='bbox 1278 1839 1414 1888; x_wconf 88' lang='lat' dir='ltr'>sumpti:</span> 
     </span>
     <span class='ocr_line' id='line_1_36' title="bbox 24 1887 1416 1942; baseline -0.004 -14"><span class='ocrx_word' id='word_1_377' title='bbox 24 1903 130 1940; x_wconf 90' lang='lat' dir='ltr'>neque</span> <span class='ocrx_word' id='word_1_378' title='bbox 151 1895 239 1928; x_wconf 86' lang='lat' dir='ltr'>enim</span> <span class='ocrx_word' id='word_1_379' title='bbox 251 1891 402 1928; x_wconf 82' lang='lat' dir='ltr'>voluntas</span> <span class='ocrx_word' id='word_1_380' title='bbox 418 1904 474 1927; x_wconf 84' lang='lat' dir='ltr'>eos</span> <span class='ocrx_word' id='word_1_381' title='bbox 490 1892 629 1942; x_wconf 87' lang='lat' dir='ltr'>imperat</span> <span class='ocrx_word' id='word_1_382' title='bbox 639 1919 650 1934; x_wconf 90' lang='lat'>‚</span> <span class='ocrx_word' id='word_1_383' title='bbox 665 1902 798 1939; x_wconf 83' lang='lat' dir='ltr'>tumque</span> <span class='ocrx_word' id='word_1_384' title='bbox 816 1893 919 1940; x_wconf 86' lang='lat' dir='ltr'>magis</span> <span class='ocrx_word' id='word_1_385' title='bbox 939 1892 1064 1940; x_wconf 85' lang='lat' dir='ltr'>agimur</span> <span class='ocrx_word' id='word_1_386' title='bbox 1080 1919 1092 1935; x_wconf 88' lang='lat'>,</span> <span class='ocrx_word' id='word_1_387' title='bbox 1114 1900 1171 1926; x_wconf 83' lang='lat' dir='ltr'>aut</span> <span class='ocrx_word' id='word_1_388' title='bbox 1191 1887 1390 1938; x_wconf 87' lang='lat' dir='ltr'>impellimur</span> <span class='ocrx_word' id='word_1_389' title='bbox 1403 1916 1416 1933; x_wconf 83' lang='lat'><em>,</em></span> 
     </span>
     <span class='ocr_line' id='line_1_37' title="bbox 24 1940 594 1991; baseline 0.002 -15"><span class='ocrx_word' id='word_1_390' title='bbox 24 1940 125 1989; x_wconf 70' lang='lat' dir='ltr'>quam</span> <span class='ocrx_word' id='word_1_391' title='bbox 146 1954 285 1991; x_wconf 84' lang='lat' dir='ltr'>agamus.</span> <span class='ocrx_word' id='word_1_392' title='bbox 584 1973 594 1982; x_wconf 85' lang='lat'>,</span> 
     </span>
    </p>

    <p class='ocr_par' dir='ltr' id='par_1_10' title="bbox 59 1985 1416 2039">
     <span class='ocr_line' id='line_1_38' title="bbox 59 1985 1416 2039; baseline -0.001 -15"><span class='ocrx_word' id='word_1_393' title='bbox 59 1989 141 2026; x_wconf 86' lang='lat' dir='ltr'>Illud</span> <span class='ocrx_word' id='word_1_394' title='bbox 156 1992 290 2038; x_wconf 87' lang='lat' dir='ltr'>quidem</span> <span class='ocrx_word' id='word_1_395' title='bbox 299 1990 507 2026; x_wconf 84' lang='lat' dir='ltr'>concedimus</span> <span class='ocrx_word' id='word_1_396' title='bbox 523 2018 533 2034; x_wconf 89' lang='lat'><strong>,</strong></span> <span class='ocrx_word' id='word_1_397' title='bbox 552 1989 760 2027; x_wconf 80' lang='lat' dir='ltr'>voluntatem</span> <span class='ocrx_word' id='word_1_398' title='bbox 771 1990 844 2039; x_wconf 85' lang='lat' dir='ltr'>cogi</span> <span class='ocrx_word' id='word_1_399' title='bbox 857 1985 943 2038; x_wconf 80' lang='lat' dir='ltr'>poffe</span> <span class='ocrx_word' id='word_1_400' title='bbox 957 2017 967 2032; x_wconf 92' lang='lat'><em>,</em></span> <span class='ocrx_word' id='word_1_401' title='bbox 984 1999 1022 2024; x_wconf 88' lang='lat' dir='ltr'>ut</span> <span class='ocrx_word' id='word_1_402' title='bbox 1039 1989 1129 2023; x_wconf 82' lang='lat' dir='ltr'>aiunt</span> <span class='ocrx_word' id='word_1_403' title='bbox 1146 2014 1157 2032; x_wconf 85' lang='lat'>,</span> <span class='ocrx_word' id='word_1_404' title='bbox 1182 1990 1335 2037; x_wconf 88' lang='lat' dir='ltr'>negative</span> <span class='ocrx_word' id='word_1_405' title='bbox 1349 2014 1359 2030; x_wconf 88' lang='lat'><em>‚</em></span> <span class='ocrx_word' id='word_1_406' title='bbox 1381 1989 1416 2023; x_wconf 77' lang='grc'>8(</span> 
     </span>
    </p>

    <p class='ocr_par' dir='ltr' id='par_1_11' title="bbox 23 2037 1419 2334">
     <span class='ocr_line' id='line_1_39' title="bbox 48 2037 1415 2087; baseline -0.004 -14"><span class='ocrx_word' id='word_1_407' title='bbox 48 2037 192 2074; x_wconf 87' lang='lat' dir='ltr'>rohiberi</span> <span class='ocrx_word' id='word_1_408' title='bbox 201 2053 243 2076; x_wconf 87' lang='lat' dir='ltr'>ne</span> <span class='ocrx_word' id='word_1_409' title='bbox 252 2043 360 2077; x_wconf 65' lang='lat' dir='ltr'>actum</span> <span class='ocrx_word' id='word_1_410' title='bbox 369 2039 460 2075; x_wconf 88' lang='lat' dir='ltr'>suum</span> <span class='ocrx_word' id='word_1_411' title='bbox 468 2052 596 2075; x_wconf 83' lang='lat' dir='ltr'>exerat:</span> <span class='ocrx_word' id='word_1_412' title='bbox 614 2041 718 2087; x_wconf 85' lang='lat' dir='ltr'>potest</span> <span class='ocrx_word' id='word_1_413' title='bbox 735 2041 823 2075; x_wconf 81' lang='lat' dir='ltr'>enim</span> <span class='ocrx_word' id='word_1_414' title='bbox 835 2041 922 2074; x_wconf 88' lang='lat' dir='ltr'>Deus</span> <span class='ocrx_word' id='word_1_415' title='bbox 937 2038 1155 2086; x_wconf 79' lang='lat' dir='ltr'>illidenegare</span> <span class='ocrx_word' id='word_1_416' title='bbox 1171 2037 1261 2072; x_wconf 88' lang='lat' dir='ltr'>suum</span> <span class='ocrx_word' id='word_1_417' title='bbox 1281 2047 1415 2071; x_wconf 82' lang='lat' dir='ltr'>concur-</span> 
     </span>
     <span class='ocr_line' id='line_1_40' title="bbox 23 2050 1418 2138; baseline -0.002 -15"><span class='ocrx_word' id='word_1_418' title='bbox 23 2050 103 2124; x_wconf 46' lang='lat' dir='ltr'>sum.</span> <span class='ocrx_word' id='word_1_419' title='bbox 114 2089 178 2123; x_wconf 87' lang='lat' dir='ltr'>Sed</span> <span class='ocrx_word' id='word_1_420' title='bbox 195 2101 349 2138; x_wconf 86' lang='lat' dir='ltr'>negamus</span> <span class='ocrx_word' id='word_1_421' title='bbox 362 2101 435 2124; x_wconf 91' lang='lat' dir='ltr'>earn</span> <span class='ocrx_word' id='word_1_422' title='bbox 445 2087 579 2137; x_wconf 81' lang='lat' dir='ltr'>positive</span> <span class='ocrx_word' id='word_1_423' title='bbox 595 2091 669 2138; x_wconf 90' lang='lat' dir='ltr'>cogi</span> <span class='ocrx_word' id='word_1_424' title='bbox 683 2088 769 2137; x_wconf 71' lang='lat' dir='ltr'>posse</span> <span class='ocrx_word' id='word_1_425' title='bbox 783 2087 970 2136; x_wconf 84' lang='lat' dir='ltr'>simpliciter</span> <span class='ocrx_word' id='word_1_426' title='bbox 985 2116 996 2131; x_wconf 76' lang='lat'>‚</span> <span class='ocrx_word' id='word_1_427' title='bbox 1013 2098 1048 2122; x_wconf 89' lang='lat' dir='ltr'>ut</span> <span class='ocrx_word' id='word_1_428' title='bbox 1063 2087 1172 2121; x_wconf 64' lang='lat' dir='ltr'>actum</span> <span class='ocrx_word' id='word_1_429' title='bbox 1186 2086 1295 2121; x_wconf 84' lang='lat' dir='ltr'>eliciat</span> <span class='ocrx_word' id='word_1_430' title='bbox 1306 2096 1418 2120; x_wconf 77' lang='lat' dir='ltr'>contra</span> 
     </span>
     <span class='ocr_line' id='line_1_41' title="bbox 28 2134 1418 2182; baseline -0.001 -13"><span class='ocrx_word' id='word_1_431' title='bbox 28 2134 113 2172; x_wconf 81' lang='lat' dir='ltr'>suam</span> <span class='ocrx_word' id='word_1_432' title='bbox 122 2136 302 2175; x_wconf 85' lang='lat' dir='ltr'>absolutam</span> <span class='ocrx_word' id='word_1_433' title='bbox 314 2144 348 2176; x_wconf 87' lang='lat'>&amp;</span> <span class='ocrx_word' id='word_1_434' title='bbox 363 2135 527 2173; x_wconf 87' lang='lat' dir='ltr'>efficacem</span> <span class='ocrx_word' id='word_1_435' title='bbox 540 2137 799 2174; x_wconf 89' lang='lat' dir='ltr'>inclinationem.</span> <span class='ocrx_word' id='word_1_436' title='bbox 816 2137 925 2172; x_wconf 80' lang='lat' dir='ltr'>Potest</span> <span class='ocrx_word' id='word_1_437' title='bbox 951 2140 1039 2172; x_wconf 85' lang='lat' dir='ltr'>enim</span> <span class='ocrx_word' id='word_1_438' title='bbox 1057 2135 1179 2182; x_wconf 83' lang='lat' dir='ltr'>aliquid</span> <span class='ocrx_word' id='word_1_439' title='bbox 1202 2134 1287 2170; x_wconf 90' lang='lat' dir='ltr'>velle</span> <span class='ocrx_word' id='word_1_440' title='bbox 1305 2145 1418 2169; x_wconf 79' lang='lat' dir='ltr'>contra</span> 
     </span>
     <span class='ocr_line' id='line_1_42' title="bbox 31 2183 1419 2233; baseline 0.001 -16"><span class='ocrx_word' id='word_1_441' title='bbox 31 2184 274 2224; x_wconf 85' lang='lat' dir='ltr'>inclinationem</span> <span class='ocrx_word' id='word_1_442' title='bbox 286 2187 540 2223; x_wconf 83' lang='lat' dir='ltr'>conditionatam</span> <span class='ocrx_word' id='word_1_443' title='bbox 551 2185 794 2223; x_wconf 86' lang='lat' dir='ltr'>&amp;inefficacem</span> <span class='ocrx_word' id='word_1_444' title='bbox 821 2200 829 2222; x_wconf 90' lang='lat'>:</span> <span class='ocrx_word' id='word_1_445' title='bbox 857 2198 895 2222; x_wconf 88' lang='lat' dir='ltr'>ut</span> <span class='ocrx_word' id='word_1_446' title='bbox 914 2184 936 2222; x_wconf 86' lang='lat' dir='ltr'>fi</span> <span class='ocrx_word' id='word_1_447' title='bbox 951 2188 1020 2233; x_wconf 89' lang='lat' dir='ltr'>quis</span> <span class='ocrx_word' id='word_1_448' title='bbox 1038 2184 1118 2219; x_wconf 89' lang='lat' dir='ltr'>velit</span> <span class='ocrx_word' id='word_1_449' title='bbox 1132 2183 1215 2218; x_wconf 83' lang='lat' dir='ltr'>suam</span> <span class='ocrx_word' id='word_1_450' title='bbox 1230 2183 1345 2219; x_wconf 88' lang='lat' dir='ltr'>latroni</span> <span class='ocrx_word' id='word_1_451' title='bbox 1362 2196 1419 2232; x_wconf 89' lang='lat' dir='ltr'>pe-</span> 
     </span>
     <span class='ocr_line' id='line_1_43' title="bbox 30 2233 1416 2284; baseline -0.001 -18"><span class='ocrx_word' id='word_1_452' title='bbox 30 2234 155 2268; x_wconf 84' lang='lat' dir='ltr'>cuniam</span> <span class='ocrx_word' id='word_1_453' title='bbox 167 2235 242 2270; x_wconf 82' lang='lat' dir='ltr'>dare</span> <span class='ocrx_word' id='word_1_454' title='bbox 260 2253 268 2273; x_wconf 90' lang='lat'><strong>:</strong></span> <span class='ocrx_word' id='word_1_455' title='bbox 287 2248 356 2272; x_wconf 88' lang='lat' dir='ltr'>tum</span> <span class='ocrx_word' id='word_1_456' title='bbox 366 2238 457 2271; x_wconf 86' lang='lat' dir='ltr'>enirn</span> <span class='ocrx_word' id='word_1_457' title='bbox 469 2234 642 2272; x_wconf 67' lang='lat' dir='ltr'>secundum</span> <span class='ocrx_word' id='word_1_458' title='bbox 655 2237 733 2283; x_wconf 91' lang='lat' dir='ltr'>quid</span> <span class='ocrx_word' id='word_1_459' title='bbox 751 2238 876 2284; x_wconf 82' lang='lat' dir='ltr'>cogitur</span> <span class='ocrx_word' id='word_1_460' title='bbox 891 2236 1052 2270; x_wconf 80' lang='lat' dir='ltr'>voluntas.</span> <span class='ocrx_word' id='word_1_461' title='bbox 1078 2233 1142 2268; x_wconf 84' lang='lat' dir='ltr'>Sed</span> <span class='ocrx_word' id='word_1_462' title='bbox 1156 2243 1267 2268; x_wconf 87' lang='lat' dir='ltr'>contra</span> <span class='ocrx_word' id='word_1_463' title='bbox 1280 2233 1416 2268; x_wconf 81' lang='lat' dir='ltr'>inclina-</span> 
     </span>
     <span class='ocr_line' id='line_1_44' title="bbox 30 2281 1419 2334; baseline 0.002 -20"><span class='ocrx_word' id='word_1_464' title='bbox 30 2282 159 2315; x_wconf 74' lang='lat' dir='ltr'>tionem</span> <span class='ocrx_word' id='word_1_465' title='bbox 169 2283 347 2321; x_wconf 81' lang='lat' dir='ltr'>absolutam</span> <span class='ocrx_word' id='word_1_466' title='bbox 355 2284 503 2320; x_wconf 87' lang='lat' dir='ltr'>voluntas</span> <span class='ocrx_word' id='word_1_467' title='bbox 514 2287 589 2334; x_wconf 83' lang='lat' dir='ltr'>cogi</span> <span class='ocrx_word' id='word_1_468' title='bbox 604 2284 783 2334; x_wconf 79' lang='lat' dir='ltr'>simpliciter</span> <span class='ocrx_word' id='word_1_469' title='bbox 797 2286 913 2330; x_wconf 87' lang='lat' dir='ltr'>nequit</span> <span class='ocrx_word' id='word_1_470' title='bbox 927 2297 935 2318; x_wconf 72' lang='grc' dir='ltr'><strong>ι</strong></span> <span class='ocrx_word' id='word_1_471' title='bbox 955 2296 1027 2319; x_wconf 85' lang='lat' dir='ltr'>cum</span> <span class='ocrx_word' id='word_1_472' title='bbox 1038 2284 1124 2318; x_wconf 71' lang='lat' dir='ltr'>actus</span> <span class='ocrx_word' id='word_1_473' title='bbox 1143 2281 1317 2317; x_wconf 87' lang='lat' dir='ltr'>voluntatis</span> <span class='ocrx_word' id='word_1_474' title='bbox 1332 2311 1341 2325; x_wconf 97' lang='lat'>‚</span> <span class='ocrx_word' id='word_1_475' title='bbox 1359 2294 1419 2328; x_wconf 90' lang='lat' dir='ltr'>pu-</span> 
     </span>
    </p>
   </div>
   <div class='ocr_carea' id='block_1_4' title="bbox 627 2333 635 2345">
    <p class='ocr_par' dir='ltr' id='par_1_12' title="bbox 627 2333 635 2345">
     <span class='ocr_line' id='line_1_45' title="bbox 627 2333 635 2345; baseline 0 0"><span class='ocrx_word' id='word_1_476' title='bbox 627 2333 635 2345; x_wconf 59' lang='lat' dir='ltr'>N</span> 
     </span>
    </p>
   </div>
   <div class='ocr_carea' id='block_1_5' title="bbox 32 2330 1421 2383">
    <p class='ocr_par' dir='ltr' id='par_1_13' title="bbox 32 2330 1421 2383">
     <span class='ocr_line' id='line_1_46' title="bbox 32 2330 1421 2383; baseline -0.001 -14"><span class='ocrx_word' id='word_1_477' title='bbox 32 2339 65 2365; x_wconf 83' lang='lat' dir='ltr'>ta</span> <span class='ocrx_word' id='word_1_478' title='bbox 82 2333 198 2366; x_wconf 78' lang='lat' dir='ltr'>amoris</span> <span class='ocrx_word' id='word_1_479' title='bbox 210 2360 221 2376; x_wconf 90' lang='lat'>,</span> <span class='ocrx_word' id='word_1_480' title='bbox 245 2335 384 2382; x_wconf 87' lang='lat' dir='ltr'>pendeat</span> <span class='ocrx_word' id='word_1_481' title='bbox 398 2332 606 2371; x_wconf 75' lang='lat' dir='ltr'>essentialiter</span> <span class='ocrx_word' id='word_1_482' title='bbox 623 2348 644 2371; x_wconf 81' lang='lat' dir='ltr'>a</span> <span class='ocrx_word' id='word_1_483' title='bbox 659 2337 817 2383; x_wconf 87' lang='lat' dir='ltr'>principio</span> <span class='ocrx_word' id='word_1_484' title='bbox 831 2331 1003 2370; x_wconf 82' lang='lat' dir='ltr'>intrinseco</span> <span class='ocrx_word' id='word_1_485' title='bbox 1024 2337 1058 2369; x_wconf 71' lang='grc' dir='ltr'>ὗε</span> <span class='ocrx_word' id='word_1_486' title='bbox 1075 2330 1185 2375; x_wconf 86' lang='lat' dir='ltr'>vitali,</span> <span class='ocrx_word' id='word_1_487' title='bbox 1212 2343 1320 2380; x_wconf 84' lang='lat' dir='ltr'>neque</span> <span class='ocrx_word' id='word_1_488' title='bbox 1336 2331 1421 2367; x_wconf 85' lang='lat' dir='ltr'>adeo</span> 
     </span>
    </p>
   </div>
  </div>
 </body>
</html>
