1857 2745
380 144 437 174 126
864 133 896 168 T
922 131 956 166 R
980 131 1008 168 A
1033 129 1065 167 C
1087 132 1119 168 T
1141 131 1169 167 A
1191 132 1222 168 T
1245 131 1280 170 U
1306 133 1327 168 S

379 188 487 235 primo
498 181 794 225 Confeffionum‚ac
806 179 940 216 subinde
951 180 1040 216 dolet
1054 181 1143 229 quod
1154 184 1264 218 Deum
1275 179 1467 218 mirabiliter
1477 179 1654 232 (implicem
1664 191 1773 231 atque

380 232 683 270 incommutabilem
699 245 730 266 in
741 231 995 280 praedicamento
1009 229 1089 265 olim
1109 231 1296 280 reposuerit.

416 283 499 331 Opp.
514 289 564 326 4⁰·
576 282 714 327 Christus
729 282 859 329 ponitur
871 283 908 316 in
920 280 1171 330 praedicamento
1180 279 1356 318 substantiae
1367 280 1437 318 :sed
1451 280 1593 317 Christus
1604 280 1648 317 est
1661 283 1773 318 Deustt

379 343 459 379 ergo
479 333 566 366 Deus
582 333 712 379 ponitur
730 332 762 365 in
777 329 1026 378 praedicamento
1044 327 1231 367 substantiae.

426 381 514 428 Resp-
532 380 615 426 Dist.
634 385 711 423 ma).
727 380 874 414 Christus
884 381 1018 433 ponitur
1039 380 1070 413 in
1085 379 1331 426 praedicamento
1345 379 1520 415 substantiae
1537 390 1573 415 ut
1589 378 1707 422 homo,
1722 378 1771 415 C..

379 439 415 462 ut
429 431 539 471 DeuS,
558 432 603 465 N.
625 429 763 464 Christus
780 431 868 463 enim
880 429 1014 476 spectari
1024 427 1129 476 potest
1140 428 1306 476 tripliciter
1319 457 1327 471 ‚
1341 429 1392 464 vel
1420 440 1457 464 ut
1478 433 1568 466 Deus
1591 457 1601 473 ,
1632 438 1766 474 tumque

379 479 548 527 categoria
566 478 742 513 substantiae
756 477 822 513 non
836 480 1020 512 continetur
1037 493 1045 519 ς
1067 475 1118 513 vel
1139 489 1176 512 ur
1194 480 1280 515 Deus
1302 483 1335 515 δ(
1350 479 1451 513 homo
1464 507 1473 522 ‚
1487 489 1624 524 cumque
1640 489 1707 512 non
1725 474 1767 510 stt·

377 529 470 561 unius
483 539 604 562 naturae
617 557 627 572 ‚
645 540 703 562 nec
716 526 772 562 sub
794 539 828 561 ea
847 530 974 562 ratione
991 526 1032 560 ad
1060 525 1174 561 seriem
1189 525 1368 562 substantia:
1387 538 1455 561 cate
1482 530 1574 561 oricae
1601 528 1743 573 pertinet
1755 541 1772 568 3v

378 575 433 610 vel
453 575 576 624 praecise
588 589 623 613 ut
636 576 755 621 bomo5
769 588 868 624 atque
886 575 992 612 subea
1009 576 1134 611 ratione
1146 578 1177 611 in
1190 576 1443 625 praedicamento
1455 541 1630 611 ffibstantiae
1650 573 1765 610 consti-

382 634 496 662 turtur.

419 672 569 719 Instabis,
590 675 694 723 Qod
712 677 840 724 ponitur
853 678 885 711 in
900 675 1149 724 praedicamento
1161 702 1170 717 ‚
1187 687 1253 709 non
1273 674 1315 709 est
1328 672 1393 709 sola
1406 684 1530 715 natura,
1547 670 1599 706 sed
1623 669 1767 719 suppofi-

376 723 626 772 tum'ip'fitnnv.
649 739 684 773 g.
699 738 765 760 non
779 725 958 760 humanitas
972 723 1045 767 ‚sed
1066 723 1169 758 homo
1187 723 1227 757 ad
1252 726 1448 771 categoriam
1473 722 1629 770 pertinet.
1650 720 1765 755 Sedin

373 772 503 808 Christo
516 772 711 822 suppositum
731 774 786 808 eff
792 772 929 809 verbum
939 775 1108 809 divinum:
1122 782 1201 819 ergo
1212 771 1384 816 Deus,.seu
1395 770 1534 807 verbum
1551 772 1582 805 in
1599 770 1769 818 categoria.

374 820 558 857 substantiae
574 825 749 872 reponitur.

408 871 499 917 Resp.
513 871 598 916 Dist.
615 876 695 916 maj.
709 872 800 919 quod
814 874 946 920 ponitur
962 873 998 906 inv
1019 872 1183 919 categoria
1195 899 1205 913 ‚
1222 883 1291 905 non
1304 868 1347 903 est
1363 868 1429 903 sola
1446 879 1558 903 natura
1580 866 1767 915 incomple-

375 930 426 963 ta,
443 919 480 954 C.
495 920 660 968 completa
669 933 726 969 per
741 919 934 969 suppositum
945 949 953 963 ,
965 923 1130 956 N..natura
1145 919 1279 966 quidem
1290 920 1415 953 rarione
1429 916 1483 960 sui,
1495 915 1693 965 suppositum
1706 928 1766 952 ve-

373 981 410 1003 ro
427 980 463 1003 ur
477 969 756 1017 complementum
764 970 936 1004 naturaead
949 970 1148 1017 categoriam
1166 967 1274 1002 reduci
1289 966 1408 1003 solent*

416 1019 549 1062 Rurslam
561 1018 687 1062 instant.
709 1019 810 1064 Qiod
822 1021 950 1066 ponitur
964 1020 997 1053 in
1016 1018 1289 1065 praedicamento,
1302 1017 1345 1050 est
1357 1027 1523 1050 creatura:
1544 1013 1596 1049 sed
1615 1013 1762 1049 Christus

376 1078 444 1100 non
461 1066 504 1099 est
513 1069 768 1102 creatura.Nam
780 1067 872 1113 quod·
881 1078 1005 1101 creatur
1014 1094 1023 1108 ,
1032 1076 1086 1099 aut
1097 1065 1283 1112 producitur
1296 1092 1305 1106 ,
1316 1064 1359 1098 est
1369 1062 1561 1111 suppositum
1574 1077 1581 1098 ι
1595 1061 1647 1097 sed
1661 1062 1764 1096 Chri-

374 1114 409 1148 sti
426 1112 622 1161 suppositum·
632 1126 690 1149 aut
705 1113 842 1162 persona
852 1115 896 1149 est
907 1117 1051 1150 increata
1066 1127 1078 1149 ι
1091 1125 1170 1162 ergo
1179 1112 1271 1149 nullo
1284 1113 1384 1147 modo
1394 1114 1526 1161 ponitur
1549 1114 1582 1148 in
1608 1112 1762 1160 praedica-

376 1174 491 1197 mento
509 1161 699 1198 substantiae.

411 1211 498 1258 Resp.
517 1211 601 1254 Dist.
616 1211 819 1259 Maj.-quod
829 1214 961 1260 ponitur
978 1214 1011 1246 in
1020 1213 1272 1261 praedicamento
1282 1212 1324 1246 est
1342 1221 1505 1254 creatura,
1523 1212 1649 1245 ratione
1667 1220 1761 1245 natu-

372 1273 415 1295 rae
427 1289 437 1304 ,
461 1272 529 1307 quae
540 1264 670 1309 proprie
688 1262 729 1295 ad
748 1261 1034 1309 praedicamentum
1043 1262 1254 1310 pertinet,C.
1276 1261 1319 1295 est
1341 1272 1484 1295 creatura
1501 1263 1625 1294 ratione
1643 1258 1761 1307 suppo-

376 1308 436 1352 siti,
456 1310 546 1356 quod
561 1322 707 1345 naturam
720 1310 847 1358 perficit
866 1316 899 1347 &
913 1312 1077 1354 terminat,
1098 1313 1143 1346 N.
1161 1322 1232 1357 quae
1250 1310 1409 1344 distinctio
1423 1314 1489 1358 jam
1502 1309 1573 1343 satis
1593 1307 1638 1342 est
1659 1307 1761 1356 expli-

373 1370 445 1392 cata
460 1373 468 1394 z
486 1371 522 1393 ac
541 1358 674 1395 subinde
689 1371 804 1394 vereor
821 1372 862 1394 nc
874 1361 926 1394 ista
947 1361 1050 1407 magis
1071 1360 1111 1394 ad
1125 1358 1314 1408 Theologos
1335 1387 1344 1401 ‚
1363 1370 1461 1405 quam
1486 1359 1526 1391 ad
1546 1356 1759 1404 Philosophos

373 1405 530 1455 spectent.
547 1409 631 1456 Qae
650 1409 784 1457 quidem
798 1410 916 1445 cumin
930 1409 1056 1445 scholis
1070 1407 1179 1443 afferri
1197 1407 1337 1452 soleant,
1358 1407 1494 1442 omnino
1517 1408 1670 1441 omittere
1692 1418 1763 1441 non

373 1467 550 1504 potuimus.
1445 1467 1448 1469 ’

769 1556 941 1604 categoria
951 1554 1131 1602 fhbstantiae
1159 1556 1365 1603 permetitur.

372 1653 599 1742 SUbstantia
610 1656 747 1702 primum
756 1655 791 1688 in
807 1665 996 1702 corpoream
1009 1654 1276 1700 &incorpoream
1287 1683 1297 1697 ,
1311 1653 1363 1688 seu
1377 1654 1412 1687 in
1430 1663 1486 1688 cor
1508 1666 1545 1689 us
1565 1658 1598 1691 &
1614 1651 1759 1700 spiritum

429 1704 594 1739 dividitur.
616 1705 750 1751 Spiritus
762 1701 816 1737 seu
834 1702 952 1751 Angeli
967 1703 1002 1736 in
1023 1713 1084 1735 tres
1103 1701 1293 1737 hierarchias
1308 1731 1318 1745 ,
1331 1712 1468 1747 quarum
1483 1666 1609 1751 Engulae
1634 1703 1667 1735 in
1693 1712 1757 1737 tres

324 1772 326 1775 ·
371 1753 502 1787 ordines
522 1751 722 1794 tribuuntur,
743 1751 784 1785 de
798 1750 917 1798 quibus
931 1763 1026 1799 agere
1044 1750 1140 1785 nostri
1158 1763 1225 1786 non
1246 1753 1288 1786 est
1306 1751 1451 1786 instituti.

406 1802 535 1849 Corpus
554 1814 609 1836 aut
627 1800 758 1848 simplex
777 1801 839 1844 est,
852 1811 908 1835 aut
921 1803 1083 1835 mixtum:
1099 1797 1230 1848 simplex
1242 1812 1294 1835 aut
1309 1800 1355 1834 est
1366 1798 1612 1846 incorruptibile
1622 1827 1632 1842 ‚
1644 1809 1679 1833 ut
1686 1809 1758 1833 cor·

370 1862 448 1898 pora
467 1850 618 1894 coelestia,
633 1850 796 1892 saltemmt
810 1849 909 1898 vulgo
931 1849 1070 1884 creditur
1083 1865 1091 1891 3
1104 1859 1160 1882 aut
1175 1848 1399 1897 corruptibile,
1412 1848 1590 1896 cujusmodi
1605 1846 1676 1883 sunt
1689 1846 1757 1881 ele.

367 1911 477 1934 ment-a
493 1928 502 1941 ‚
529 1912 566 1934 ex
582 1898 702 1946 quibus
717 1911 765 1932 res
781 1911 918 1944 quaeque
939 1908 1192 1945 componuntur.

406 1949 555 1997 Corpora
569 1946 712 1982 coelestia
724 1956 779 1980 aut
794 1945 862 1979 sunt
880 1944 999 1987 fidera,
1026 1955 1084 1978 aut
1097 1943 1215 1980 coelurn
1234 1943 1334 1992 ipsum
1346 1973 1356 1987 ‚
1372 1944 1459 1991 quod
1481 1945 1615 1992 quidem
1634 1973 1643 1988 ,
1661 1956 1697 1980 ut
1715 1945 1755 1981 li-

368 1996 476 2033 bitum
492 1997 556 2040 est,
573 1999 605 2031 in
620 1995 726 2045 plures
750 1993 852 2028 coelos
873 1995 1059 2041 partiuntur.
1096 1994 1178 2028 Satis
1195 1993 1366 2030 commoda
1385 1991 1497 2028 divifio
1523 1993 1629 2028 futura
1652 1995 1720 2037 est,
1733 1994 1755 2031 ίῐ

367 2047 542 2082 dixerimus
558 2057 727 2093 corporum
742 2043 926 2078 coelestium
945 2041 1090 2090 quaedam
1107 2046 1233 2092 propria
1247 2043 1316 2077 luce
1332 2041 1468 2091 fulgere,
1479 2053 1514 2076 ut
1527 2041 1625 2077 solem
1637 2048 1669 2080 ὅ(
1683 2043 1756 2079 stel-

368 2094 412 2130 las
432 2095 509 2131 fixas
527 2125 535 2139 ‚
554 2107 625 2143 qua:
648 2093 753 2128 lucem
768 2105 808 2127 ex
831 2092 861 2127 se
877 2094 1044 2131 emittunt·‚
1057 2091 1119 2126 alia
1137 2092 1246 2128 lumen
1265 2091 1451 2135 reflectere,
1463 2103 1499 2126 ut
1510 2090 1618 2126 lunam
1630 2098 1664 2130 &
1681 2092 1751 2140 pla-

368 2157 458 2179 netas
475 2175 483 2189 ‚
505 2147 560 2192 qui
581 2143 689 2178 lumen
709 2144 880 2177 remittunt
893 2171 902 2184 ,
922 2141 977 2176 scu
989 2140 1157 2177 reflectunt
1169 2173 1178 2187 ‚
1205 2154 1239 2177 ut
1256 2153 1352 2190 opaca
1368 2152 1502 2188 quaeque
1518 2153 1670 2188 corpora;
1689 2140 1753 2175 alia

368 2193 507 2240 deniqne
526 2194 631 2229 lucem
647 2190 860 2227 transmittere
875 2220 884 2234 ‚
898 2204 1013 2239 purum
1024 2203 1141 2239 nempe
1158 2192 1276 2227 aethera
1288 2220 1299 2234 ‚
1327 2202 1381 2226 aut
1393 2190 1514 2224 coelum
1528 2190 1618 2237 quod
1628 2202 1701 2225 cum
1714 2188 1750 2225 fit

370 2242 577 2287 diaphanum,
591 2256 655 2277 non
668 2241 751 2276 lucet
766 2253 807 2276 ex
819 2240 847 2274 se
859 2239 889 2274 se
906 2269 914 2276 ,
931 2239 981 2274 sed
1000 2239 1142 2277 tralucet.

401 2291 525 2336 Corpus
541 2291 670 2331 simplex
681 2297 713 2327 ὃ(
728 2289 980 2338 corrviptibilein
990 2303 1129 2336 quatuor
1152 2288 1318 2323 elemvnta
1330 2287 1427 2336 vulgo
1449 2286 1609 2324 notissima
1629 2288 1748 2322 dividi-

367 2350 417 2372 tur
428 2367 435 2380 ‚
450 2340 502 2387 ign
518 2354 555 2374 m
577 2341 748 2383 videlicet,
762 2342 817 2388 qui
835 2340 943 2374 lumen
960 2338 1040 2373 ex‘se
1058 2341 1179 2375 emittit
1193 2357 1201 2380 ς
1217 2350 1335 2380 acrem,
1351 2339 1404 2383 qui
1417 2350 1490 2373 cum
1507 2336 1543 2372 lit
1558 2337 1749 2383 diaphanus‚

366 2386 470 2423 lucem
489 2389 691 2434 transmittit3
715 2401 833 2425 terram
845 2418 855 2435 ,
872 2401 943 2438 quae
956 2390 1119 2438 opacitate
1130 2388 1183 2426 sua
1201 2387 1309 2426 lucem
1328 2389 1447 2436 regerit
1465 2400 1520 2425 aut
1537 2386 1673 2424 reflectit
1684 2403 1697 2432 3
1711 2390 1746 2424 δε
