1857 2745
409 120 661 157 LOGIOAE
695 119 850 155 PARS
898 119 1211 157 SECUNDA.
1433 138 1478 167 ις,

84 173 147 210 ῖΐει]
163 172 204 206 dc
218 171 382 214 terminis3
401 172 552 219 posterior
564 171 605 204 de
626 168 855 217 propositione.
874 170 1025 217 Cumque
1044 181 1079 204 ut
1100 173 1257 205 terminus
1270 199 1279 213 ‚
1304 169 1342 205 fic
1358 184 1478 220 propo-

84 222 162 260 :ficio
178 220 297 269 duplex
319 219 373 265 sit,
398 222 533 255 interior
551 221 737 256 &exterior
751 248 762 262 ‚
784 218 837 253 seu
860 231 964 262 voce,
987 218 1040 253 seu
1062 218 1178 267 scripto
1194 222 1415 268 exprimatur,
1436 222 1475 255 dc

93 282 227 317 utraque
245 269 283 305 fic
298 282 427 317 agemus
440 299 450 313 ,
474 281 509 304 ut
526 270 684 305 interioris
703 267 923 317 pon'ffimum,
941 279 997 303 aut
1021 271 1240 317 perceptionis
1257 298 1265 313 ,
1289 281 1344 304 aut
1363 271 1477 317 judicii

89 321 253 356 rationem
266 319 451 357 habeamus.

478 385 846 425 DISPUTATIO
889 386 1084 422 PRIOR.

670 468 726 501 De
747 470 902 504 terminis.

84 608 89 613 .
186 567 249 603 Uae
264 567 296 601 in
311 565 506 616 compendio
530 565 598 602 fuse
618 571 651 603 &
670 565 742 602 satis
762 565 903 601 dilucide
928 565 998 601 sunt
1024 565 1184 614 explicata
1206 564 1246 599 de
1264 566 1476 599 terminorum

188 616 394 651 distinctione
409 621 443 653 ὃς
455 628 566 651 natura
584 646 593 660 ‚
610 630 678 651 non
700 618 860 663 attingam
886 629 894 651 :
912 616 945 649 id
971 628 1069 650 unum
1088 615 1244 649 duntaxat
1262 614 1323 649 hoc
1341 613 1413 647 loco
1431 614 1473 647 est

86 665 318 711 exponendum
335 693 344 708 ,
367 665 450 701 unde
463 668 582 700 oriatur
597 667 643 700 vis
656 665 711 700 illa
720 664 936 713 significandi,
959 677 1029 712 quae
1046 666 1082 698 in
1111 665 1255 698 terminis
1276 661 1473 711 potissimum

86 712 202 749 elucet.
220 713 254 747 Id
270 716 358 748 enirn
371 742 379 756 ‚
403 712 423 748 fi
441 715 520 761 quid
546 714 630 748 aliud
651 743 661 756 ,
688 714 731 748 est
753 713 971 761 speculatione
989 714 1120 761 dignum
1135 741 1144 755 ,
1171 724 1207 746 ut
1232 713 1374 746 idearum
1396 723 1472 758 quas

83 773 196 796 mente
206 763 426 810 concipi1nus,
448 775 521 798 cum
533 764 678 798 terminis
692 790 702 807 ,
717 761 771 797 seu
786 761 922 798 vocibus
936 774 1055 799 nexum
1070 767 1104 799 &
1117 761 1305 796 societatem
1325 772 1473 795 contem-

80 809 220 859 ‘plemun

117 859 203 894 Cum
218 863 328 909 itaque
341 862 474 896 termini
491 858 658 896 fintvoces
685 860 832 909 quaedam
850 888 860 903 ‚
883 872 949 894 vox
964 871 1070 895 autem
1091 861 1126 896 fit
1144 859 1268 910 signum
1290 861 1370 895 ideae
1382 888 1391 902 ,
1417 868 1472 892 aut

82 913 298 957 perceptionis
321 923 420 958 quam
437 921 527 944 mens
541 909 686 952 format3
712 921 748 944 ut
768 920 857 943 certo
879 909 994 943 ordine
1010 911 1164 958 procedat
1189 908 1384 958 disputario‚·
1404 909 1470 954 pri-

41 993 43 995 ,
84 970 173 991 mum
185 959 224 992 de
243 957 348 1007 signo,
369 970 437 993 tum
448 959 487 992 de
498 970 580 992 voce
593 956 736 993 breviter
747 987 757 1001 ‚
784 968 962 1005 aperteque
976 958 1137 994 dicemus‚·
1162 971 1235 1007 quae
1257 958 1295 992 ad
1311 957 1398 990 ideas
1409 968 1471 991 no-

81 1005 156 1041 stras
172 1033 182 1050 ‚
203 1008 257 1042 vel
266 1019 441 1055 conceptus
453 1009 639 1055 pertinent,
661 1007 863 1042 commodius
883 1008 915 1039 in
929 1006 1153 1055 Metaphysica
1178 1007 1353 1043 trachatur-i.

422 1086 761 1135 QUAESTIO
815 1086 1048 1122 PRIMA.

656 1168 838 1217 DeSigno.

81 1249 252 1338 .S1gnum
269 1247 397 1284 definiri
410 1248 491 1284 solet
504 1278 514 1292 ‚
543 1248 579 1283 id
588 1248 673 1293 quod
682 1248 842 1294 fhcultati
855 1249 1048 1297 cognoſsenti
1063 1248 1155 1283 aliud
1174 1248 1194 1283 ἃ
1212 1251 1247 1295 [ἑ
1267 1249 1472 1298 repraeftntat.

141 1301 184 1334 Ex
193 1311 258 1346 qua
271 1297 462 1334 definitione
476 1294 710 1346 liquetfignum
725 1298 764 1331 ad
781 1298 846 1332 duo
862 1298 974 1332 referri
988 1326 997 1340 ‚
1011 1310 1130 1346 nempe
1147 1298 1187 1332 ad
1201 1297 1392 1333 facultatem
1403 1310 1471 1344 quae

83 1347 248 1396 cognoscit
260 1377 270 1391 ‚
293 1353 326 1384 &
342 1349 382 1382 ad
399 1361 467 1383 rem
487 1346 586 1396 ipsam
603 1358 673 1393 quae
687 1359 742 1394 per
755 1345 875 1395 signum
886 1346 1148 1394 repraesentatur:
1171 1360 1206 1381 ac
1222 1346 1373 1395 cujusque
1393 1345 1469 1395 figni

76 1408 197 1431 znatura
219 1399 252 1432 in
273 1397 390 1445 duplici
415 1397 467 1432 illa
486 1396 642 1431 relatione
657 1395 803 1430 confistit.
829 1398 919 1431 Hinc
929 1397 1120 1445 Augustinus
1135 1395 1258 1445 signum
1273 1395 1384 1430 saltem
1399 1407 1470 1430 cor-

81 1457 224 1491 poreum
238 1444 352 1480 definit
366 1475 375 1490 ‚
403 1446 440 1480 id
457 1447 540 1493 quod
553 1455 666 1492 prater
676 1445 811 1491 speciem
835 1445 1079 1491 quamftnfibus
1102 1447 1236 1492 ingerit,
1262 1445 1355 1478 alind
1372 1445 1469 1490 qnid.

81 1493 170 1540 piam
180 1494 269 1536 facit
285 1497 319 1527 in
338 1504 472 1527 mentem
489 1496 620 1526 venire:
644 1495 691 1526 Ex
706 1491 799 1526 fumo
817 1494 946 1539 ignem3
961 1505 1000 1526 ex
1015 1492 1156 1526 diluculo
1171 1503 1278 1525 ortum
1298 1490 1370 1525 solis
1388 1504 1467 1526 mox

84 1540 231 1575 futurum
248 1540 480 1588 cognoscimus.
493 1544 605 1586 Itaque
626 1538 746 1587 signum
762 1551 877 1586 praeter
895 1540 1001 1573 ideam
1019 1552 1116 1587 quam
1134 1538 1270 1574 [ensibus
1292 1541 1468 1588 imprimit,

85 1590 118 1623 in
131 1588 261 1623 alterius
279 1592 324 1624 rei
344 1591 568 1638 cognitionem
581 1589 726 1623 animum
738 1588 835 1622 ducit-

117 1639 229 1685 Atque
242 1638 316 1672 hinc
332 1637 422 1673 fluxit
434 1641 537 1685 prima
550 1636 625 1685 {igni
635 1635 756 1679 divisio,
775 1639 807 1671 in
822 1634 958 1671 formale
970 1641 1002 1673 &
1018 1634 1315 1672 instrumentarium.
1332 1635 1413 1671 Illud
1426 1637 1468 1671 cst

78 1684 229 1721 *formalis
247 1689 293 1720 rei
306 1686 563 1735 repraesentatio:
583 1697 617 1720 ut
637 1687 744 1734 imago
757 1684 879 1720 arboris
901 1686 935 1719 in
954 1685 1050 1720 oculo
1068 1685 1216 1733 depieta,
1236 1685 1275 1719 ad
1299 1684 1468 1720 cerebrum

83 1733 255 1770 transmiffa
269 1765 278 1779 ,
297 1741 330 1772 δε
347 1737 458 1770 animo
474 1733 617 1783 imprelsa
638 1734 758 1783 signum
775 1733 913 1769 formale
931 1734 994 1768 dici
1009 1733 1089 1768 solet
1105 1747 1113 1769 ε
1131 1734 1219 1781 quod
1232 1744 1267 1768 ut
1290 1733 1388 1782 vulgo
1402 1745 1470 1768 cre-

82 1783 186 1827 ditur,
207 1783 242 1819 fit
256 1783 402 1832 impressa
416 1787 460 1819 rei
472 1784 642 1819 similitudo
661 1801 670 1826 3
687 1783 802 1832 species
815 1812 825 1826 ,
845 1794 880 1817 ut
897 1782 1072 1830 loquuntur
1085 1812 1095 1826 ,
1118 1781 1342 1817 intentionalis
1356 1812 1365 1826 ‚
1379 1795 1467 1829 quae-

79 1844 146 1881 que
163 1833 239 1868 licet
255 1836 439 1882 incognita,
460 1833 556 1869 nobis
577 1844 686 1867 tamen
709 1845 778 1868 rem
795 1831 938 1867 exhibet.

121 1884 255 1929 Signum
270 1894 377 1917 autem
394 1883 686 1918 instrumentarium
710 1881 787 1915 illud
803 1882 846 1915 cst
858 1909 866 1922 ‚
883 1880 975 1927 quod
992 1882 1075 1927 prius
1099 1881 1264 1928 cognitum
1288 1890 1346 1913 nos
1365 1879 1399 1912 in
1419 1876 1466 1911 al-

79 1933 180 1966 terius
195 1933 421 1980 cognitionem
439 1932 537 1967 ducit.
553 1934 628 1965 Vox
641 1941 707 1964 tum
721 1941 777 1964 ore
797 1929 922 1978 prolata
939 1957 947 1972 ‚
968 1939 1035 1962 tum
1059 1928 1176 1977 scripto
1204 1938 1329 1962 exarata
1347 1926 1469 1975 signum

84 1980 132 2013 est
147 1981 446 2017 instrumentarium.
467 1983 577 2029 Atque
592 1979 654 2015 hoc
675 1978 752 2028 signi
765 1991 866 2028 genus
885 1978 1076 2027 Augustinus
1092 1977 1284 2013 definitione
1303 1975 1356 2012 sua
1377 1988 1469 2012 com-

82 2027 198 2077 plexus
215 2030 354 2066 videtur.

119 2080 240 2125 Neque
258 2078 321 2113 hoc
331 2079 405 2114 loco
415 2079 644 2125 inquirendum
659 2088 740 2126 puto
760 2090 800 2113 an
809 2077 925 2114 dentur
935 2076 1022 2127 signa
1042 2077 1190 2125 quaedam
1204 2076 1373 2118 formalia,
1399 2085 1469 2120 quae

84 2125 161 2162 licet
172 2129 297 2175 penitus
313 2130 480 2177 incognita
494 2156 504 2171 ‚
529 2128 591 2163 alia
602 2127 697 2163 nobis
712 2126 934 2177 repraesentent
950 2142 956 2163 :
978 2128 1009 2161 ld
1022 2129 1108 2162 enim
1127 2126 1224 2162 aliam
1247 2131 1280 2162 &
1296 2125 1396 2173 magis
1411 2135 1467 2157 ex-

86 2174 234 2221 quifitam
245 2176 494 2225 disputationem
508 2177 651 2225 postulat·
668 2179 745 2212 Hoc
757 2191 854 2213 unum
867 2178 1001 2212 interim
1014 2175 1211 2218 admonebo,
1223 2188 1290 2210 non
1301 2173 1385 2208 aliud
1396 2171 1466 2206 for-

88 2224 175 2258 teab
189 2225 322 2274 obje&o
336 2229 368 2262 in
380 2225 523 2261 sensuum
541 2238 660 2274 organa
682 2226 859 2275 proficisci,
885 2226 982 2273 quim]
1010 2226 1192 2260 motionem
1209 2223 1368 2270 qmndam
1381 2249 1390 2264 ,
1412 2231 1468 2254 aut

91 2272 342 2318 impreffionem,
353 2287 388 2310 ut
401 2275 455 2309 suo
467 2275 540 2310 loco
551 2274 645 2310 fufius
660 2287 846 2324 exponetur.
855 2275 946 2310 Illam
959 2272 1195 2322 impreffionem
1209 2272 1250 2307 ab
1265 2270 1358 2306 oculo
1369 2299 1379 2313 ,
1391 2283 1422 2305 v.
1434 2283 1466 2317 g.
1480 2296 1483 2298 -

90 2319 131 2353 ad
149 2321 315 2358 cerebrum
329 2324 424 2372 usque
439 2323 649 2360 transmiffim
664 2327 787 2359 animus
801 2325 937 2372 percipit
954 2338 961 2359 ε
980 2336 1051 2370 quae
1066 2324 1231 2370 perceptio
1256 2319 1355 2356 sensus
1387 2319 1470 2351 dici-

86 2377 149 2404 tur.
167 2370 210 2405 At
220 2382 324 2418 neque
341 2375 374 2409 in
392 2373 487 2409 oculo
498 2403 508 2418 ‚
530 2386 637 2422 neque
650 2376 682 2410 in
692 2373 826 2410 cerebro
841 2374 883 2409 est
900 2372 1047 2421 perfeffl
1063 2373 1109 2406 rei
1128 2369 1300 2407 similitudo
1320 2383 1329 2404 ·.
1356 2367 1407 2402 sed
1420 2365 1470 2401 af.
