1857 2745
0 110 1 130 i

0 143 2 184 ζ
545 144 586 179 Μ
611 143 646 179 O
668 143 704 178 R
727 141 755 179 Α
781 143 807 178 L
829 143 842 178 1
868 142 900 180 S.
1395 158 1448 192 411

0 185 2 231 l
58 193 209 234 &andum
227 191 284 228 est.
309 193 412 240 Q¹0d
431 202 542 229 autem
560 192 753 228 admiramur
764 204 800 228 ut
823 204 943 227 novum
961 218 971 234 ,
996 202 1052 227 aut
1070 202 1224 240 magnum
1240 220 1249 234 ,
1281 192 1301 229 si
1321 192 1362 227 ad
1383 206 1445 230 no-

58 245 156 281 strum
170 242 380 277 commodum
398 241 454 277 vel
472 242 717 277 incommodum
726 255 792 278 non
805 241 963 276 referatur
977 270 987 283 ‚
1007 241 1140 276 affl-&us
1157 242 1218 275 dici
1236 254 1303 276 non
1322 243 1445 289 potest:

56 292 110 328 led
124 291 271 340 quaedam
289 290 450 326 facultatis
469 289 691 339 cognoscentis
718 290 804 341 quali
826 288 978 338 suspensio
1000 320 1010 334 ,
1041 303 1106 338 qua
1129 289 1166 326 fit
1184 303 1219 326 iit
1239 291 1372 340 objecsto
1391 291 1446 326 suo

67 354 142 377 curn
154 344 275 389 majore
285 342 467 376 attentione
485 341 646 377 inhaereat.

92 391 180 436 Resp.
195 390 458 425 Admirationem
470 390 553 424 nude
566 389 743 438 spectatam
761 391 844 424 inter
860 388 993 425 affectus
1010 390 1062 423 vix
1085 387 1206 422 censeri
1218 385 1306 436 posse
1322 418 1330 431 ‚
1355 388 1375 422 fi
1390 402 1445 424 eos

1 444 3 486 s
50 437 185 474 ¹tantum
202 437 335 474 aff'eQus
353 437 608 486 habeamusquae
626 438 833 487 sanguinem,
853 451 908 473 cor
921 467 930 478 ,
959 436 1028 473 imo
1046 442 1080 473 δε
1100 448 1206 472 totum
1218 449 1330 485 corpus
1355 451 1446 472 com-

29 502 32 505 ’
57 499 205 524 movent.
217 488 260 521 At
277 485 298 520 fi
313 486 487 523 affectuum
500 500 610 523 natura
620 490 652 523 in
671 488 832 535 spirituum
845 490 1004 525 &animae
1022 489 1246 521 commotione
1268 484 1368 534 posita
1390 485 1445 523 fit:

2 532 3 536 ¹
50 548 132 572 -cum
146 538 182 571 in
195 535 406 572 admiratione
419 536 545 586 spiriti'is
562 540 727 573 turmatim
735 540 769 572 in
782 536 951 572 cerebrum
963 539 1129 578 irruant,ut
1145 538 1286 570 animam
1305 538 1337 570 in
1351 534 1446 579 obje-

59 587 103 622 eti
120 584 262 628 insoliti,
283 596 337 620 aut
345 589 452 635 magni
467 586 746 635 contemplatione
756 585 917 634 defigant,
932 600 999 622 non
1018 584 1116 620 video
1132 596 1187 618 cur
1197 585 1447 619 admirationem

60 635 78 671 ὲ
100 646 236 671 numero
259 634 434 670 affectuum
459 648 703 685 expungamus,
744 635 922 684 praesertim
950 648 1022 671 cuin
1056 633 1235 669 multorum
1270 633 1447 669 affectuum

3 695 6 702 ⁴
57 685 252 734 principium
267 681 303 719 fit
317 712 327 728 ‚
346 695 380 719 ut
395 698 471 720 mox
498 686 615 720 dicturi
630 684 745 721 sumuS.

519 777 614 822 QU
633 778 672 809 ΑΞ
689 776 710 809 S
728 775 758 809 T
780 775 792 807 1
815 775 850 810 O
899 775 973 809 lv.

569 855 713 892 Affectus
727 857 898 905 primitivi.

256 943 447 978 Admiratio
460 972 470 987 ,
487 956 594 983 amor,
623 943 662 979 ἅ*
685 945 807 990 averfio
818 945 992 993 figillatim
1021 944 1234 993 explicantur.

129 1024 310 1059 Roximum
324 1025 369 1059 est
389 1036 426 1059 ut
441 1024 575 1060 affectus
594 1025 802 1073 primigenios
814 1053 823 1066 ,
847 1036 886 1058 ex
903 1023 1021 1071 quibus
1043 1027 1150 1058 caeteri
1170 1024 1359 1067 nascuntur,
1382 1035 1449 1058 non

129 1073 262 1119 quidem
281 1085 339 1120 pro
349 1074 562 1121 reidignitare
576 1100 586 1114 ,
606 1073 636 1106 id
657 1074 746 1107 enim
763 1072 927 1107 infinitum
942 1073 1031 1107 foret
1056 1087 1063 1108 :
1081 1072 1133 1106 sed
1162 1086 1196 1108 ut
1211 1074 1320 1121 aliqua
1337 1071 1451 1106 saltem

62 1121 159 1158 nostri
173 1120 263 1170 ipsius
274 1124 461 1170 cognitione
471 1120 674 1164 imbuamur,
696 1120 800 1168 quam
819 1122 999 1168 poterimus
1026 1119 1210 1157 breviffime
1232 1123 1450 1157 decurramus.

392 1201 845 1239 ARTICULUS
894 1202 1179 1240 PRIMUS.

606 1283 659 1317 De
681 1283 905 1320 admiratione.

175 1368 204 1402 T
227 1364 470 1402 caeteriaffectus
487 1393 496 1407 ,
519 1363 558 1399 fic
574 1363 746 1398 admiratio
759 1376 799 1398 ex
808 1365 944 1400 naturali
960 1394 970 1408 ‚
995 1363 1192 1401 &omnibus
1207 1364 1296 1401 insita
1310 1377 1451 1414 propen-

177 1415 260 1450 sione
277 1417 387 1449 oritur.
410 1416 498 1449 Nam
518 1411 698 1459 utquisque
716 1414 816 1460 magis
835 1413 854 1448 ὲ
876 1426 989 1449 natura
1009 1414 1050 1447 ad
1066 1413 1326 1461 cognoscendum
1344 1420 1378 1451 &
1399 1427 1451 1448 re-

60 1475 136 1497 rum
150 1475 307 1498 novarum
319 1464 453 1497 studium
465 1461 645 1510 propendet
656 1490 666 1503 ,
692 1459 730 1495 eo
743 1464 844 1509 magis
855 1463 1003 1498 admirari
1012 1461 1101 1497 solet.
1125 1462 1228 1496 Unde
1249 1462 1269 1497 fi
1293 1464 1372 1510 quid
1389 1476 1451 1498 no-

64 1512 122 1554 vi,
148 1510 170 1547 si
187 1512 265 1559 quid
285 1514 414 1560 magni,
438 1509 459 1545 si
477 1510 565 1557 quod
584 1509 727 1544 futurum
737 1510 798 1552 est,
813 1510 908 1545 nobis
927 1522 1070 1546 narratur
1082 1539 1092 1553 ‚
1109 1511 1139 1544 id
1158 1514 1271 1557 utique
1285 1523 1359 1546 cum
1380 1513 1452 1546 avi-

63 1560 168 1595 ditate
189 1561 331 1608 quadam
358 1566 394 1599 ὃς
416 1559 630 1594 admiratione
646 1560 833 1606 excipimus.
856 1561 943 1595 Hinc
960 1558 1110 1606 voluptas
1131 1571 1169 1593 ex
1183 1559 1398 1594 admiratione
1417 1565 1452 1596 &

10 1604 13 1638 ἱ
60 1609 340 1656 contemplatione
353 1621 457 1643 terum
473 1609 573 1642 oritur
590 1622 598 1644 t
615 1608 704 1654 quod
718 1609 909 1655 inquietudo
924 1608 1075 1646 naturalis
1086 1636 1095 1650 ‚
1119 1612 1152 1644 &
1173 1619 1279 1643 terum
1292 1620 1451 1642 novarum

66 1656 169 1692 fames
197 1657 260 1693 hoc
282 1658 370 1693 velut
389 1656 510 1705 pabulo
534 1656 712 1691 identidem
737 1656 925 1705 expleatur;
947 1668 1047 1704 atque
1069 1656 1124 1690 illa
1145 1656 1250 1691 fames
1271 1669 1324 1691 aut
1338 1656 1400 1692 sitis
1411 1655 1453 1691 eo

67 1710 170 1752 major
178 1707 241 1750 est,
260 1705 325 1754 quo
337 1706 472 1754 quisque
493 1705 532 1740 ad
556 1704 640 1748 haec,
659 1704 780 1741 aneilla
800 1705 1089 1755 cognoscendaffist
1109 1704 1294 1754 propensior
1307 1733 1319 1749 ‚
1338 1705 1392 1740 vel
1414 1717 1455 1740 ex

66 1766 178 1790 natura
197 1754 246 1789 sua
259 1784 268 1798 ,
283 1756 334 1789 vel
352 1768 390 1790 ex
404 1767 492 1789 certo
507 1754 652 1789 instituto
667 1783 676 1797 ‚
696 1766 752 1788 aut
764 1755 874 1791 studio.

108 1818 134 1838 2.
144 1804 231 1838 Cum
248 1806 294 1837 rei
308 1804 478 1838 novaeidea
498 1802 594 1837 altius
606 1805 639 1837 in
651 1802 786 1837 cerebro
799 1804 1002 1851 imprimitur,
1016 1803 1080 1838 haec
1096 1803 1200 1837 statim
1209 1805 1353 1838 animum
1363 1815 1454 1838 com-

66 1863 184 1886 movet
202 1881 211 1895 ,
242 1857 275 1888 δε
294 1855 450 1887 acriorem
465 1849 563 1885 efficit
579 1852 810 1887 attentionem.
837 1854 927 1888 Nam
946 1864 1018 1899 quae
1035 1865 1122 1887 novo
1148 1857 1181 1888 &
1205 1852 1335 1886 insolito
1353 1853 1455 1887 modo

67 1902 208 1935 animum
223 1900 401 1949 percellunt
414 1928 424 1943 ,
450 1913 487 1934 ea
505 1903 616 1947 majori
633 1912 705 1934 cum
717 1902 899 1935 attentione
911 1902 937 1933 is
949 1903 1067 1948 excipit
1082 1915 1090 1936 ε
1111 1898 1196 1946 quod
1222 1902 1254 1935 in
1276 1903 1313 1934 iis
1333 1913 1455 1935 novam

71 1948 321 1984 delectationem
337 1978 345 1992 ‚
368 1955 400 1986 &
413 1949 574 1997 quandam
587 1947 751 1983 felicitatis
760 1947 910 1983 umbram
920 1960 1093 1997 aucupetur
1103 1978 1113 1992 ‚
1122 1960 1223 1995 quam
1237 1951 1268 1983 in
1282 1948 1377 1984 rebus
1387 1954 1455 1994 jam

68 2000 230 2045 perceptis
246 2011 311 2033 non
330 2000 463 2033 invenit.
484 2000 557 2034 Nec
572 2009 680 2032 tamen
693 2008 782 2031 tanta
792 1997 837 2032 est
850 1999 881 2032 in
893 1998 1122 2041 admiratione,
1144 2009 1266 2044 quanta
1284 2000 1315 2032 in
1332 1999 1456 2032 caeteris

69 2044 237 2081 affectibus
249 2050 363 2081 animae
378 2046 657 2093 commorimquod
670 2048 702 2081 in
714 2047 797 2081 nuda
811 2052 843 2083 δε
855 2045 985 2094 simplici
1002 2047 1217 2082 admiratione
1235 2059 1283 2081 res
1297 2049 1329 2081 in
1353 2045 1456 2093 seipfis

70 2093 262 2142 spectentur,
280 2109 347 2130 non
361 2108 394 2131 ut
414 2097 453 2129 ad
465 2108 524 2130 nos
536 2095 727 2130 referuntur.
753 2098 842 2131 Hinc
854 2095 940 2130 nulla
955 2097 989 2130 in
1001 2096 1097 2130 corde
1110 2125 1120 2138 ‚
1137 2095 1224 2131 nulla
1241 2099 1276 2131 in
1294 2095 1456 2144 sanguine5

71 2145 207 2192 agitatio
225 2173 235 2186 ,
259 2157 319 2179 nec
332 2145 394 2179 ulla
415 2144 483 2179 fere
505 2147 537 2179 in
559 2143 627 2191 ipso
646 2147 786 2192 corporis
811 2143 922 2179 habitu
944 2142 980 2180 fit
999 2147 1147 2180 mutatio.

113 2204 125 2231 3
139 2219 146 2226 .
157 2193 256 2239 Qod
270 2192 290 2228 fi
302 2195 423 2228 animus
439 2194 480 2227 ad
501 2206 538 2227 ea
550 2205 620 2239 quae
636 2191 692 2226 sibi
710 2193 778 2229 sunt
799 2198 972 2242 conjunCta
985 2206 1056 2228 cum
1075 2193 1293 2227 admiratione
1314 2192 1455 2239 quadam

73 2241 220 2274 attendat
233 2270 241 2283 ,
259 2255 326 2276 tum
337 2242 373 2277 fit
385 2242 529 2289 quiedam
542 2243 574 2274 in
586 2253 718 2289 pectore
729 2245 864 2292 agitatio
875 2272 885 2285 ,
904 2241 954 2276 sed
976 2255 1044 2289 quae
1059 2239 1198 2276 exterius
1213 2242 1265 2274 vix
1276 2239 1305 2274 se
1322 2240 1432 2288 prodit
1446 2269 1456 2283 ‚

75 2300 149 2322 cum
166 2289 245 2322 nihil
260 2303 345 2325 extra
361 2291 389 2325 sc
407 2290 540 2338 positum
557 2293 680 2324 animus
694 2303 832 2338 quierat,
843 2292 928 2339 quod
941 2291 1149 2338 prosequatur
1164 2300 1220 2323 aut
1231 2288 1344 2337 fugiat.
1353 2290 1454 2325 Unde

75 2335 155 2371 nibil
168 2337 288 2372 neceffe
308 2340 352 2372 est
363 2351 396 2373 ut
406 2339 569 2387 spirituum
579 2338 634 2375 vel
652 2337 810 2390 sanguinis
827 2344 861 2376 'in
879 2337 1037 2376 musculos
1054 2337 1184 2388 appulsu
1201 2350 1314 2387 corpus
1330 2338 1372 2374 ad
1393 2351 1454 2373 no-

78 2397 152 2420 vum
165 2397 292 2421 motum
303 2386 332 2421 se
351 2400 524 2436 comparet.
