<?xml version="1.0" encoding="UTF-8"?>
<!DOCTYPE html PUBLIC "-//W3C//DTD XHTML 1.0 Transitional//EN"
    "http://www.w3.org/TR/xhtml1/DTD/xhtml1-transitional.dtd">
<html xmlns="http://www.w3.org/1999/xhtml" xml:lang="en" lang="en">
 <head>
  <title>
</title>
<meta http-equiv="Content-Type" content="text/html;charset=utf-8" />
  <meta name='ocr-system' content='tesseract 3.04.00' />
  <meta name='ocr-capabilities' content='ocr_page ocr_carea ocr_par ocr_line ocrx_word'/>
</head>
<body>
  <div class='ocr_page' id='page_1' title='image "./philosophiavetus01duhauoft_0597.png"; bbox 0 0 1857 2745; ppageno 0'>
   <div class='ocr_carea' id='block_1_1' title="bbox 58 117 1474 2411">
    <p class='ocr_par' dir='ltr' id='par_1_1' title="bbox 406 117 1451 165">
     <span class='ocr_line' id='line_1_1' title="bbox 406 117 1451 165; baseline 0.003 -12"><span class='ocrx_word' id='word_1_1' title='bbox 406 117 800 154; x_wconf 82' lang='lat' dir='ltr'><strong>TRACT·.ATUS</strong></span> <span class='ocrx_word' id='word_1_2' title='bbox 836 118 1099 155; x_wconf 80' lang='lat' dir='ltr'><strong>TERTIUS.</strong></span> <span class='ocrx_word' id='word_1_3' title='bbox 1406 124 1451 165; x_wconf 79' lang='lat'><strong>&#39;7</strong></span> 
     </span>
    </p>

    <p class='ocr_par' dir='ltr' id='par_1_2' title="bbox 72 139 1474 946">
     <span class='ocr_line' id='line_1_2' title="bbox 84 139 1474 217; baseline 0.004 -16"><span class='ocrx_word' id='word_1_4' title='bbox 84 177 160 202; x_wconf 86' lang='lat' dir='ltr'><strong>cum</strong></span> <span class='ocrx_word' id='word_1_5' title='bbox 176 164 243 201; x_wconf 88' lang='lat' dir='ltr'><strong>alio</strong></span> <span class='ocrx_word' id='word_1_6' title='bbox 268 163 442 202; x_wconf 80' lang='lat' dir='ltr'><strong>necessario</strong></span> <span class='ocrx_word' id='word_1_7' title='bbox 475 169 681 215; x_wconf 57' lang='lat' dir='ltr'><strong>conjunctum</strong></span> <span class='ocrx_word' id='word_1_8' title='bbox 697 196 707 210; x_wconf 92' lang='lat'>‚</span> <span class='ocrx_word' id='word_1_9' title='bbox 727 167 768 201; x_wconf 87' lang='lat' dir='ltr'><strong>ad</strong></span> <span class='ocrx_word' id='word_1_10' title='bbox 791 165 824 201; x_wconf 90' lang='lat' dir='ltr'><strong>id</strong></span> <span class='ocrx_word' id='word_1_11' title='bbox 843 179 977 214; x_wconf 86' lang='lat' dir='ltr'><strong>quoque</strong></span> <span class='ocrx_word' id='word_1_12' title='bbox 1001 168 1091 214; x_wconf 87' lang='lat' dir='ltr'><strong>quod</strong></span> <span class='ocrx_word' id='word_1_13' title='bbox 1108 167 1154 202; x_wconf 87' lang='lat' dir='ltr'><strong>est</strong></span> <span class='ocrx_word' id='word_1_14' title='bbox 1170 168 1402 217; x_wconf 80' lang='lat' dir='ltr'>inseparabile,</span> <span class='ocrx_word' id='word_1_15' title='bbox 1417 139 1474 208; x_wconf 53' lang='lat'><strong>{113</strong></span> 
     </span>
     <span class='ocr_line' id='line_1_3' title="bbox 83 214 1473 268; baseline 0.005 -19"><span class='ocrx_word' id='word_1_16' title='bbox 83 215 199 250; x_wconf 87' lang='lat' dir='ltr'><strong>ducere</strong></span> <span class='ocrx_word' id='word_1_17' title='bbox 211 245 221 259; x_wconf 93' lang='lat'>,</span> <span class='ocrx_word' id='word_1_18' title='bbox 238 227 293 251; x_wconf 87' lang='lat' dir='ltr'><strong>aut</strong></span> <span class='ocrx_word' id='word_1_19' title='bbox 305 215 472 264; x_wconf 84' lang='lat' dir='ltr'><strong>impellere</strong></span> <span class='ocrx_word' id='word_1_20' title='bbox 483 215 645 252; x_wconf 87' lang='lat' dir='ltr'><strong>censetur:</strong></span> <span class='ocrx_word' id='word_1_21' title='bbox 658 214 708 250; x_wconf 88' lang='lat' dir='ltr'><strong>sed</strong></span> <span class='ocrx_word' id='word_1_22' title='bbox 720 216 808 264; x_wconf 88' lang='lat' dir='ltr'><strong>quod</strong></span> <span class='ocrx_word' id='word_1_23' title='bbox 823 216 938 250; x_wconf 87' lang='lat' dir='ltr'><strong>dicitur</strong></span> <span class='ocrx_word' id='word_1_24' title='bbox 951 216 1090 251; x_wconf 89' lang='lat' dir='ltr'><strong>formale</strong></span> <span class='ocrx_word' id='word_1_25' title='bbox 1105 219 1229 265; x_wconf 80' lang='lat' dir='ltr'><strong>peccati</strong></span> <span class='ocrx_word' id='word_1_26' title='bbox 1241 246 1251 260; x_wconf 89' lang='lat'>,</span> <span class='ocrx_word' id='word_1_27' title='bbox 1266 219 1310 253; x_wconf 83' lang='lat' dir='ltr'><strong>est</strong></span> <span class='ocrx_word' id='word_1_28' title='bbox 1324 219 1404 268; x_wconf 80' lang='lat' dir='ltr'><strong>saepe</strong></span> <span class='ocrx_word' id='word_1_29' title='bbox 1414 234 1473 256; x_wconf 88' lang='lat' dir='ltr'><strong>ne-</strong></span> 
     </span>
     <span class='ocr_line' id='line_1_4' title="bbox 82 262 1470 313; baseline 0.006 -16"><span class='ocrx_word' id='word_1_30' title='bbox 82 262 215 300; x_wconf 72' lang='lat' dir='ltr'><strong>cessario</strong></span> <span class='ocrx_word' id='word_1_31' title='bbox 226 277 411 300; x_wconf 87' lang='lat' dir='ltr'><strong>connexum</strong></span> <span class='ocrx_word' id='word_1_32' title='bbox 421 278 496 300; x_wconf 89' lang='lat' dir='ltr'><strong>cum</strong></span> <span class='ocrx_word' id='word_1_33' title='bbox 513 267 648 299; x_wconf 84' lang='lat' dir='ltr'><strong>materia</strong></span> <span class='ocrx_word' id='word_1_34' title='bbox 661 267 786 313; x_wconf 89' lang='lat' dir='ltr'><strong>peccati</strong></span> <span class='ocrx_word' id='word_1_35' title='bbox 806 293 816 308; x_wconf 90' lang='lat'>‚</span> <span class='ocrx_word' id='word_1_36' title='bbox 837 266 918 298; x_wconf 90' lang='lat' dir='ltr'><strong>utin</strong></span> <span class='ocrx_word' id='word_1_37' title='bbox 932 265 1011 299; x_wconf 89' lang='lat' dir='ltr'><strong>odio</strong></span> <span class='ocrx_word' id='word_1_38' title='bbox 1032 268 1096 301; x_wconf 90' lang='lat' dir='ltr'><strong>Dei</strong></span> <span class='ocrx_word' id='word_1_39' title='bbox 1116 278 1247 301; x_wconf 87' lang='lat' dir='ltr'><strong>cernere</strong></span> <span class='ocrx_word' id='word_1_40' title='bbox 1265 268 1317 303; x_wconf 84' lang='lat' dir='ltr'><strong>est.</strong></span> <span class='ocrx_word' id='word_1_41' title='bbox 1339 271 1470 305; x_wconf 86' lang='lat' dir='ltr'><strong>Deinde</strong></span> 
     </span>
     <span class='ocr_line' id='line_1_5' title="bbox 76 312 1469 364; baseline 0.005 -17"><span class='ocrx_word' id='word_1_42' title='bbox 76 315 139 359; x_wconf 80' lang='lat' dir='ltr'><strong>qui</strong></span> <span class='ocrx_word' id='word_1_43' title='bbox 152 314 274 349; x_wconf 85' lang='lat' dir='ltr'>inducit</span> <span class='ocrx_word' id='word_1_44' title='bbox 291 314 459 349; x_wconf 85' lang='lat' dir='ltr'><strong>hominem</strong></span> <span class='ocrx_word' id='word_1_45' title='bbox 474 313 513 347; x_wconf 84' lang='lat' dir='ltr'><strong>ad</strong></span> <span class='ocrx_word' id='word_1_46' title='bbox 532 312 651 348; x_wconf 85' lang='lat' dir='ltr'><strong>furtum</strong></span> <span class='ocrx_word' id='word_1_47' title='bbox 667 342 678 357; x_wconf 89' lang='lat'>,</span> <span class='ocrx_word' id='word_1_48' title='bbox 690 312 744 348; x_wconf 92' lang='lat' dir='ltr'><strong>vel</strong></span> <span class='ocrx_word' id='word_1_49' title='bbox 758 312 961 356; x_wconf 72' lang='lat' dir='ltr'><strong>adulteriiun,</strong></span> <span class='ocrx_word' id='word_1_50' title='bbox 975 326 1041 354; x_wconf 84' lang='lat' dir='ltr'><strong>non</strong></span> <span class='ocrx_word' id='word_1_51' title='bbox 1056 315 1096 348; x_wconf 88' lang='lat' dir='ltr'><strong>ad</strong></span> <span class='ocrx_word' id='word_1_52' title='bbox 1112 315 1198 349; x_wconf 84' lang='lat' dir='ltr'><strong>aliud</strong></span> <span class='ocrx_word' id='word_1_53' title='bbox 1213 316 1469 364; x_wconf 66' lang='lat' dir='ltr'><strong>impellit,quam</strong></span> 
     </span>
     <span class='ocr_line' id='line_1_6' title="bbox 77 361 1468 411; baseline 0.006 -16"><span class='ocrx_word' id='word_1_54' title='bbox 77 362 125 395; x_wconf 67' lang='lat' dir='ltr'><strong>ad</strong></span> <span class='ocrx_word' id='word_1_55' title='bbox 133 363 235 410; x_wconf 88' lang='lat' dir='ltr'><strong>ipsum</strong></span> <span class='ocrx_word' id='word_1_56' title='bbox 278 365 380 397; x_wconf 83' lang='lat' dir='ltr'><strong>eccati</strong></span> <span class='ocrx_word' id='word_1_57' title='bbox 391 361 559 397; x_wconf 82' lang='lat' dir='ltr'><strong>materiale</strong></span> <span class='ocrx_word' id='word_1_58' title='bbox 575 379 585 405; x_wconf 79' lang='lat'>3</span> <span class='ocrx_word' id='word_1_59' title='bbox 603 375 643 397; x_wconf 82' lang='lat' dir='ltr'><strong>ac</strong></span> <span class='ocrx_word' id='word_1_60' title='bbox 664 375 762 398; x_wconf 88' lang='lat' dir='ltr'><strong>nemo</strong></span> <span class='ocrx_word' id='word_1_61' title='bbox 775 373 832 397; x_wconf 90' lang='lat' dir='ltr'><strong>aut</strong></span> <span class='ocrx_word' id='word_1_62' title='bbox 856 364 1052 410; x_wconf 81' lang='lat' dir='ltr'><strong>pravitatem</strong></span> <span class='ocrx_word' id='word_1_63' title='bbox 1070 362 1169 410; x_wconf 83' lang='lat' dir='ltr'><strong>ipsam</strong></span> <span class='ocrx_word' id='word_1_64' title='bbox 1184 367 1295 411; x_wconf 78' lang='lat' dir='ltr'><strong>quaerit</strong></span> <span class='ocrx_word' id='word_1_65' title='bbox 1312 393 1322 408; x_wconf 85' lang='lat'><strong>,</strong></span> <span class='ocrx_word' id='word_1_66' title='bbox 1350 378 1405 401; x_wconf 83' lang='lat' dir='ltr'><strong>aut</strong></span> <span class='ocrx_word' id='word_1_67' title='bbox 1428 369 1468 403; x_wconf 87' lang='lat' dir='ltr'><strong>ad</strong></span> 
     </span>
     <span class='ocr_line' id='line_1_7' title="bbox 76 376 1468 460; baseline 0.003 -16"><span class='ocrx_word' id='word_1_68' title='bbox 76 421 155 445; x_wconf 74' lang='lat' dir='ltr'><strong>veam</strong></span> <span class='ocrx_word' id='word_1_69' title='bbox 165 376 305 459; x_wconf 85' lang='lat' dir='ltr'><strong>impellit</strong></span> <span class='ocrx_word' id='word_1_70' title='bbox 320 429 329 456; x_wconf 78' lang='lat'>3</span> <span class='ocrx_word' id='word_1_71' title='bbox 344 411 595 447; x_wconf 54' lang='lat' dir='ltr'><strong>delectationem</strong></span> <span class='ocrx_word' id='word_1_72' title='bbox 615 411 747 460; x_wconf 89' lang='lat' dir='ltr'><strong>quisque</strong></span> <span class='ocrx_word' id='word_1_73' title='bbox 765 410 853 447; x_wconf 88' lang='lat' dir='ltr'><strong>suam</strong></span> <span class='ocrx_word' id='word_1_74' title='bbox 864 440 874 455; x_wconf 89' lang='lat'>‚</span> <span class='ocrx_word' id='word_1_75' title='bbox 895 423 952 446; x_wconf 86' lang='lat' dir='ltr'><strong>aut</strong></span> <span class='ocrx_word' id='word_1_76' title='bbox 968 410 1142 449; x_wconf 76' lang='lat' dir='ltr'><strong>utilitatem</strong></span> <span class='ocrx_word' id='word_1_77' title='bbox 1158 411 1357 449; x_wconf 56' lang='lat' dir='ltr'><strong>consecratur</strong></span> <span class='ocrx_word' id='word_1_78' title='bbox 1374 444 1384 458; x_wconf 88' lang='lat'>,</span> <span class='ocrx_word' id='word_1_79' title='bbox 1407 429 1468 451; x_wconf 84' lang='lat' dir='ltr'><strong>nec</strong></span> 
     </span>
     <span class='ocr_line' id='line_1_8' title="bbox 74 459 1468 510; baseline 0.004 -18"><span class='ocrx_word' id='word_1_80' title='bbox 74 470 222 507; x_wconf 43' lang='lat' dir='ltr'><strong>‘unquam</strong></span> <span class='ocrx_word' id='word_1_81' title='bbox 236 460 385 496; x_wconf 86' lang='lat' dir='ltr'><strong>voluntas</strong></span> <span class='ocrx_word' id='word_1_82' title='bbox 401 463 527 510; x_wconf 83' lang='lat' dir='ltr'><strong>peccati</strong></span> <span class='ocrx_word' id='word_1_83' title='bbox 541 460 681 495; x_wconf 86' lang='lat' dir='ltr'><strong>formam</strong></span> <span class='ocrx_word' id='word_1_84' title='bbox 692 489 701 503; x_wconf 93' lang='lat'>,</span> <span class='ocrx_word' id='word_1_85' title='bbox 716 472 773 496; x_wconf 86' lang='lat' dir='ltr'><strong>aur</strong></span> <span class='ocrx_word' id='word_1_86' title='bbox 786 463 895 508; x_wconf 83' lang='lat' dir='ltr'><strong>potius</strong></span> <span class='ocrx_word' id='word_1_87' title='bbox 914 459 1160 496; x_wconf 79' lang='lat' dir='ltr'><strong>deformitatem</strong></span> <span class='ocrx_word' id='word_1_88' title='bbox 1172 465 1297 510; x_wconf 79' lang='lat' dir='ltr'><strong>expetit</strong></span> <span class='ocrx_word' id='word_1_89' title='bbox 1308 492 1318 507; x_wconf 87' lang='lat'><em>,</em></span> <span class='ocrx_word' id='word_1_90' title='bbox 1335 463 1391 498; x_wconf 82' lang='lat' dir='ltr'><strong>nisi</strong></span> <span class='ocrx_word' id='word_1_91' title='bbox 1404 467 1468 500; x_wconf 81' lang='lat' dir='ltr'><strong>im-</strong></span> 
     </span>
     <span class='ocr_line' id='line_1_9' title="bbox 73 507 1467 561; baseline 0.004 -19"><span class='ocrx_word' id='word_1_92' title='bbox 73 507 189 555; x_wconf 74' lang='lat' dir='ltr'><strong>plicite</strong></span> <span class='ocrx_word' id='word_1_93' title='bbox 207 538 217 553; x_wconf 89' lang='lat'>,</span> <span class='ocrx_word' id='word_1_94' title='bbox 239 521 398 558; x_wconf 83' lang='lat' dir='ltr'><strong>quatenus</strong></span> <span class='ocrx_word' id='word_1_95' title='bbox 416 522 454 544; x_wconf 86' lang='lat' dir='ltr'><strong>ea</strong></span> <span class='ocrx_word' id='word_1_96' title='bbox 472 521 572 558; x_wconf 85' lang='lat' dir='ltr'><strong>pravo</strong></span> <span class='ocrx_word' id='word_1_97' title='bbox 584 515 618 546; x_wconf 73' lang='grc' dir='ltr'><strong>ὃ(</strong></span> <span class='ocrx_word' id='word_1_98' title='bbox 629 512 734 544; x_wconf 89' lang='lat' dir='ltr'><strong>vetito</strong></span> <span class='ocrx_word' id='word_1_99' title='bbox 744 511 830 545; x_wconf 73' lang='lat' dir='ltr'><strong>actui</strong></span> <span class='ocrx_word' id='word_1_100' title='bbox 844 508 1045 544; x_wconf 65' lang='lat' dir='ltr'><strong>adhaerescit:</strong></span> <span class='ocrx_word' id='word_1_101' title='bbox 1060 523 1121 544; x_wconf 90' lang='lat' dir='ltr'><strong>nec</strong></span> <span class='ocrx_word' id='word_1_102' title='bbox 1136 509 1220 545; x_wconf 85' lang='lat' dir='ltr'><strong>aliud</strong></span> <span class='ocrx_word' id='word_1_103' title='bbox 1237 512 1367 547; x_wconf 89' lang='lat' dir='ltr'><strong>demum</strong></span> <span class='ocrx_word' id='word_1_104' title='bbox 1380 513 1467 561; x_wconf 83' lang='lat' dir='ltr'><strong>leges</strong></span> 
     </span>
     <span class='ocr_line' id='line_1_10' title="bbox 72 556 1468 607; baseline 0.004 -18"><span class='ocrx_word' id='word_1_105' title='bbox 72 569 193 593; x_wconf 73' lang='lat' dir='ltr'><strong>vetant</strong></span> <span class='ocrx_word' id='word_1_106' title='bbox 204 588 214 602; x_wconf 88' lang='lat'>,</span> <span class='ocrx_word' id='word_1_107' title='bbox 231 556 336 606; x_wconf 59' lang='lat' dir='ltr'><strong>quam</strong></span> <span class='ocrx_word' id='word_1_108' title='bbox 345 558 478 607; x_wconf 89' lang='lat' dir='ltr'><strong>idipsum</strong></span> <span class='ocrx_word' id='word_1_109' title='bbox 496 559 585 606; x_wconf 88' lang='lat' dir='ltr'><strong>quod</strong></span> <span class='ocrx_word' id='word_1_110' title='bbox 600 570 721 594; x_wconf 87' lang='lat' dir='ltr'><strong>vocant</strong></span> <span class='ocrx_word' id='word_1_111' title='bbox 736 558 902 594; x_wconf 84' lang='lat' dir='ltr'><strong>materiale</strong></span> <span class='ocrx_word' id='word_1_112' title='bbox 914 559 1049 606; x_wconf 87' lang='lat' dir='ltr'><strong>peccati.</strong></span> <span class='ocrx_word' id='word_1_113' title='bbox 1061 560 1108 595; x_wconf 89' lang='lat' dir='ltr'><strong>Ac</strong></span> <span class='ocrx_word' id='word_1_114' title='bbox 1121 559 1142 594; x_wconf 87' lang='lat' dir='ltr'><strong>sl</strong></span> <span class='ocrx_word' id='word_1_115' title='bbox 1157 562 1225 606; x_wconf 86' lang='lat' dir='ltr'><strong>quis</strong></span> <span class='ocrx_word' id='word_1_116' title='bbox 1240 560 1334 595; x_wconf 78' lang='lat' dir='ltr'><strong>alteri</strong></span> <span class='ocrx_word' id='word_1_117' title='bbox 1352 563 1383 596; x_wconf 89' lang='lat' dir='ltr'><strong>id</strong></span> <span class='ocrx_word' id='word_1_118' title='bbox 1399 561 1468 597; x_wconf 67' lang='lat' dir='ltr'><strong>sua,</strong></span> 
     </span>
     <span class='ocr_line' id='line_1_11' title="bbox 75 605 1465 659; baseline 0.004 -20"><span class='ocrx_word' id='word_1_119' title='bbox 75 605 153 640; x_wconf 89' lang='lat' dir='ltr'><strong>deat</strong></span> <span class='ocrx_word' id='word_1_120' title='bbox 162 608 251 653; x_wconf 91' lang='lat' dir='ltr'><strong>quod</strong></span> <span class='ocrx_word' id='word_1_121' title='bbox 264 607 311 641; x_wconf 87' lang='lat' dir='ltr'><strong>est</strong></span> <span class='ocrx_word' id='word_1_122' title='bbox 327 619 515 655; x_wconf 88' lang='lat' dir='ltr'><strong>peccatum,</strong></span> <span class='ocrx_word' id='word_1_123' title='bbox 534 610 558 642; x_wconf 92' lang='lat' dir='ltr'><strong>is</strong></span> <span class='ocrx_word' id='word_1_124' title='bbox 581 607 654 643; x_wconf 74' lang='lat' dir='ltr'><strong>sane</strong></span> <span class='ocrx_word' id='word_1_125' title='bbox 673 621 740 644; x_wconf 91' lang='lat' dir='ltr'><strong>non</strong></span> <span class='ocrx_word' id='word_1_126' title='bbox 758 610 821 642; x_wconf 89' lang='lat' dir='ltr'><strong>erit</strong></span> <span class='ocrx_word' id='word_1_127' title='bbox 836 609 989 643; x_wconf 84' lang='lat' dir='ltr'><strong>immunis</strong></span> <span class='ocrx_word' id='word_1_128' title='bbox 1004 606 1024 643; x_wconf 73' lang='grc' dir='ltr'>ὲ</span> <span class='ocrx_word' id='word_1_129' title='bbox 1039 609 1315 656; x_wconf 87' lang='lat' dir='ltr'><strong>crimine,quanto</strong></span> <span class='ocrx_word' id='word_1_130' title='bbox 1327 611 1465 659; x_wconf 80' lang='lat' dir='ltr'><strong>magis,si</strong></span> 
     </span>
     <span class='ocr_line' id='line_1_12' title="bbox 73 653 1467 706; baseline 0.004 -18"><span class='ocrx_word' id='word_1_131' title='bbox 73 653 203 703; x_wconf 83' lang='lat' dir='ltr'><strong>physice</strong></span> <span class='ocrx_word' id='word_1_132' title='bbox 213 668 286 690; x_wconf 90' lang='lat' dir='ltr'><strong>eum</strong></span> <span class='ocrx_word' id='word_1_133' title='bbox 299 657 338 690; x_wconf 81' lang='lat' dir='ltr'><strong>ad</strong></span> <span class='ocrx_word' id='word_1_134' title='bbox 351 669 467 705; x_wconf 87' lang='lat' dir='ltr'><strong>pravos</strong></span> <span class='ocrx_word' id='word_1_135' title='bbox 479 659 567 693; x_wconf 64' lang='lat' dir='ltr'><strong>astus</strong></span> <span class='ocrx_word' id='word_1_136' title='bbox 578 657 782 693; x_wconf 89' lang='lat' dir='ltr'><strong>determinet.</strong></span> <span class='ocrx_word' id='word_1_137' title='bbox 793 660 830 692; x_wconf 81' lang='lat' dir='ltr'><strong>Et</strong></span> <span class='ocrx_word' id='word_1_138' title='bbox 841 656 913 691; x_wconf 81' lang='lat' dir='ltr'><strong>sane</strong></span> <span class='ocrx_word' id='word_1_139' title='bbox 925 655 1027 691; x_wconf 92' lang='lat' dir='ltr'><strong>homo</strong></span> <span class='ocrx_word' id='word_1_140' title='bbox 1038 669 1111 692; x_wconf 92' lang='lat' dir='ltr'><strong>cum</strong></span> <span class='ocrx_word' id='word_1_141' title='bbox 1127 659 1377 706; x_wconf 81' lang='lat' dir='ltr'><strong>peccat,morale</strong></span> <span class='ocrx_word' id='word_1_142' title='bbox 1387 659 1467 695; x_wconf 91' lang='lat' dir='ltr'><strong>illud</strong></span> 
     </span>
     <span class='ocr_line' id='line_1_13' title="bbox 74 704 1465 756; baseline 0.005 -19"><span class='ocrx_word' id='word_1_143' title='bbox 74 715 141 738; x_wconf 91' lang='lat' dir='ltr'><strong>non</strong></span> <span class='ocrx_word' id='word_1_144' title='bbox 152 704 246 739; x_wconf 86' lang='lat' dir='ltr'><strong>aliter</strong></span> <span class='ocrx_word' id='word_1_145' title='bbox 258 704 344 748; x_wconf 90' lang='lat' dir='ltr'><strong>vult,</strong></span> <span class='ocrx_word' id='word_1_146' title='bbox 357 717 414 740; x_wconf 89' lang='lat' dir='ltr'><strong>aut</strong></span> <span class='ocrx_word' id='word_1_147' title='bbox 426 706 526 749; x_wconf 85' lang='lat' dir='ltr'><strong>facit,</strong></span> <span class='ocrx_word' id='word_1_148' title='bbox 546 706 647 753; x_wconf 65' lang='lat' dir='ltr'><strong>quam</strong></span> <span class='ocrx_word' id='word_1_149' title='bbox 665 709 741 753; x_wconf 88' lang='lat' dir='ltr'><strong>quia</strong></span> <span class='ocrx_word' id='word_1_150' title='bbox 763 706 850 754; x_wconf 88' lang='lat' dir='ltr'><strong>quod</strong></span> <span class='ocrx_word' id='word_1_151' title='bbox 870 704 1034 753; x_wconf 86' lang='lat' dir='ltr'><strong>physicum</strong></span> <span class='ocrx_word' id='word_1_152' title='bbox 1052 707 1108 750; x_wconf 86' lang='lat' dir='ltr'><strong>est,</strong></span> <span class='ocrx_word' id='word_1_153' title='bbox 1124 706 1214 741; x_wconf 89' lang='lat' dir='ltr'><strong>vult:</strong></span> <span class='ocrx_word' id='word_1_154' title='bbox 1230 709 1465 756; x_wconf 83' lang='lat' dir='ltr'><strong>turpitudinem</strong></span> 
     </span>
     <span class='ocr_line' id='line_1_14' title="bbox 74 754 1463 805; baseline 0.005 -19"><span class='ocrx_word' id='word_1_155' title='bbox 74 754 163 787; x_wconf 86' lang='lat' dir='ltr'><strong>enim</strong></span> <span class='ocrx_word' id='word_1_156' title='bbox 174 756 297 801; x_wconf 88' lang='lat' dir='ltr'><strong>peccati</strong></span> <span class='ocrx_word' id='word_1_157' title='bbox 308 755 380 788; x_wconf 92' lang='lat' dir='ltr'><strong>odit</strong></span> <span class='ocrx_word' id='word_1_158' title='bbox 393 782 402 797; x_wconf 89' lang='lat'><em>‚</em></span> <span class='ocrx_word' id='word_1_159' title='bbox 420 754 484 789; x_wconf 80' lang='lat' dir='ltr'><strong>sola</strong></span> <span class='ocrx_word' id='word_1_160' title='bbox 496 755 622 789; x_wconf 82' lang='lat' dir='ltr'><strong>ducitur</strong></span> <span class='ocrx_word' id='word_1_161' title='bbox 637 754 765 803; x_wconf 71' lang='lat' dir='ltr'><strong>physica</strong></span> <span class='ocrx_word' id='word_1_162' title='bbox 780 754 1009 790; x_wconf 66' lang='lat' dir='ltr'><strong>deleritatione.</strong></span> <span class='ocrx_word' id='word_1_163' title='bbox 1029 756 1129 803; x_wconf 86' lang='lat' dir='ltr'><strong>Qod</strong></span> <span class='ocrx_word' id='word_1_164' title='bbox 1149 755 1169 790; x_wconf 81' lang='lat' dir='ltr'><strong>si</strong></span> <span class='ocrx_word' id='word_1_165' title='bbox 1192 759 1281 791; x_wconf 85' lang='lat' dir='ltr'><strong>Deus</strong></span> <span class='ocrx_word' id='word_1_166' title='bbox 1294 760 1463 805; x_wconf 81' lang='lat' dir='ltr'><strong>permittat</strong></span> 
     </span>
     <span class='ocr_line' id='line_1_15' title="bbox 72 801 1464 854; baseline 0.006 -21"><span class='ocrx_word' id='word_1_167' title='bbox 72 803 307 837; x_wconf 83' lang='lat' dir='ltr'><strong>tantummodo</strong></span> <span class='ocrx_word' id='word_1_168' title='bbox 318 802 475 837; x_wconf 80' lang='lat' dir='ltr'><strong>moralem</strong></span> <span class='ocrx_word' id='word_1_169' title='bbox 488 804 720 850; x_wconf 81' lang='lat' dir='ltr'><strong>turpitudinem</strong></span> <span class='ocrx_word' id='word_1_170' title='bbox 733 831 742 846; x_wconf 91' lang='lat'>,</span> <span class='ocrx_word' id='word_1_171' title='bbox 753 817 820 839; x_wconf 89' lang='lat' dir='ltr'><strong>non</strong></span> <span class='ocrx_word' id='word_1_172' title='bbox 830 801 992 852; x_wconf 76' lang='lat' dir='ltr'><strong>physicam</strong></span> <span class='ocrx_word' id='word_1_173' title='bbox 1001 833 1010 847; x_wconf 90' lang='lat'>,</span> <span class='ocrx_word' id='word_1_174' title='bbox 1024 805 1056 838; x_wconf 93' lang='lat' dir='ltr'><strong>id</strong></span> <span class='ocrx_word' id='word_1_175' title='bbox 1068 805 1170 840; x_wconf 91' lang='lat' dir='ltr'><strong>solum</strong></span> <span class='ocrx_word' id='word_1_176' title='bbox 1182 808 1361 852; x_wconf 84' lang='lat' dir='ltr'><strong>permittet,</strong></span> <span class='ocrx_word' id='word_1_177' title='bbox 1373 809 1464 854; x_wconf 89' lang='lat' dir='ltr'><strong>quod</strong></span> 
     </span>
     <span class='ocr_line' id='line_1_16' title="bbox 73 851 1462 904; baseline 0.004 -20"><span class='ocrx_word' id='word_1_178' title='bbox 73 861 140 885; x_wconf 83' lang='lat' dir='ltr'><strong>non</strong></span> <span class='ocrx_word' id='word_1_179' title='bbox 176 851 282 898; x_wconf 88' lang='lat' dir='ltr'><strong>potest</strong></span> <span class='ocrx_word' id='word_1_180' title='bbox 301 851 471 898; x_wconf 86' lang='lat' dir='ltr'><strong>impedire.</strong></span> <span class='ocrx_word' id='word_1_181' title='bbox 497 852 532 885; x_wconf 87' lang='lat' dir='ltr'><strong>ld</strong></span> <span class='ocrx_word' id='word_1_182' title='bbox 549 854 638 887; x_wconf 88' lang='lat' dir='ltr'><strong>enim</strong></span> <span class='ocrx_word' id='word_1_183' title='bbox 672 852 741 888; x_wconf 84' lang='lat' dir='ltr'><strong>fieri</strong></span> <span class='ocrx_word' id='word_1_184' title='bbox 769 855 881 900; x_wconf 88' lang='lat' dir='ltr'><strong>nequit</strong></span> <span class='ocrx_word' id='word_1_185' title='bbox 895 864 930 887; x_wconf 93' lang='lat' dir='ltr'><strong>ut</strong></span> <span class='ocrx_word' id='word_1_186' title='bbox 958 865 999 887; x_wconf 90' lang='lat' dir='ltr'><strong>ex</strong></span> <span class='ocrx_word' id='word_1_187' title='bbox 1023 866 1062 888; x_wconf 79' lang='lat' dir='ltr'><strong>ex</strong></span> <span class='ocrx_word' id='word_1_188' title='bbox 1077 855 1156 888; x_wconf 90' lang='lat' dir='ltr'><strong>odio</strong></span> <span class='ocrx_word' id='word_1_189' title='bbox 1175 857 1300 889; x_wconf 85' lang='lat' dir='ltr'><strong>virtutis</strong></span> <span class='ocrx_word' id='word_1_190' title='bbox 1321 858 1462 904; x_wconf 86' lang='lat' dir='ltr'><strong>pravitas</strong></span> 
     </span>
     <span class='ocr_line' id='line_1_17' title="bbox 72 899 509 946; baseline 0.002 -15"><span class='ocrx_word' id='word_1_191' title='bbox 72 901 198 945; x_wconf 84' lang='lat' dir='ltr'><strong>peccati</strong></span> <span class='ocrx_word' id='word_1_192' title='bbox 211 912 276 934; x_wconf 89' lang='lat' dir='ltr'><strong>non</strong></span> <span class='ocrx_word' id='word_1_193' title='bbox 293 899 509 946; x_wconf 80' lang='lat' dir='ltr'><strong>consequatur.</strong></span> 
     </span>
    </p>

    <p class='ocr_par' dir='ltr' id='par_1_3' title="bbox 58 948 1459 1725">
     <span class='ocr_line' id='line_1_18' title="bbox 108 948 1459 997; baseline 0.006 -17"><span class='ocrx_word' id='word_1_194' title='bbox 108 950 248 983; x_wconf 79' lang='lat' dir='ltr'><strong>Contra.</strong></span> <span class='ocrx_word' id='word_1_195' title='bbox 268 961 294 984; x_wconf 85' lang='lat'><strong>2.</strong></span> <span class='ocrx_word' id='word_1_196' title='bbox 312 950 347 982; x_wconf 89' lang='lat' dir='ltr'><strong>Si</strong></span> <span class='ocrx_word' id='word_1_197' title='bbox 361 952 452 985; x_wconf 81' lang='lat' dir='ltr'><strong>Deus</strong></span> <span class='ocrx_word' id='word_1_198' title='bbox 463 950 502 984; x_wconf 83' lang='lat' dir='ltr'><strong>ad</strong></span> <span class='ocrx_word' id='word_1_199' title='bbox 517 949 549 983; x_wconf 88' lang='lat' dir='ltr'><strong>id</strong></span> <span class='ocrx_word' id='word_1_200' title='bbox 569 948 658 996; x_wconf 87' lang='lat' dir='ltr'><strong>quod</strong></span> <span class='ocrx_word' id='word_1_201' title='bbox 669 960 788 983; x_wconf 87' lang='lat' dir='ltr'><strong>vocant</strong></span> <span class='ocrx_word' id='word_1_202' title='bbox 804 948 992 992; x_wconf 77' lang='lat' dir='ltr'><strong>materiale,</strong></span> <span class='ocrx_word' id='word_1_203' title='bbox 1019 948 1222 985; x_wconf 90' lang='lat' dir='ltr'><strong>voluntatem</strong></span> <span class='ocrx_word' id='word_1_204' title='bbox 1241 951 1438 988; x_wconf 82' lang='lat' dir='ltr'><strong>determinat</strong></span> <span class='ocrx_word' id='word_1_205' title='bbox 1450 982 1459 997; x_wconf 95' lang='lat'>‚</span> 
     </span>
     <span class='ocr_line' id='line_1_19' title="bbox 67 996 1458 1047; baseline 0.005 -17"><span class='ocrx_word' id='word_1_206' title='bbox 67 1007 138 1030; x_wconf 78' lang='lat' dir='ltr'><strong>non</strong></span> <span class='ocrx_word' id='word_1_207' title='bbox 154 998 214 1030; x_wconf 90' lang='lat' dir='ltr'><strong>erit</strong></span> <span class='ocrx_word' id='word_1_208' title='bbox 233 999 334 1046; x_wconf 80' lang='lat' dir='ltr'><strong>magis</strong></span> <span class='ocrx_word' id='word_1_209' title='bbox 345 996 433 1031; x_wconf 65' lang='lat' dir='ltr'><strong>causa</strong></span> <span class='ocrx_word' id='word_1_210' title='bbox 445 996 607 1033; x_wconf 85' lang='lat' dir='ltr'><strong>bonorum</strong></span> <span class='ocrx_word' id='word_1_211' title='bbox 621 1026 630 1038; x_wconf 86' lang='lat'>,</span> <span class='ocrx_word' id='word_1_212' title='bbox 651 997 750 1044; x_wconf 66' lang='lat' dir='ltr'><strong>quam</strong></span> <span class='ocrx_word' id='word_1_213' title='bbox 760 1009 934 1045; x_wconf 87' lang='lat' dir='ltr'><strong>pravorum</strong></span> <span class='ocrx_word' id='word_1_214' title='bbox 942 999 1074 1034; x_wconf 68' lang='lat' dir='ltr'><strong>actuum</strong></span> <span class='ocrx_word' id='word_1_215' title='bbox 1084 1027 1094 1042; x_wconf 93' lang='lat'>,</span> <span class='ocrx_word' id='word_1_216' title='bbox 1111 1001 1239 1047; x_wconf 88' lang='lat' dir='ltr'><strong>utrique</strong></span> <span class='ocrx_word' id='word_1_217' title='bbox 1250 1003 1338 1035; x_wconf 91' lang='lat' dir='ltr'><strong>enim</strong></span> <span class='ocrx_word' id='word_1_218' title='bbox 1353 1014 1392 1036; x_wconf 82' lang='lat' dir='ltr'><strong>ex</strong></span> <span class='ocrx_word' id='word_1_219' title='bbox 1405 1015 1458 1037; x_wconf 88' lang='lat' dir='ltr'><strong>eo-</strong></span> 
     </span>
     <span class='ocr_line' id='line_1_20' title="bbox 70 1043 1458 1097; baseline 0.006 -20"><span class='ocrx_word' id='word_1_220' title='bbox 70 1043 147 1079; x_wconf 85' lang='lat' dir='ltr'><strong>dem</strong></span> <span class='ocrx_word' id='word_1_221' title='bbox 162 1045 257 1080; x_wconf 91' lang='lat' dir='ltr'><strong>fonte</strong></span> <span class='ocrx_word' id='word_1_222' title='bbox 271 1045 432 1093; x_wconf 84' lang='lat' dir='ltr'><strong>profluunt</strong></span> <span class='ocrx_word' id='word_1_223' title='bbox 446 1075 456 1089; x_wconf 87' lang='lat'>‚</span> <span class='ocrx_word' id='word_1_224' title='bbox 477 1058 574 1094; x_wconf 85' lang='lat' dir='ltr'><strong>atque</strong></span> <span class='ocrx_word' id='word_1_225' title='bbox 589 1046 666 1080; x_wconf 91' lang='lat' dir='ltr'><strong>illud</strong></span> <span class='ocrx_word' id='word_1_226' title='bbox 680 1046 803 1080; x_wconf 81' lang='lat' dir='ltr'><strong>Christi</strong></span> <span class='ocrx_word' id='word_1_227' title='bbox 828 1049 985 1090; x_wconf 82' lang='lat' dir='ltr'><strong>Domini,</strong></span> <span class='ocrx_word' id='word_1_228' title='bbox 1009 1049 1079 1093; x_wconf 75' lang='lat' dir='ltr'><strong>fine</strong></span> <span class='ocrx_word' id='word_1_229' title='bbox 1103 1061 1150 1081; x_wconf 86' lang='lat' dir='ltr'><strong>me</strong></span> <span class='ocrx_word' id='word_1_230' title='bbox 1173 1048 1258 1083; x_wconf 79' lang='lat' dir='ltr'><strong>m&#39;hil</strong></span> <span class='ocrx_word' id='word_1_231' title='bbox 1267 1050 1458 1097; x_wconf 76' lang='lat' dir='ltr'><strong>potestisfa..</strong></span> 
     </span>
     <span class='ocr_line' id='line_1_21' title="bbox 67 1092 1455 1144; baseline 0.004 -19"><span class='ocrx_word' id='word_1_232' title='bbox 67 1105 136 1126; x_wconf 84' lang='lat' dir='ltr'><strong>cere</strong></span> <span class='ocrx_word' id='word_1_233' title='bbox 150 1120 158 1131; x_wconf 90' lang='lat'>,</span> <span class='ocrx_word' id='word_1_234' title='bbox 181 1092 203 1128; x_wconf 82' lang='lat' dir='ltr'><strong>si</strong></span> <span class='ocrx_word' id='word_1_235' title='bbox 218 1094 257 1127; x_wconf 88' lang='lat' dir='ltr'><strong>de</strong></span> <span class='ocrx_word' id='word_1_236' title='bbox 276 1094 614 1142; x_wconf 78' lang='lat' dir='ltr'><strong>praedeterminatione</strong></span> <span class='ocrx_word' id='word_1_237' title='bbox 629 1094 756 1142; x_wconf 84' lang='lat' dir='ltr'><strong>physica</strong></span> <span class='ocrx_word' id='word_1_238' title='bbox 766 1094 801 1130; x_wconf 85' lang='lat' dir='ltr'><strong>fir</strong></span> <span class='ocrx_word' id='word_1_239' title='bbox 812 1095 1061 1144; x_wconf 85' lang='lat' dir='ltr'><strong>intelligendum</strong></span> <span class='ocrx_word' id='word_1_240' title='bbox 1075 1125 1084 1138; x_wconf 96' lang='lat'>,</span> <span class='ocrx_word' id='word_1_241' title='bbox 1104 1108 1141 1130; x_wconf 90' lang='lat' dir='ltr'><strong>ut</strong></span> <span class='ocrx_word' id='word_1_242' title='bbox 1154 1101 1350 1132; x_wconf 87' lang='lat' dir='ltr'><strong>recentiores</strong></span> <span class='ocrx_word' id='word_1_243' title='bbox 1363 1099 1455 1134; x_wconf 85' lang='lat' dir='ltr'><strong>Tho-</strong></span> 
     </span>
     <span class='ocr_line' id='line_1_22' title="bbox 69 1142 1453 1193; baseline 0.004 -17"><span class='ocrx_word' id='word_1_244' title='bbox 69 1142 167 1176; x_wconf 83' lang='lat' dir='ltr'><strong>niistae</strong></span> <span class='ocrx_word' id='word_1_245' title='bbox 180 1144 394 1191; x_wconf 88' lang='lat' dir='ltr'><strong>pertendunt,</strong></span> <span class='ocrx_word' id='word_1_246' title='bbox 406 1144 494 1178; x_wconf 88' lang='lat' dir='ltr'><strong>malis</strong></span> <span class='ocrx_word' id='word_1_247' title='bbox 507 1149 596 1193; x_wconf 82' lang='lat' dir='ltr'><strong>juxta</strong></span> <span class='ocrx_word' id='word_1_248' title='bbox 611 1149 644 1180; x_wconf 89' lang='lat'>&amp;</span> <span class='ocrx_word' id='word_1_249' title='bbox 661 1142 754 1178; x_wconf 87' lang='lat' dir='ltr'><strong>bonis</strong></span> <span class='ocrx_word' id='word_1_250' title='bbox 767 1143 921 1192; x_wconf 86' lang='lat' dir='ltr'><strong>operibus</strong></span> <span class='ocrx_word' id='word_1_251' title='bbox 937 1157 1110 1180; x_wconf 86' lang='lat' dir='ltr'><strong>commune</strong></span> <span class='ocrx_word' id='word_1_252' title='bbox 1129 1147 1191 1179; x_wconf 87' lang='lat' dir='ltr'><strong>erit</strong></span> <span class='ocrx_word' id='word_1_253' title='bbox 1206 1159 1214 1180; x_wconf 90' lang='lat'><strong>:</strong></span> <span class='ocrx_word' id='word_1_254' title='bbox 1241 1151 1275 1183; x_wconf 90' lang='lat'>&amp;</span> <span class='ocrx_word' id='word_1_255' title='bbox 1291 1158 1400 1182; x_wconf 84' lang='lat' dir='ltr'><strong>tamen</strong></span> <span class='ocrx_word' id='word_1_256' title='bbox 1415 1161 1453 1183; x_wconf 79' lang='lat' dir='ltr'><strong>ex</strong></span> 
     </span>
     <span class='ocr_line' id='line_1_23' title="bbox 68 1191 1454 1242; baseline 0.005 -17"><span class='ocrx_word' id='word_1_257' title='bbox 68 1191 229 1238; x_wconf 87' lang='lat' dir='ltr'><strong>Apostolo</strong></span> <span class='ocrx_word' id='word_1_258' title='bbox 247 1191 379 1240; x_wconf 84' lang='lat' dir='ltr'><strong>Jacobo</strong></span> <span class='ocrx_word' id='word_1_259' title='bbox 404 1192 495 1226; x_wconf 82' lang='lat' dir='ltr'><strong>Deus</strong></span> <span class='ocrx_word' id='word_1_260' title='bbox 511 1193 856 1227; x_wconf 73' lang='lat' dir='ltr'><strong>intentator-malorum</strong></span> <span class='ocrx_word' id='word_1_261' title='bbox 875 1193 916 1236; x_wconf 87' lang='lat' dir='ltr'><strong>est</strong></span> <span class='ocrx_word' id='word_1_262' title='bbox 927 1220 936 1232; x_wconf 93' lang='lat'>,</span> <span class='ocrx_word' id='word_1_263' title='bbox 963 1206 999 1227; x_wconf 90' lang='lat' dir='ltr'><strong>ac</strong></span> <span class='ocrx_word' id='word_1_264' title='bbox 1011 1206 1052 1227; x_wconf 90' lang='lat' dir='ltr'><strong>ne</strong></span> <span class='ocrx_word' id='word_1_265' title='bbox 1067 1194 1233 1228; x_wconf 81' lang='lat' dir='ltr'><strong>moraliter</strong></span> <span class='ocrx_word' id='word_1_266' title='bbox 1243 1196 1376 1242; x_wconf 86' lang='lat' dir='ltr'><strong>quidem</strong></span> <span class='ocrx_word' id='word_1_267' title='bbox 1393 1210 1454 1232; x_wconf 88' lang='lat' dir='ltr'><strong>nos</strong></span> 
     </span>
     <span class='ocr_line' id='line_1_24' title="bbox 63 1241 1455 1291; baseline 0.004 -19"><span class='ocrx_word' id='word_1_268' title='bbox 63 1251 182 1274; x_wconf 82' lang='lat' dir='ltr'><strong>movet</strong></span> <span class='ocrx_word' id='word_1_269' title='bbox 193 1241 233 1275; x_wconf 86' lang='lat' dir='ltr'><strong>ad</strong></span> <span class='ocrx_word' id='word_1_270' title='bbox 245 1241 365 1276; x_wconf 86' lang='lat' dir='ltr'><strong>malum</strong></span> <span class='ocrx_word' id='word_1_271' title='bbox 378 1269 388 1284; x_wconf 93' lang='lat'>‚</span> <span class='ocrx_word' id='word_1_272' title='bbox 411 1241 533 1276; x_wconf 89' lang='lat' dir='ltr'><strong>nedum</strong></span> <span class='ocrx_word' id='word_1_273' title='bbox 543 1241 814 1290; x_wconf 78' lang='lat' dir='ltr'><strong>praedeterminar.</strong></span> <span class='ocrx_word' id='word_1_274' title='bbox 830 1243 920 1276; x_wconf 87' lang='lat' dir='ltr'><strong>Hinc</strong></span> <span class='ocrx_word' id='word_1_275' title='bbox 936 1243 992 1279; x_wconf 85' lang='lat' dir='ltr'><strong>SS.</strong></span> <span class='ocrx_word' id='word_1_276' title='bbox 1006 1244 1116 1278; x_wconf 89' lang='lat' dir='ltr'><strong>Patres</strong></span> <span class='ocrx_word' id='word_1_277' title='bbox 1129 1242 1321 1291; x_wconf 81' lang='lat' dir='ltr'><strong>distinguunt</strong></span> <span class='ocrx_word' id='word_1_278' title='bbox 1336 1244 1455 1280; x_wconf 84' lang='lat' dir='ltr'><strong>volun-</strong></span> 
     </span>
     <span class='ocr_line' id='line_1_25' title="bbox 68 1288 1452 1340; baseline 0.007 -20"><span class='ocrx_word' id='word_1_279' title='bbox 68 1288 198 1324; x_wconf 57' lang='lat' dir='ltr'><strong>tatem&amp;</strong></span> <span class='ocrx_word' id='word_1_280' title='bbox 212 1291 386 1338; x_wconf 79' lang='lat' dir='ltr'><strong>potestate,</strong></span> <span class='ocrx_word' id='word_1_281' title='bbox 405 1289 590 1325; x_wconf 83' lang='lat' dir='ltr'><strong>consensum</strong></span> <span class='ocrx_word' id='word_1_282' title='bbox 604 1289 646 1324; x_wconf 85' lang='lat' dir='ltr'><strong>ab</strong></span> <span class='ocrx_word' id='word_1_283' title='bbox 664 1292 879 1325; x_wconf 89' lang='lat' dir='ltr'><strong>executione:</strong></span> <span class='ocrx_word' id='word_1_284' title='bbox 898 1294 1004 1326; x_wconf 87' lang='lat' dir='ltr'><strong>Deum</strong></span> <span class='ocrx_word' id='word_1_285' title='bbox 1017 1289 1078 1325; x_wconf 79' lang='lat' dir='ltr'><strong>esse</strong></span> <span class='ocrx_word' id='word_1_286' title='bbox 1094 1294 1242 1326; x_wconf 87' lang='lat' dir='ltr'><strong>omnium</strong></span> <span class='ocrx_word' id='word_1_287' title='bbox 1254 1293 1452 1340; x_wconf 86' lang='lat' dir='ltr'><strong>potestatum</strong></span> 
     </span>
     <span class='ocr_line' id='line_1_26' title="bbox 66 1336 1452 1390; baseline 0.004 -21"><span class='ocrx_word' id='word_1_288' title='bbox 66 1336 217 1373; x_wconf 86' lang='lat' dir='ltr'><strong>datorem</strong></span> <span class='ocrx_word' id='word_1_289' title='bbox 247 1338 419 1386; x_wconf 81' lang='lat' dir='ltr'><strong>agnoscunt</strong></span> <span class='ocrx_word' id='word_1_290' title='bbox 430 1368 440 1382; x_wconf 87' lang='lat'>,</span> <span class='ocrx_word' id='word_1_291' title='bbox 455 1352 524 1373; x_wconf 86' lang='lat' dir='ltr'><strong>non</strong></span> <span class='ocrx_word' id='word_1_292' title='bbox 534 1339 749 1373; x_wconf 88' lang='lat' dir='ltr'><strong>voluntatum.</strong></span> <span class='ocrx_word' id='word_1_293' title='bbox 760 1340 842 1385; x_wconf 83' lang='lat' dir='ltr'><strong>Aug.</strong></span> <span class='ocrx_word' id='word_1_294' title='bbox 855 1339 875 1374; x_wconf 92' lang='lat' dir='ltr'><strong>l.</strong></span> <span class='ocrx_word' id='word_1_295' title='bbox 890 1340 930 1372; x_wconf 86' lang='lat' dir='ltr'><strong>de</strong></span> <span class='ocrx_word' id='word_1_296' title='bbox 943 1338 1011 1386; x_wconf 82' lang='lat' dir='ltr'><strong>spir.</strong></span> <span class='ocrx_word' id='word_1_297' title='bbox 1027 1344 1059 1375; x_wconf 89' lang='lat'><strong>&amp;</strong></span> <span class='ocrx_word' id='word_1_298' title='bbox 1075 1340 1120 1374; x_wconf 88' lang='lat' dir='ltr'><strong>lit.</strong></span> <span class='ocrx_word' id='word_1_299' title='bbox 1130 1352 1157 1376; x_wconf 93' lang='lat' dir='ltr'><strong>c.</strong></span> <span class='ocrx_word' id='word_1_300' title='bbox 1170 1352 1210 1384; x_wconf 78' lang='lat'><strong>31.</strong></span> <span class='ocrx_word' id='word_1_301' title='bbox 1236 1342 1278 1374; x_wconf 94' lang='lat' dir='ltr'><em>N</em></span> <span class='ocrx_word' id='word_1_302' title='bbox 1279 1354 1316 1375; x_wconf 84' lang='lat' dir='ltr'><strong>on</strong></span> <span class='ocrx_word' id='word_1_303' title='bbox 1339 1342 1380 1386; x_wconf 85' lang='lat' dir='ltr'><strong>est</strong></span> <span class='ocrx_word' id='word_1_304' title='bbox 1394 1354 1452 1390; x_wconf 88' lang='lat' dir='ltr'><strong>po-</strong></span> 
     </span>
     <span class='ocr_line' id='line_1_27' title="bbox 66 1385 1447 1436; baseline 0.004 -18"><span class='ocrx_word' id='word_1_305' title='bbox 66 1385 160 1428; x_wconf 78' lang='lat' dir='ltr'><strong>testas</strong></span> <span class='ocrx_word' id='word_1_306' title='bbox 173 1387 232 1431; x_wconf 83' lang='lat' dir='ltr'><strong>nist</strong></span> <span class='ocrx_word' id='word_1_307' title='bbox 244 1385 265 1419; x_wconf 69' lang='grc' dir='ltr'><strong>ἰι</strong></span> <span class='ocrx_word' id='word_1_308' title='bbox 279 1389 349 1420; x_wconf 83' lang='lat' dir='ltr'><strong>Deo</strong></span> <span class='ocrx_word' id='word_1_309' title='bbox 363 1401 374 1419; x_wconf 86' lang='grc'><strong>.·</strong></span> <span class='ocrx_word' id='word_1_310' title='bbox 397 1386 554 1433; x_wconf 73' lang='lat' dir='ltr'><strong>nusquam</strong></span> <span class='ocrx_word' id='word_1_311' title='bbox 571 1387 703 1435; x_wconf 78' lang='lat' dir='ltr'><strong>legimus</strong></span> <span class='ocrx_word' id='word_1_312' title='bbox 720 1388 755 1420; x_wconf 87' lang='lat' dir='ltr'><strong>in</strong></span> <span class='ocrx_word' id='word_1_313' title='bbox 771 1388 932 1431; x_wconf 87' lang='lat' dir='ltr'><strong>Scriptura</strong></span> <span class='ocrx_word' id='word_1_314' title='bbox 944 1416 953 1436; x_wconf 63' lang='lat'><em>‚</em></span> <span class='ocrx_word' id='word_1_315' title='bbox 967 1401 1033 1423; x_wconf 89' lang='lat' dir='ltr'><strong>non</strong></span> <span class='ocrx_word' id='word_1_316' title='bbox 1049 1388 1091 1421; x_wconf 85' lang='lat' dir='ltr'><strong>est</strong></span> <span class='ocrx_word' id='word_1_317' title='bbox 1103 1389 1250 1423; x_wconf 84' lang='lat' dir='ltr'><strong>voluntas</strong></span> <span class='ocrx_word' id='word_1_318' title='bbox 1260 1389 1317 1424; x_wconf 70' lang='lat' dir='ltr'><strong>nisi</strong></span> <span class='ocrx_word' id='word_1_319' title='bbox 1331 1390 1351 1425; x_wconf 78' lang='grc' dir='ltr'><strong>ὲ.</strong></span> <span class='ocrx_word' id='word_1_320' title='bbox 1363 1394 1447 1426; x_wconf 91' lang='lat' dir='ltr'><strong>Deo.</strong></span> 
     </span>
     <span class='ocr_line' id='line_1_28' title="bbox 63 1433 1449 1484; baseline 0.003 -17"><span class='ocrx_word' id='word_1_321' title='bbox 63 1435 150 1467; x_wconf 82' lang='lat' dir='ltr'><strong>Inter</strong></span> <span class='ocrx_word' id='word_1_322' title='bbox 164 1446 290 1470; x_wconf 85' lang='lat' dir='ltr'><strong>naturas</strong></span> <span class='ocrx_word' id='word_1_323' title='bbox 309 1440 343 1471; x_wconf 87' lang='lat'>&amp;</span> <span class='ocrx_word' id='word_1_324' title='bbox 358 1435 542 1470; x_wconf 84' lang='lat' dir='ltr'><strong>voluntates</strong></span> <span class='ocrx_word' id='word_1_325' title='bbox 559 1436 590 1469; x_wconf 88' lang='lat' dir='ltr'><strong>id</strong></span> <span class='ocrx_word' id='word_1_326' title='bbox 605 1433 793 1469; x_wconf 77' lang='lat' dir='ltr'><strong>discriminis</strong></span> <span class='ocrx_word' id='word_1_327' title='bbox 812 1434 953 1470; x_wconf 79' lang='lat' dir='ltr'><strong>afferunt</strong></span> <span class='ocrx_word' id='word_1_328' title='bbox 969 1464 979 1479; x_wconf 90' lang='lat'>‚</span> <span class='ocrx_word' id='word_1_329' title='bbox 1002 1434 1092 1484; x_wconf 80' lang='lat' dir='ltr'><strong>quod</strong></span> <span class='ocrx_word' id='word_1_330' title='bbox 1111 1449 1234 1471; x_wconf 71' lang='lat' dir='ltr'><strong>naturas</strong></span> <span class='ocrx_word' id='word_1_331' title='bbox 1259 1450 1364 1482; x_wconf 89' lang='lat' dir='ltr'><strong>creet,</strong></span> <span class='ocrx_word' id='word_1_332' title='bbox 1388 1454 1449 1475; x_wconf 70' lang='lat' dir='ltr'><strong>vo„</strong></span> 
     </span>
     <span class='ocr_line' id='line_1_29' title="bbox 64 1481 1446 1533; baseline 0.007 -17"><span class='ocrx_word' id='word_1_333' title='bbox 64 1481 205 1517; x_wconf 78' lang='lat' dir='ltr'><strong>luntates</strong></span> <span class='ocrx_word' id='word_1_334' title='bbox 222 1482 323 1517; x_wconf 83' lang='lat' dir='ltr'><strong>bonas</strong></span> <span class='ocrx_word' id='word_1_335' title='bbox 348 1485 501 1531; x_wconf 80' lang='lat' dir='ltr'><strong>adjuvet,</strong></span> <span class='ocrx_word' id='word_1_336' title='bbox 522 1483 619 1518; x_wconf 83' lang='lat' dir='ltr'><strong>malas</strong></span> <span class='ocrx_word' id='word_1_337' title='bbox 644 1483 765 1517; x_wconf 83' lang='lat' dir='ltr'><strong>deserat</strong></span> <span class='ocrx_word' id='word_1_338' title='bbox 792 1489 825 1519; x_wconf 88' lang='lat'>&amp;</span> <span class='ocrx_word' id='word_1_339' title='bbox 843 1484 981 1520; x_wconf 90' lang='lat' dir='ltr'><strong>ordinet.</strong></span> <span class='ocrx_word' id='word_1_340' title='bbox 1002 1489 1086 1533; x_wconf 82' lang='lat' dir='ltr'><strong>Aug.</strong></span> <span class='ocrx_word' id='word_1_341' title='bbox 1110 1486 1150 1519; x_wconf 88' lang='lat' dir='ltr'><strong>de</strong></span> <span class='ocrx_word' id='word_1_342' title='bbox 1168 1498 1240 1533; x_wconf 86' lang='lat' dir='ltr'><strong>gen.</strong></span> <span class='ocrx_word' id='word_1_343' title='bbox 1258 1488 1298 1521; x_wconf 87' lang='lat' dir='ltr'><strong>ad</strong></span> <span class='ocrx_word' id='word_1_344' title='bbox 1313 1488 1362 1523; x_wconf 89' lang='lat' dir='ltr'><strong>lit.</strong></span> <span class='ocrx_word' id='word_1_345' title='bbox 1380 1488 1400 1525; x_wconf 84' lang='lat' dir='ltr'><strong>l.</strong></span> <span class='ocrx_word' id='word_1_346' title='bbox 1421 1503 1446 1533; x_wconf 83' lang='lat'><strong>3.</strong></span> 
     </span>
     <span class='ocr_line' id='line_1_30' title="bbox 62 1530 1447 1576; baseline 0.005 -10"><span class='ocrx_word' id='word_1_347' title='bbox 62 1543 88 1565; x_wconf 81' lang='lat' dir='ltr'><strong>c-</strong></span> <span class='ocrx_word' id='word_1_348' title='bbox 107 1545 149 1574; x_wconf 84' lang='lat'><strong>23.</strong></span> <span class='ocrx_word' id='word_1_349' title='bbox 168 1543 282 1566; x_wconf 89' lang='lat' dir='ltr'><strong>movet</strong></span> <span class='ocrx_word' id='word_1_350' title='bbox 297 1530 355 1566; x_wconf 79' lang='lat' dir='ltr'><strong>libi</strong></span> <span class='ocrx_word' id='word_1_351' title='bbox 370 1531 528 1567; x_wconf 80' lang='lat' dir='ltr'><strong>subditam</strong></span> <span class='ocrx_word' id='word_1_352' title='bbox 553 1544 731 1566; x_wconf 83' lang='lat' dir='ltr'><strong>creaturam</strong></span> <span class='ocrx_word' id='word_1_353' title='bbox 743 1560 753 1575; x_wconf 86' lang='lat'><strong>,</strong></span> <span class='ocrx_word' id='word_1_354' title='bbox 777 1544 906 1566; x_wconf 83' lang='lat' dir='ltr'><strong>naturas</strong></span> <span class='ocrx_word' id='word_1_355' title='bbox 942 1545 1051 1568; x_wconf 87' lang='lat' dir='ltr'><strong>creans</strong></span> <span class='ocrx_word' id='word_1_356' title='bbox 1072 1532 1223 1568; x_wconf 86' lang='lat' dir='ltr'><strong>bonitate</strong></span> <span class='ocrx_word' id='word_1_357' title='bbox 1237 1563 1245 1576; x_wconf 92' lang='lat'>,</span> <span class='ocrx_word' id='word_1_358' title='bbox 1264 1535 1447 1572; x_wconf 84' lang='lat' dir='ltr'><strong>voluntates</strong></span> 
     </span>
     <span class='ocr_line' id='line_1_31' title="bbox 61 1579 1448 1629; baseline 0.004 -15"><span class='ocrx_word' id='word_1_359' title='bbox 61 1580 215 1615; x_wconf 87' lang='lat' dir='ltr'><strong>ordinans</strong></span> <span class='ocrx_word' id='word_1_360' title='bbox 230 1582 404 1629; x_wconf 86' lang='lat' dir='ltr'><strong>potestate,</strong></span> <span class='ocrx_word' id='word_1_361' title='bbox 430 1594 466 1616; x_wconf 90' lang='lat' dir='ltr'><strong>ut</strong></span> <span class='ocrx_word' id='word_1_362' title='bbox 481 1583 512 1615; x_wconf 87' lang='lat' dir='ltr'><strong>in</strong></span> <span class='ocrx_word' id='word_1_363' title='bbox 534 1583 652 1615; x_wconf 72' lang='lat' dir='ltr'><strong>naturis</strong></span> <span class='ocrx_word' id='word_1_364' title='bbox 663 1581 749 1616; x_wconf 81' lang='lat' dir='ltr'><strong>nulla</strong></span> <span class='ocrx_word' id='word_1_365' title='bbox 759 1579 795 1615; x_wconf 85' lang='lat' dir='ltr'><strong>fit</strong></span> <span class='ocrx_word' id='word_1_366' title='bbox 811 1609 820 1623; x_wconf 94' lang='lat'>,</span> <span class='ocrx_word' id='word_1_367' title='bbox 842 1594 914 1628; x_wconf 86' lang='lat' dir='ltr'><strong>quae</strong></span> <span class='ocrx_word' id='word_1_368' title='bbox 925 1595 990 1616; x_wconf 88' lang='lat' dir='ltr'><strong>non</strong></span> <span class='ocrx_word' id='word_1_369' title='bbox 1007 1582 1048 1616; x_wconf 80' lang='lat' dir='ltr'><strong>ab</strong></span> <span class='ocrx_word' id='word_1_370' title='bbox 1070 1581 1126 1616; x_wconf 88' lang='lat' dir='ltr'><strong>illo</strong></span> <span class='ocrx_word' id='word_1_371' title='bbox 1147 1581 1203 1626; x_wconf 78' lang='lat' dir='ltr'><strong>sit,</strong></span> <span class='ocrx_word' id='word_1_372' title='bbox 1223 1584 1255 1618; x_wconf 92' lang='lat' dir='ltr'><strong>in</strong></span> <span class='ocrx_word' id='word_1_373' title='bbox 1272 1584 1448 1621; x_wconf 74' lang='lat' dir='ltr'><strong>voluntati-</strong></span> 
     </span>
     <span class='ocr_line' id='line_1_32' title="bbox 58 1627 1448 1678; baseline 0.006 -16"><span class='ocrx_word' id='word_1_374' title='bbox 58 1627 243 1663; x_wconf 63' lang='lat' dir='ltr'><strong>‘busautem</strong></span> <span class='ocrx_word' id='word_1_375' title='bbox 264 1629 353 1664; x_wconf 86' lang='lat' dir='ltr'><strong>nulla</strong></span> <span class='ocrx_word' id='word_1_376' title='bbox 377 1629 464 1671; x_wconf 88' lang='lat' dir='ltr'><strong>bona</strong></span> <span class='ocrx_word' id='word_1_377' title='bbox 479 1628 515 1664; x_wconf 85' lang='lat' dir='ltr'><strong>fit</strong></span> <span class='ocrx_word' id='word_1_378' title='bbox 527 1658 536 1673; x_wconf 88' lang='lat'>‚</span> <span class='ocrx_word' id='word_1_379' title='bbox 564 1632 613 1664; x_wconf 90' lang='lat' dir='ltr'><strong>cui</strong></span> <span class='ocrx_word' id='word_1_380' title='bbox 630 1643 695 1665; x_wconf 89' lang='lat' dir='ltr'><strong>non</strong></span> <span class='ocrx_word' id='word_1_381' title='bbox 711 1628 833 1677; x_wconf 78' lang='lat' dir='ltr'><strong>praelit,</strong></span> <span class='ocrx_word' id='word_1_382' title='bbox 852 1630 941 1665; x_wconf 79' lang='lat' dir='ltr'><strong>nulla</strong></span> <span class='ocrx_word' id='word_1_383' title='bbox 959 1631 1043 1665; x_wconf 83' lang='lat' dir='ltr'><strong>mala</strong></span> <span class='ocrx_word' id='word_1_384' title='bbox 1054 1629 1089 1665; x_wconf 85' lang='lat' dir='ltr'><strong>fit</strong></span> <span class='ocrx_word' id='word_1_385' title='bbox 1101 1658 1111 1673; x_wconf 90' lang='lat'><strong><em>,</em></strong></span> <span class='ocrx_word' id='word_1_386' title='bbox 1136 1643 1200 1678; x_wconf 86' lang='lat' dir='ltr'><strong>qua</strong></span> <span class='ocrx_word' id='word_1_387' title='bbox 1219 1630 1306 1667; x_wconf 87' lang='lat' dir='ltr'><strong>bene</strong></span> <span class='ocrx_word' id='word_1_388' title='bbox 1321 1636 1368 1669; x_wconf 86' lang='lat' dir='ltr'><strong>uti</strong></span> <span class='ocrx_word' id='word_1_389' title='bbox 1380 1648 1448 1671; x_wconf 79' lang='lat' dir='ltr'><strong>non</strong></span> 
     </span>
     <span class='ocr_line' id='line_1_33' title="bbox 63 1676 168 1725; baseline 0 -13"><span class='ocrx_word' id='word_1_390' title='bbox 63 1676 168 1725; x_wconf 80' lang='lat' dir='ltr'><strong>poffit.</strong></span> 
     </span>
    </p>

    <p class='ocr_par' dir='ltr' id='par_1_4' title="bbox 59 1726 1446 2411">
     <span class='ocr_line' id='line_1_34' title="bbox 111 1726 1440 1776; baseline 0.006 -18"><span class='ocrx_word' id='word_1_391' title='bbox 111 1728 235 1760; x_wconf 68' lang='lat' dir='ltr'><strong>Com-ra</strong></span> <span class='ocrx_word' id='word_1_392' title='bbox 255 1739 266 1769; x_wconf 68' lang='grc' dir='ltr'><strong>ς,</strong></span> <span class='ocrx_word' id='word_1_393' title='bbox 308 1726 468 1774; x_wconf 77' lang='lat' dir='ltr'><strong>Qorsum</strong></span> <span class='ocrx_word' id='word_1_394' title='bbox 480 1740 529 1763; x_wconf 75' lang='lat' dir='ltr'><strong>to:</strong></span> <span class='ocrx_word' id='word_1_395' title='bbox 541 1727 785 1763; x_wconf 83' lang='lat' dir='ltr'><strong>exhortationes</strong></span> <span class='ocrx_word' id='word_1_396' title='bbox 798 1757 807 1770; x_wconf 90' lang='lat'>‚</span> <span class='ocrx_word' id='word_1_397' title='bbox 821 1738 871 1761; x_wconf 90' lang='lat' dir='ltr'><strong>tot</strong></span> <span class='ocrx_word' id='word_1_398' title='bbox 882 1739 1040 1776; x_wconf 80' lang='lat' dir='ltr'><strong>praecepta</strong></span> <span class='ocrx_word' id='word_1_399' title='bbox 1056 1756 1065 1770; x_wconf 86' lang='lat'>‚</span> <span class='ocrx_word' id='word_1_400' title='bbox 1085 1738 1134 1762; x_wconf 90' lang='lat' dir='ltr'><strong>tot</strong></span> <span class='ocrx_word' id='word_1_401' title='bbox 1158 1731 1440 1774; x_wconf 79' lang='lat' dir='ltr'><strong>comminationes,</strong></span> 
     </span>
     <span class='ocr_line' id='line_1_35' title="bbox 61 1773 1446 1826; baseline 0.002 -18"><span class='ocrx_word' id='word_1_402' title='bbox 61 1773 82 1808; x_wconf 84' lang='lat' dir='ltr'>fi</span> <span class='ocrx_word' id='word_1_403' title='bbox 96 1777 182 1810; x_wconf 89' lang='lat' dir='ltr'><strong>Deus</strong></span> <span class='ocrx_word' id='word_1_404' title='bbox 194 1776 233 1808; x_wconf 84' lang='lat' dir='ltr'><strong>ad</strong></span> <span class='ocrx_word' id='word_1_405' title='bbox 250 1789 363 1810; x_wconf 85' lang='lat' dir='ltr'><strong>omnes</strong></span> <span class='ocrx_word' id='word_1_406' title='bbox 373 1779 459 1811; x_wconf 64' lang='lat' dir='ltr'><strong>actus</strong></span> <span class='ocrx_word' id='word_1_407' title='bbox 478 1791 534 1812; x_wconf 79' lang='lat' dir='ltr'><strong>nos</strong></span> <span class='ocrx_word' id='word_1_408' title='bbox 547 1776 674 1826; x_wconf 81' lang='lat' dir='ltr'><strong>physice</strong></span> <span class='ocrx_word' id='word_1_409' title='bbox 687 1777 964 1824; x_wconf 74' lang='lat' dir='ltr'><strong>praedeterminat?</strong></span> <span class='ocrx_word' id='word_1_410' title='bbox 981 1777 1070 1823; x_wconf 78' lang='lat' dir='ltr'><strong>Qud</strong></span> <span class='ocrx_word' id='word_1_411' title='bbox 1087 1804 1096 1818; x_wconf 86' lang='lat'>‚</span> <span class='ocrx_word' id='word_1_412' title='bbox 1119 1789 1193 1811; x_wconf 76' lang='lat' dir='ltr'><strong>cuni</strong></span> <span class='ocrx_word' id='word_1_413' title='bbox 1206 1778 1307 1812; x_wconf 90' lang='lat' dir='ltr'><strong>homo</strong></span> <span class='ocrx_word' id='word_1_414' title='bbox 1317 1781 1382 1825; x_wconf 59' lang='lat' dir='ltr'><strong>1³0st</strong></span> <span class='ocrx_word' id='word_1_415' title='bbox 1392 1793 1446 1814; x_wconf 72' lang='lat' dir='ltr'><strong>ac-</strong></span> 
     </span>
     <span class='ocr_line' id='line_1_36' title="bbox 61 1822 1445 1873; baseline 0.004 -16"><span class='ocrx_word' id='word_1_416' title='bbox 61 1835 193 1870; x_wconf 86' lang='lat' dir='ltr'><strong>ceptum</strong></span> <span class='ocrx_word' id='word_1_417' title='bbox 203 1822 397 1872; x_wconf 68' lang='lat' dir='ltr'><strong>baptismum</strong></span> <span class='ocrx_word' id='word_1_418' title='bbox 412 1838 522 1873; x_wconf 80' lang='lat' dir='ltr'><strong>peccat</strong></span> <span class='ocrx_word' id='word_1_419' title='bbox 536 1856 546 1870; x_wconf 81' lang='lat'>‚</span> <span class='ocrx_word' id='word_1_420' title='bbox 565 1840 604 1861; x_wconf 86' lang='lat' dir='ltr'><strong>an</strong></span> <span class='ocrx_word' id='word_1_421' title='bbox 616 1829 703 1861; x_wconf 70' lang='lat' dir='ltr'><strong>Deus</strong></span> <span class='ocrx_word' id='word_1_422' title='bbox 717 1827 1012 1868; x_wconf 81' lang='lat' dir='ltr'><strong>innocentem,cum</strong></span> <span class='ocrx_word' id='word_1_423' title='bbox 1022 1838 1086 1872; x_wconf 85' lang='lat' dir='ltr'><strong>quo</strong></span> <span class='ocrx_word' id='word_1_424' title='bbox 1096 1823 1234 1861; x_wconf 63' lang='lat' dir='ltr'><strong>sai-&amp;uni</strong></span> <span class='ocrx_word' id='word_1_425' title='bbox 1247 1828 1317 1860; x_wconf 88' lang='lat' dir='ltr'><strong>iniit</strong></span> <span class='ocrx_word' id='word_1_426' title='bbox 1328 1828 1445 1873; x_wconf 74' lang='lat' dir='ltr'><strong>foedus,</strong></span> 
     </span>
     <span class='ocr_line' id='line_1_37' title="bbox 60 1872 1444 1922; baseline 0.005 -17"><span class='ocrx_word' id='word_1_427' title='bbox 60 1872 101 1906; x_wconf 77' lang='lat' dir='ltr'><strong>ad</strong></span> <span class='ocrx_word' id='word_1_428' title='bbox 117 1885 251 1920; x_wconf 80' lang='lat' dir='ltr'><strong>pravum</strong></span> <span class='ocrx_word' id='word_1_429' title='bbox 267 1875 374 1908; x_wconf 49' lang='lat' dir='ltr'><strong>acrum</strong></span> <span class='ocrx_word' id='word_1_430' title='bbox 389 1875 525 1922; x_wconf 73' lang='lat' dir='ltr'><strong>applicat</strong></span> <span class='ocrx_word' id='word_1_431' title='bbox 539 1885 548 1911; x_wconf 66' lang='grc' dir='ltr'><em>ἒ</em></span> <span class='ocrx_word' id='word_1_432' title='bbox 569 1888 611 1909; x_wconf 86' lang='lat' dir='ltr'><strong>an</strong></span> <span class='ocrx_word' id='word_1_433' title='bbox 623 1876 744 1922; x_wconf 84' lang='lat' dir='ltr'><strong>primos</strong></span> <span class='ocrx_word' id='word_1_434' title='bbox 755 1885 903 1921; x_wconf 84' lang='lat' dir='ltr'><strong>parentes</strong></span> <span class='ocrx_word' id='word_1_435' title='bbox 914 1887 987 1910; x_wconf 86' lang='lat' dir='ltr'><strong>cum</strong></span> <span class='ocrx_word' id='word_1_436' title='bbox 998 1873 1094 1909; x_wconf 85' lang='lat' dir='ltr'><strong>liberi</strong></span> <span class='ocrx_word' id='word_1_437' title='bbox 1105 1874 1205 1909; x_wconf 82' lang='lat' dir='ltr'><strong>effent</strong></span> <span class='ocrx_word' id='word_1_438' title='bbox 1215 1880 1247 1912; x_wconf 72' lang='grc' dir='ltr'><strong>δε</strong></span> <span class='ocrx_word' id='word_1_439' title='bbox 1259 1875 1444 1912; x_wconf 82' lang='lat' dir='ltr'><strong>indifferen-</strong></span> 
     </span>
     <span class='ocr_line' id='line_1_38' title="bbox 62 1921 1444 1971; baseline 0.005 -17"><span class='ocrx_word' id='word_1_440' title='bbox 62 1930 207 1964; x_wconf 74' lang='lat' dir='ltr'><strong>te3‚non</strong></span> <span class='ocrx_word' id='word_1_441' title='bbox 219 1921 484 1966; x_wconf 67' lang='lat' dir='ltr'><strong>dic„11n‚i11duxit‚</strong></span> <span class='ocrx_word' id='word_1_442' title='bbox 499 1924 550 1958; x_wconf 91' lang='lat' dir='ltr'><strong>sed</strong></span> <span class='ocrx_word' id='word_1_443' title='bbox 563 1923 708 1971; x_wconf 82' lang='lat' dir='ltr'><strong>impulit,</strong></span> <span class='ocrx_word' id='word_1_444' title='bbox 728 1927 762 1958; x_wconf 84' lang='lat'>&amp;</span> <span class='ocrx_word' id='word_1_445' title='bbox 779 1922 1008 1958; x_wconf 87' lang='lat' dir='ltr'><strong>determinavit</strong></span> <span class='ocrx_word' id='word_1_446' title='bbox 1021 1935 1055 1958; x_wconf 89' lang='lat' dir='ltr'><strong>ut</strong></span> <span class='ocrx_word' id='word_1_447' title='bbox 1073 1925 1210 1958; x_wconf 84' lang='lat' dir='ltr'><strong>vetitum</strong></span> <span class='ocrx_word' id='word_1_448' title='bbox 1228 1924 1367 1960; x_wconf 68' lang='lat' dir='ltr'><strong>frmstum</strong></span> <span class='ocrx_word' id='word_1_449' title='bbox 1387 1939 1444 1961; x_wconf 87' lang='lat' dir='ltr'><strong>co-</strong></span> 
     </span>
     <span class='ocr_line' id='line_1_39' title="bbox 61 1970 1442 2019; baseline 0.005 -17"><span class='ocrx_word' id='word_1_450' title='bbox 61 1970 227 2004; x_wconf 87' lang='lat' dir='ltr'><strong>mederent</strong></span> <span class='ocrx_word' id='word_1_451' title='bbox 243 1981 253 2006; x_wconf 72' lang='lat'>3</span> <span class='ocrx_word' id='word_1_452' title='bbox 278 1974 393 2006; x_wconf 86' lang='lat' dir='ltr'><strong>mirum</strong></span> <span class='ocrx_word' id='word_1_453' title='bbox 405 1971 426 2006; x_wconf 83' lang='lat' dir='ltr'><strong>si</strong></span> <span class='ocrx_word' id='word_1_454' title='bbox 441 1975 528 2007; x_wconf 88' lang='lat' dir='ltr'><strong>Deus</strong></span> <span class='ocrx_word' id='word_1_455' title='bbox 539 1984 646 2006; x_wconf 83' lang='lat' dir='ltr'><strong>actum</strong></span> <span class='ocrx_word' id='word_1_456' title='bbox 665 1971 757 2006; x_wconf 87' lang='lat' dir='ltr'><strong>illum</strong></span> <span class='ocrx_word' id='word_1_457' title='bbox 773 1970 936 2019; x_wconf 84' lang='lat' dir='ltr'><strong>prohibuit</strong></span> <span class='ocrx_word' id='word_1_458' title='bbox 961 1970 1017 2006; x_wconf 89' lang='lat' dir='ltr'><strong>sub</strong></span> <span class='ocrx_word' id='word_1_459' title='bbox 1037 1973 1149 2006; x_wconf 84' lang='lat' dir='ltr'><strong>mortis</strong></span> <span class='ocrx_word' id='word_1_460' title='bbox 1167 1974 1442 2018; x_wconf 77' lang='lat' dir='ltr'><strong>interminatione,</strong></span> 
     </span>
     <span class='ocr_line' id='line_1_40' title="bbox 60 2016 1443 2070; baseline 0.002 -18"><span class='ocrx_word' id='word_1_461' title='bbox 60 2023 96 2054; x_wconf 85' lang='lat'>&amp;</span> <span class='ocrx_word' id='word_1_462' title='bbox 115 2016 201 2052; x_wconf 84' lang='lat' dir='ltr'><strong>fimul</strong></span> <span class='ocrx_word' id='word_1_463' title='bbox 217 2019 381 2054; x_wconf 88' lang='lat' dir='ltr'><strong>hominem</strong></span> <span class='ocrx_word' id='word_1_464' title='bbox 397 2021 690 2067; x_wconf 86' lang='lat' dir='ltr'><strong>praedeterminavit</strong></span> <span class='ocrx_word' id='word_1_465' title='bbox 711 2021 751 2055; x_wconf 86' lang='lat' dir='ltr'><strong>ad</strong></span> <span class='ocrx_word' id='word_1_466' title='bbox 770 2019 935 2055; x_wconf 85' lang='lat' dir='ltr'><strong>materiale</strong></span> <span class='ocrx_word' id='word_1_467' title='bbox 959 2022 1083 2069; x_wconf 86' lang='lat' dir='ltr'><strong>peccati</strong></span> <span class='ocrx_word' id='word_1_468' title='bbox 1102 2031 1111 2058; x_wconf 74' lang='lat'><em>2</em></span> <span class='ocrx_word' id='word_1_469' title='bbox 1133 2022 1185 2056; x_wconf 87' lang='lat' dir='ltr'><strong>An</strong></span> <span class='ocrx_word' id='word_1_470' title='bbox 1207 2033 1335 2070; x_wconf 80' lang='lat' dir='ltr'><strong>poterat</strong></span> <span class='ocrx_word' id='word_1_471' title='bbox 1356 2024 1443 2059; x_wconf 78' lang='lat' dir='ltr'><strong>Ada-</strong></span> 
     </span>
     <span class='ocr_line' id='line_1_41' title="bbox 59 2067 1442 2118; baseline 0.005 -17"><span class='ocrx_word' id='word_1_472' title='bbox 59 2079 130 2101; x_wconf 88' lang='lat' dir='ltr'><strong>mus</strong></span> <span class='ocrx_word' id='word_1_473' title='bbox 143 2067 325 2114; x_wconf 70' lang='lat' dir='ltr'><strong>impressum</strong></span> <span class='ocrx_word' id='word_1_474' title='bbox 340 2068 396 2104; x_wconf 85' lang='lat' dir='ltr'><strong>sibi</strong></span> <span class='ocrx_word' id='word_1_475' title='bbox 415 2070 433 2104; x_wconf 69' lang='lat' dir='ltr'><strong>a</strong></span> <span class='ocrx_word' id='word_1_476' title='bbox 444 2073 519 2105; x_wconf 91' lang='lat' dir='ltr'><strong>Deo</strong></span> <span class='ocrx_word' id='word_1_477' title='bbox 533 2072 692 2118; x_wconf 86' lang='lat' dir='ltr'><strong>impetum</strong></span> <span class='ocrx_word' id='word_1_478' title='bbox 705 2067 860 2104; x_wconf 81' lang='lat' dir='ltr'><strong>cohibere</strong></span> <span class='ocrx_word' id='word_1_479' title='bbox 875 2080 884 2104; x_wconf 63' lang='grc' dir='ltr'><strong><em>ἓ</em></strong></span> <span class='ocrx_word' id='word_1_480' title='bbox 911 2071 978 2104; x_wconf 85' lang='lat' dir='ltr'><strong>imo</strong></span> <span class='ocrx_word' id='word_1_481' title='bbox 999 2082 1041 2105; x_wconf 89' lang='lat' dir='ltr'><strong>ne</strong></span> <span class='ocrx_word' id='word_1_482' title='bbox 1066 2070 1098 2103; x_wconf 91' lang='lat' dir='ltr'><strong>id</strong></span> <span class='ocrx_word' id='word_1_483' title='bbox 1127 2072 1258 2118; x_wconf 80' lang='lat' dir='ltr'><strong>quidem</strong></span> <span class='ocrx_word' id='word_1_484' title='bbox 1274 2070 1395 2107; x_wconf 90' lang='lat' dir='ltr'><strong>licitum</strong></span> <span class='ocrx_word' id='word_1_485' title='bbox 1410 2076 1442 2108; x_wconf 88' lang='lat' dir='ltr'><strong>ei</strong></span> 
     </span>
     <span class='ocr_line' id='line_1_42' title="bbox 59 2113 1441 2164; baseline 0.006 -16"><span class='ocrx_word' id='word_1_486' title='bbox 59 2113 166 2151; x_wconf 70' lang='lat' dir='ltr'><strong>fuisset</strong></span> <span class='ocrx_word' id='word_1_487' title='bbox 184 2119 260 2151; x_wconf 88' lang='lat' dir='ltr'><strong>Deo</strong></span> <span class='ocrx_word' id='word_1_488' title='bbox 274 2119 563 2164; x_wconf 76' lang='lat' dir='ltr'><strong>praedeterminanti</strong></span> <span class='ocrx_word' id='word_1_489' title='bbox 578 2117 714 2153; x_wconf 83' lang='lat' dir='ltr'><strong>resistere</strong></span> <span class='ocrx_word' id='word_1_490' title='bbox 728 2133 734 2153; x_wconf 93' lang='lat'>:</span> <span class='ocrx_word' id='word_1_491' title='bbox 754 2131 826 2153; x_wconf 88' lang='lat' dir='ltr'><strong>cum</strong></span> <span class='ocrx_word' id='word_1_492' title='bbox 840 2119 946 2153; x_wconf 86' lang='lat' dir='ltr'><strong>eidem</strong></span> <span class='ocrx_word' id='word_1_493' title='bbox 959 2118 1123 2162; x_wconf 82' lang='lat' dir='ltr'><strong>suadenti,</strong></span> <span class='ocrx_word' id='word_1_494' title='bbox 1139 2132 1194 2154; x_wconf 80' lang='lat' dir='ltr'><strong>aur</strong></span> <span class='ocrx_word' id='word_1_495' title='bbox 1211 2119 1372 2164; x_wconf 86' lang='lat' dir='ltr'><strong>hortanti,</strong></span> <span class='ocrx_word' id='word_1_496' title='bbox 1385 2134 1441 2156; x_wconf 88' lang='lat' dir='ltr'><strong>aut</strong></span> 
     </span>
     <span class='ocr_line' id='line_1_43' title="bbox 60 2166 1440 2216; baseline 0.005 -21"><span class='ocrx_word' id='word_1_497' title='bbox 60 2166 259 2210; x_wconf 67' lang='lat' dir='ltr'><strong>praecipienti</strong></span> <span class='ocrx_word' id='word_1_498' title='bbox 271 2179 335 2201; x_wconf 90' lang='lat' dir='ltr'><strong>non</strong></span> <span class='ocrx_word' id='word_1_499' title='bbox 345 2167 571 2215; x_wconf 61' lang='lat' dir='ltr'><strong>obtemperare</strong></span> <span class='ocrx_word' id='word_1_500' title='bbox 583 2167 619 2202; x_wconf 83' lang='lat' dir='ltr'><strong>sit</strong></span> <span class='ocrx_word' id='word_1_501' title='bbox 635 2168 735 2204; x_wconf 79' lang='lat' dir='ltr'><strong>nefas.</strong></span> <span class='ocrx_word' id='word_1_502' title='bbox 756 2167 846 2214; x_wconf 78' lang='lat' dir='ltr'><strong>Quid</strong></span> <span class='ocrx_word' id='word_1_503' title='bbox 859 2170 952 2215; x_wconf 78' lang='lat' dir='ltr'><strong>igitur</strong></span> <span class='ocrx_word' id='word_1_504' title='bbox 963 2180 1072 2216; x_wconf 80' lang='lat' dir='ltr'><strong>ageret</strong></span> <span class='ocrx_word' id='word_1_505' title='bbox 1087 2169 1227 2202; x_wconf 85' lang='lat' dir='ltr'><strong>Adamus</strong></span> <span class='ocrx_word' id='word_1_506' title='bbox 1241 2198 1250 2212; x_wconf 91' lang='lat'>‚</span> <span class='ocrx_word' id='word_1_507' title='bbox 1280 2170 1357 2215; x_wconf 91' lang='lat' dir='ltr'><strong>quid</strong></span> <span class='ocrx_word' id='word_1_508' title='bbox 1379 2170 1440 2204; x_wconf 70' lang='lat' dir='ltr'><strong>ho-</strong></span> 
     </span>
     <span class='ocr_line' id='line_1_44' title="bbox 59 2211 1433 2263; baseline 0.004 -17"><span class='ocrx_word' id='word_1_509' title='bbox 59 2224 115 2244; x_wconf 84' lang='lat' dir='ltr'><strong>mo</strong></span> <span class='ocrx_word' id='word_1_510' title='bbox 126 2223 182 2258; x_wconf 66' lang='lat' dir='ltr'><strong>per</strong></span> <span class='ocrx_word' id='word_1_511' title='bbox 195 2211 387 2260; x_wconf 75' lang='lat' dir='ltr'><strong>baptismum</strong></span> <span class='ocrx_word' id='word_1_512' title='bbox 399 2217 637 2252; x_wconf 71' lang='lat' dir='ltr'><strong>reconciliatus?</strong></span> <span class='ocrx_word' id='word_1_513' title='bbox 654 2229 694 2251; x_wconf 81' lang='lat' dir='ltr'><strong>an</strong></span> <span class='ocrx_word' id='word_1_514' title='bbox 709 2217 868 2250; x_wconf 83' lang='lat' dir='ltr'><strong>voluntati</strong></span> <span class='ocrx_word' id='word_1_515' title='bbox 882 2219 947 2250; x_wconf 88' lang='lat' dir='ltr'><strong>Dei</strong></span> <span class='ocrx_word' id='word_1_516' title='bbox 961 2217 1253 2263; x_wconf 81' lang='lat' dir='ltr'><strong>praedeterininanri</strong></span> <span class='ocrx_word' id='word_1_517' title='bbox 1262 2230 1289 2250; x_wconf 61' lang='lat' dir='ltr'><strong>rt</strong></span> <span class='ocrx_word' id='word_1_518' title='bbox 1296 2216 1411 2253; x_wconf 85' lang='lat' dir='ltr'><strong>sisteret</strong></span> <span class='ocrx_word' id='word_1_519' title='bbox 1424 2231 1433 2256; x_wconf 77' lang='lat'>?</span> 
     </span>
     <span class='ocr_line' id='line_1_45' title="bbox 61 2261 1436 2312; baseline 0.007 -19"><span class='ocrx_word' id='word_1_520' title='bbox 61 2261 125 2293; x_wconf 82' lang='lat' dir='ltr'><strong>Sed</strong></span> <span class='ocrx_word' id='word_1_521' title='bbox 143 2273 211 2306; x_wconf 81' lang='lat' dir='ltr'><strong>quae</strong></span> <span class='ocrx_word' id='word_1_522' title='bbox 229 2265 335 2308; x_wconf 79' lang='lat' dir='ltr'><strong>potuit</strong></span> <span class='ocrx_word' id='word_1_523' title='bbox 356 2263 473 2300; x_wconf 77' lang='lat' dir='ltr'><strong>subeffe</strong></span> <span class='ocrx_word' id='word_1_524' title='bbox 487 2265 576 2300; x_wconf 68' lang='lat' dir='ltr'><strong>causa</strong></span> <span class='ocrx_word' id='word_1_525' title='bbox 588 2295 597 2308; x_wconf 84' lang='lat'>‚</span> <span class='ocrx_word' id='word_1_526' title='bbox 621 2266 671 2299; x_wconf 88' lang='lat' dir='ltr'><strong>vel</strong></span> <span class='ocrx_word' id='word_1_527' title='bbox 683 2278 720 2298; x_wconf 73' lang='lat' dir='ltr'><strong>ex</strong></span> <span class='ocrx_word' id='word_1_528' title='bbox 738 2276 827 2312; x_wconf 78' lang='lat' dir='ltr'><strong>pirte</strong></span> <span class='ocrx_word' id='word_1_529' title='bbox 851 2267 912 2298; x_wconf 69' lang='lat' dir='ltr'><strong>Dei</strong></span> <span class='ocrx_word' id='word_1_530' title='bbox 926 2293 935 2306; x_wconf 90' lang='lat'>‚</span> <span class='ocrx_word' id='word_1_531' title='bbox 960 2265 1013 2298; x_wconf 90' lang='lat' dir='ltr'><strong>vel</strong></span> <span class='ocrx_word' id='word_1_532' title='bbox 1028 2277 1065 2299; x_wconf 83' lang='lat' dir='ltr'><strong>ex</strong></span> <span class='ocrx_word' id='word_1_533' title='bbox 1077 2277 1166 2312; x_wconf 87' lang='lat' dir='ltr'><strong>parte</strong></span> <span class='ocrx_word' id='word_1_534' title='bbox 1181 2268 1274 2312; x_wconf 87' lang='lat' dir='ltr'><strong>primi</strong></span> <span class='ocrx_word' id='word_1_535' title='bbox 1296 2266 1436 2302; x_wconf 84' lang='lat' dir='ltr'><strong>hominis</strong></span> 
     </span>
     <span class='ocr_line' id='line_1_46' title="bbox 59 2308 1437 2362; baseline 0.004 -20"><span class='ocrx_word' id='word_1_536' title='bbox 59 2308 151 2343; x_wconf 80' lang='lat' dir='ltr'><strong>liberi</strong></span> <span class='ocrx_word' id='word_1_537' title='bbox 164 2315 196 2345; x_wconf 89' lang='lat'>&amp;</span> <span class='ocrx_word' id='word_1_538' title='bbox 208 2309 420 2345; x_wconf 62' lang='lat' dir='ltr'><strong>indiffirentis</strong></span> <span class='ocrx_word' id='word_1_539' title='bbox 435 2342 444 2356; x_wconf 85' lang='lat'><strong>,</strong></span> <span class='ocrx_word' id='word_1_540' title='bbox 464 2326 500 2348; x_wconf 84' lang='lat' dir='ltr'><strong>ut</strong></span> <span class='ocrx_word' id='word_1_541' title='bbox 518 2315 536 2349; x_wconf 72' lang='grc' dir='ltr'><strong>ἐι</strong></span> <span class='ocrx_word' id='word_1_542' title='bbox 553 2318 625 2348; x_wconf 83' lang='lat' dir='ltr'><strong>Deo</strong></span> <span class='ocrx_word' id='word_1_543' title='bbox 641 2315 679 2347; x_wconf 79' lang='lat' dir='ltr'><strong>ad</strong></span> <span class='ocrx_word' id='word_1_544' title='bbox 694 2316 832 2348; x_wconf 79' lang='lat' dir='ltr'><strong>vetitum</strong></span> <span class='ocrx_word' id='word_1_545' title='bbox 847 2312 982 2347; x_wconf 83' lang='lat' dir='ltr'><strong>fructum</strong></span> <span class='ocrx_word' id='word_1_546' title='bbox 1003 2324 1197 2350; x_wconf 76' lang='lat' dir='ltr'><strong>moveretur?</strong></span> <span class='ocrx_word' id='word_1_547' title='bbox 1210 2317 1258 2349; x_wconf 76' lang='lat' dir='ltr'><strong>An</strong></span> <span class='ocrx_word' id='word_1_548' title='bbox 1274 2314 1358 2351; x_wconf 63' lang='lat' dir='ltr'><strong>forte</strong></span> <span class='ocrx_word' id='word_1_549' title='bbox 1366 2329 1437 2362; x_wconf 68' lang='lat' dir='ltr'><strong>pra-</strong></span> 
     </span>
     <span class='ocr_line' id='line_1_47' title="bbox 59 2358 1435 2411; baseline 0.006 -20"><span class='ocrx_word' id='word_1_550' title='bbox 59 2370 100 2391; x_wconf 70' lang='lat' dir='ltr'><strong>va</strong></span> <span class='ocrx_word' id='word_1_551' title='bbox 119 2358 257 2393; x_wconf 85' lang='lat' dir='ltr'><strong>hominis</strong></span> <span class='ocrx_word' id='word_1_552' title='bbox 268 2360 457 2407; x_wconf 70' lang='lat' dir='ltr'><strong>propensio?</strong></span> <span class='ocrx_word' id='word_1_553' title='bbox 477 2366 559 2411; x_wconf 79' lang='lat' dir='ltr'><strong>Ergo</strong></span> <span class='ocrx_word' id='word_1_554' title='bbox 587 2368 649 2411; x_wconf 77' lang='lat' dir='ltr'><strong>jani</strong></span> <span class='ocrx_word' id='word_1_555' title='bbox 662 2374 935 2410; x_wconf 75' lang='lat' dir='ltr'><strong>antepeccaverat</strong></span> <span class='ocrx_word' id='word_1_556' title='bbox 949 2390 958 2404; x_wconf 77' lang='lat'>‚</span> <span class='ocrx_word' id='word_1_557' title='bbox 987 2373 1118 2409; x_wconf 82' lang='lat' dir='ltr'><strong>tumque</strong></span> <span class='ocrx_word' id='word_1_558' title='bbox 1142 2362 1261 2398; x_wconf 76' lang='lat' dir='ltr'><strong>redibit</strong></span> <span class='ocrx_word' id='word_1_559' title='bbox 1279 2365 1435 2411; x_wconf 72' lang='lat' dir='ltr'><strong>quaestio,</strong></span> 
     </span>
    </p>
   </div>
  </div>
 </body>
</html>
