1857 2745
11 161 14 169 *
565 123 606 159 Μ
626 123 660 160 0
679 123 711 159 R
728 122 756 160 A
778 122 804 160 L
820 121 835 159 r
850 123 881 161 S'.
1425 145 1440 169 2

64 171 280 222 ·'sustinerique
297 170 389 209 nullo
410 170 510 208 modo
528 170 662 217 possunt·
682 175 729 208 Ita
744 171 814 209 fere
833 175 882 210 M.
906 170 1030 209 Tullius
1049 172 1106 209 lib.
1129 188 1152 212 2.
1174 173 1302 213 Tuscul.
1393 139 1416 175 4
1441 141 1460 173 7

11 248 13 257 ,
112 223 270 271 Responsio
283 221 385 257 facilis
400 221 444 256 est
459 234 466 256 :
485 220 619 257 affeetus
630 224 810 257 concitatos
824 250 833 265 ,
859 227 894 260 &
907 220 1053 258 turbidos
1065 223 1169 258 malos
1187 221 1247 259 effe
1263 253 1272 267 ,
1290 235 1357 260 non
1376 226 1457 262 item

11 309 13 318 A
64 272 281 308 =moderatosz
298 283 379 318 quos
401 272 498 305 etiam
511 269 633 305 utiliter
646 270 667 305 ἐι
680 282 793 306 natura
805 271 895 306 datos
914 271 1119 308 ostendimus.
1141 272 1241 319 Qod
1258 273 1458 322 enimJulia-

75 333 133 358 nus
144 320 230 368 apud
239 322 270 356 S.
283 320 492 368 Augustinum
508 319 593 354 male
605 319 645 353 de
666 318 941 368 concupiscentia,
964 320 1027 355 hoc
1045 320 1085 354 de
1109 320 1280 356 affectibus
1297 321 1457 369 aptissime

7 410 9 414 Ι
75 371 140 405 dici
149 369 265 418 potest.
282 370 397 412 Hujus
411 394 421 406 ‚
439 367 608 415 inquiebat
621 396 631 410 ,
654 369 815 417 appetitus
837 381 896 403 non
911 370 943 402 in
959 380 1074 417 genere
1088 370 1166 414 suo,
1193 382 1254 404 non
1275 373 1307 403 in
1323 373 1429 418 specie
1444 399 1454 414 ,

60 430 134 452 -non
159 421 193 451 in
208 417 298 451 modo
311 418 405 464 culpa
422 416 462 462 est
476 444 485 455 ‚
498 417 559 462 sed
574 419 607 451 in
624 418 752 463 exceffu:
766 419 843 462 quia
855 429 955 466 genus
974 421 1040 461 ejus
1054 414 1093 451 &⁴
1105 419 1224 467 species
1238 419 1282 452 ad
1297 420 1452 453 Condito-

71 468 116 500 ri's
126 476 251 514 operam
259 468 421 514 pertinent
432 493 442 507 ‚
464 465 571 500 modus
590 469 658 508 ejus
669 465 714 499 ad
725 464 897 499 arbitrium
907 465 1075 509 honestatis
1086 495 1096 510 ‚
1114 468 1247 513 excessus
1268 467 1313 501 ad
1334 468 1454 501 vitium

12 511 15 542 ἶ
44 553 49 555 ,
71 514 260 550 voluntatis.
274 514 463 561 1d‚inquam
482 543 492 558 ,
513 514 554 548 de
578 513 749 550 affletibus
763 515 861 550 animi
871 527 936 549 non
945 513 1059 548 diserte
1076 515 1178 550 modo
1191 544 1200 559 ‚
1221 514 1273 549 sed
1286 517 1383 550 etiam
1395 528 1455 550 ve-

69 573 103 597 te
114 562 177 597 dici
187 564 300 611 potest.
319 564 421 610 Qod
437 575 547 598 autem
558 576 643 599 nunc
656 565 782 599 animus
795 562 1002 612 perturbatus
1014 567 1047 599 δε
1060 565 1207 599 incitatus
1225 577 1285 599 nec
1298 563 1455 600 cohibere

7 611 9 614 ⁴
58 610 100 647 -se
114 610 208 659 poffit
225 641 234 655 ,
252 624 311 647 nec
334 625 400 659 quo
414 611 489 646 loco
504 611 575 647 vult
587 641 597 656 ‚
614 611 753 647 insistere
769 642 779 656 ‚
808 624 844 646 ut
861 614 911 648 M.
921 612 1046 647 Tullius
1066 615 1205 662 opponit
1222 642 1232 657 ‚
1255 625 1294 647 ea
1319 626 1384 648 non
1405 614 1455 648 est

57 671 183 696 ¹natura
193 661 328 696 instituti
340 661 489 705 hominis,
503 661 555 697 sed
566 674 664 709 poena
676 662 819 696 damnati
831 675 839 696 :
854 673 952 709 atque
969 661 1033 710 ipsa
1044 661 1303 711 concupiscentia
1317 664 1350 697 in
1369 665 1452 698 vitio

68 709 120 744 est.
138 710 236 746 Unde
246 710 384 754 Cicero,
400 721 435 744 ut
448 711 547 745 refert
560 712 591 747 S.
609 711 800 760 Augustinus
815 739 826 753 ,
851 712 1023 745 Hominem
1041 711 1122 746 dicit
1133 739 1142 755 ,
1163 724 1224 746 non
1249 722 1284 744 ut
1297 709 1318 745 ἐι
1335 723 1453 754 matre,

55 758 120 799 sed
133 768 170 792 ut
183 756 204 792 ἃ
217 771 356 793 noverca
371 769 492 794 natura
511 759 630 793 editum
647 763 681 793 in
693 762 799 793 vitam
812 787 820 797 ,
838 768 964 806 corpore
979 758 1017 794 Φ·
1029 761 1112 795 nudo
1132 759 1171 795 (ᾗ
1179 760 1317 808 fragili,
1345 758 1383 793 &
1399 762 1450 794 in-

63 804 158 851 firmo
170 822 179 840 :
200 810 305 842 animo
315 818 420 842 autem
432 810 528 842 anxio
544 808 590 842 ad
605 808 778 853 molestias,
794 808 907 844 humili
917 808 961 842 ad
970 811 1098 843 timores
1115 837 1126 848 ‚
1155 820 1250 858 prono
1276 808 1321 842 ad
1343 807 1452 842 libidi-

66 866 121 889 nes
132 870 142 888 :
157 857 190 890 in
198 869 258 902 quo
268 866 374 890 tamen
392 858 497 904 ineffit
513 869 669 903 tanquam
683 855 814 891 obrutus
832 855 965 905 quidam
988 857 1119 892 divinus
1133 860 1218 907 ignis
1241 859 1381 905 ingenii,
1411 856 1450 892 (ῥ’

66 906 189 938 mentis.
209 905 272 938 Sed
284 916 321 939 ut
330 904 447 948 obiicit
462 906 652 954 Augustinus
666 934 675 948 ,
693 919 757 939 rem
768 906 854 940 vidit
864 933 872 944 ,
889 907 1011 952 causam
1022 907 1151 951 nescivit
1167 919 1175 941 t
1203 917 1324 953 nempe
1340 918 1453 953 pecca-

66 953 92 986 ti
107 952 268 1000 originalis
278 952 497 988 labem..Hinc
511 967 578 989 non
595 953 710 988 diserte
721 953 822 988 modo
832 959 866 990 &
876 954 1012 988 nervose
1024 982 1032 997 ,
1057 953 1108 988 sed
1118 957 1218 989 etiam
1237 967 1313 990 vere
1321 955 1443 990 Plinius

65 999 86 1036 l.
99 1015 129 1044 7.
141 1003 174 1035 in
186 999 448 1048 prooemioffacct
455 1001 1001 1049 manibus‚.pedibusLdeviiibiisflens
1013 1004 1136 1037 animat
1145 1006 1260 1038 caeteris
1273 1005 1452 1052 imperatu-

63 1062 152 1088 rum,
178 1048 216 1084 ῥ’
231 1048 251 1082 ὰ
255 1051 423 1097 suppliciis
435 1051 539 1083 vitam
553 1051 736 1097 auspicatur
746 1077 756 1091 ,
780 1062 878 1084 unam
888 1049 1013 1083 tantiam
1031 1050 1067 1084 ob
1080 1051 1221 1100 culpam,
1247 1053 1324 1097 quia
1338 1062 1450 1085 natum

62 1096 115 1142 est.
143 1098 173 1131 Ο
191 1097 383 1132 dementiam
404 1096 561 1132 hominum
581 1097 831 1142 existimantium
847 1095 869 1130 Ῐι
896 1096 1017 1131 talibus
1034 1100 1136 1132 initiis
1159 1100 1203 1133 ad
1215 1099 1398 1146 superbiam
1413 1101 1448 1145 ft

56 1148 208 1194 genitos!
231 1148 269 1181 Et
279 1144 351 1180 sane
362 1144 431 1194 ipsis
449 1144 618 1181 effectibus
634 1157 673 1180 ea
690 1144 779 1180 labes
791 1144 822 1180 se
835 1145 956 1194 prodit.
982 1146 1073 1180 Hinc
1088 1147 1206 1181 Cicero
1222 1147 1307 1194 apud
1323 1149 1405 1196 Aug.
1429 1147 1449 1185 l.

60 1209 96 1241 4.
108 1206 193 1230 cont·
205 1194 273 1244 Jul.
286 1206 369 1242 c.15.
396 1196 451 1228 Ex
469 1193 583 1241 quibus
607 1194 744 1228 humanae
763 1196 833 1227 vitae
850 1192 1006 1229 erroribus
1030 1192 1069 1229 ὠ·
1094 1198 1237 1231 erumnis
1254 1206 1377 1229 veteres
1395 1197 1451 1231 illi

62 1243 178 1278 divino
190 1247 303 1278 mentis
317 1246 504 1292 interpretes
515 1242 644 1290 aliquid
658 1243 768 1290 vidisse
781 1243 1089 1289 videantur‚quinos
1103 1243 1140 1278 ob
1154 1245 1267 1292 aliqua
1277 1245 1397 1290 seelera
1415 1247 1449 1279 in

62 1295 135 1327 vita
166 1295 306 1340 aperiore
318 1292 488 1341 sitsbepta‚
509 1302 671 1340 poenarum
696 1291 883 1326 luendarum
903 1290 1000 1326 causi
1021 1303 1114 1327 natos
1138 1306 1190 1328 nos
1211 1294 1263 1339 effe
1278 1294 1448 1327 dixerunt.-

54 1341 104 1386 fic
123 1340 237 1386 nostros
251 1343 372 1375 animos
388 1354 456 1374 cum
469 1339 645 1388 corporibus
663 1341 826 1387 copulatos
843 1368 850 1377 ,
878 1351 916 1374 ut
938 1343 1034 1375 vivos
1055 1354 1125 1375 cnm
1148 1344 1282 1376 mortuis
1299 1343 1353 1388 effe
1375 1354 1446 1376 con-

53 1390 189 1433 junb‘los.
205 1391 259 1424 Sic
271 1388 378 1424 morbi
396 1389 591 1423 haereditarii
605 1389 624 1423 Ξι
635 1387 820 1436 parentibus
836 1391 871 1423 in
880 1388 964 1423 filios
975 1389 1237 1425 transmittuntur.
1250 1393 1319 1425 Imo
1330 1395 1363 1426 &
1375 1393 1449 1425 ani-

51 1440 107 1472 vmi
122 1440 201 1472 vitia
213 1438 357 1485 quotidie
370 1449 407 1472 ex
422 1435 607 1485 parentibus
624 1449 656 1472 in
673 1434 757 1470 filios
769 1448 913 1472 manant.
939 1439 1030 1483 Qin
1049 1443 1082 1473 &
1103 1440 1184 1472 vitia
1200 1441 1370 1487 regionum
1383 1468 1392 1482 ‚
1413 1451 1448 1475 ut

63 1484 209 1534 superbia
220 1515 230 1530 ‚
240 1487 351 1521 astutia
360 1515 369 1528 ,
390 1487 525 1520 avaritia
537 1515 547 1528 ,
563 1497 599 1520 ut
609 1485 648 1521 de
662 1484 867 1520 Cretensibus
883 1487 928 1520 ait
940 1486 1047 1533 Apost.
1055 1488 1122 1521 Tit.
1134 1501 1155 1523 1.
1268 1522 1272 1525 ,

95 1537 175 1570 Haec
192 1534 309 1570 solutio
319 1532 522 1569 difficultatis
533 1562 542 1576 ‚
557 1546 654 1582 quam
669 1533 865 1569 Ecclefiastes
884 1546 914 1569 c,
931 1549 959 1578 7.
981 1534 1146 1583 proposuit
1161 1563 1171 1578 ,
1198 1540 1232 1572 δε
1255 1548 1321 1570 uno
1343 1534 1448 1570 verbo

63 1583 215 1623 dissolvit.
227 1583 424 1618 solummodo
439 1584 493 1617 hoc
503 1585 624 1621 inveni,
635 1582 841 1629 qubdfecerit
852 1583 945 1618 Deus
958 1583 1110 1618 hominem
1132 1585 1246 1618 rebium
1258 1611 1267 1623 ,
1286 1583 1325 1618 (θ’
1343 1585 1403 1632 ipse
1413 1587 1447 1629 se

63 1633 198 1678 infinitis
216 1631 609 1679 misoueritquaestionibus.
622 1633 699 1679 Qis
715 1632 792 1666 talis
806 1642 843 1666 ut
851 1634 978 1681 ffipiens
990 1631 1028 1677 est
1039 1635 1051 1663 ?
1064 1632 1102 1666 (ῥ’
1121 1636 1193 1679 quis
1206 1634 1353 1680 cognovit
1360 1633 1446 1677 stilu-

62 1683 177 1716 tionem
189 1680 281 1715 verbi
293 1684 307 1713 ?
319 1681 408 1717 Deus
420 1679 573 1716 videlicet
583 1693 657 1715 cum
676 1682 763 1715 resta
774 1680 943 1716 voluntate
959 1681 1126 1716 hominem
1141 1681 1338 1724 condiderat,
1350 1680 1400 1715 hic
1410 1683 1446 1717 in

61 1729 149 1766 mille
158 1729 363 1765 difficultates
374 1729 402 1765 se
415 1731 563 1772 induit‚&
576 1732 747 1764 contrarias
763 1729 904 1777 innseipso
917 1730 1092 1776 qualitates
1116 1730 1247 1778 collegit
1261 1758 1270 1772 ,
1297 1730 1446 1777 ignoran-

61 1781 113 1814 tiae
127 1806 136 1821 ,
149 1784 184 1816 δε
197 1779 419 1826 intelligentiae
432 1807 441 1821 ‚
452 1779 587 1813 stultitiae
598 1784 630 1815 &
639 1781 783 1822 rationis,
795 1777 952 1815 excelsi&
962 1778 1083 1827 abjecti
1096 1781 1210 1814 animi.
1221 1779 1307 1825 Qis
1324 1777 1446 1825 sapiens

61 1840 98 1866 ut
118 1827 181 1863 hoc
195 1828 382 1875 mysterium
403 1828 484 1862 adeo
508 1828 712 1863 reconditum
725 1838 877 1876 penetret
891 1856 900 1871 ‚
921 1829 1010 1875 quod
1027 1827 1182 1876 sapientes
1207 1828 1362 1863 evolvere
1379 1839 1447 1862 non

60 1885 258 1924 potuerunt?

96 1925 230 1969 Instant.
251 1924 393 1960 Afstcms
411 1927 510 1960 animi
526 1926 754 1959 concitatiores
765 1937 832 1960 non
848 1923 964 1959 suntin
979 1921 1081 1959 nostra
1102 1925 1258 1973 potestate
1271 1953 1281 1967 ‚
1299 1936 1361 1960 nec
1377 1924 1447 1971 regi

62 1971 217 2008 &ratione
236 1972 382 2022 possunt:
410 1987 476 2009 non
493 1975 579 2008 enim
594 1975 707 2022 agitati
722 1972 840 2022 spiritus
859 1971 1038 2016 subsidunt,
1060 1985 1166 2021 neque
1181 1974 1267 2009 aestus
1287 1973 1446 2021 sanguinis

63 2019 158 2057 facile
177 2021 309 2059 sedatur.
353 2023 440 2057 Hinc
471 2023 555 2057 luera
577 2024 678 2057 carnis
719 2028 753 2059 &
783 2021 907 2070 spiritus
932 2051 942 2066 ‚
984 2022 1061 2057 dum
1084 2025 1192 2058 anima
1217 2025 1250 2058 in
1271 2022 1446 2057 contrarias

63 2081 169 2117 partes
182 2070 367 2105 distrahitur.
390 2073 440 2105 Sic
458 2073 556 2106 timor
569 2083 623 2105 cor
645 2069 814 2117 &spiritus
837 2066 1024 2113 contrahit,
1049 2076 1083 2106 &
1109 2083 1217 2120 partes
1244 2072 1386 2119 corporis
1402 2068 1444 2103 ad

62 2118 174 2165 fugam
184 2131 358 2166 comparat.
381 2121 477 2154 Mens
487 2130 599 2153 contra
616 2118 673 2153 fibi
686 2119 770 2168 fuga:
781 2119 918 2154 dedecus
928 2122 1082 2167 proponit
1091 2148 1101 2162 ,
1114 2120 1292 2167 periculum
1306 2123 1339 2154 in
1356 2118 1445 2166 fuga,

19 2195 21 2197 .
64 2168 209 2201 vietoriae
219 2167 369 2215 gloriam.
383 2171 466 2216 Ergo
477 2168 609 2203 affletus
624 2170 720 2202 animi
733 2168 802 2202 sunt
818 2170 951 2202 rationis
963 2170 1086 2203 inimici
1103 2174 1136 2205 &
1154 2168 1243 2204 mali.

102 2214 190 2260 Resp.
201 2218 406 2265 Haecmagna
420 2229 457 2251 ex
469 2228 558 2265 parte
573 2229 649 2251 vera
664 2215 724 2250 else
739 2217 778 2250 de
792 2218 960 2251 concitatis
977 2212 1149 2252 affectibus
1160 2246 1168 2260 ,
1196 2217 1236 2250 de
1245 2215 1363 2264 quibus
1379 2216 1442 2251 hoc

64 2262 137 2297 loco
157 2276 222 2298 non
233 2267 368 2311 agimus.
380 2267 578 2311 Qianquam
588 2266 672 2299 ratio
688 2293 697 2307 ,
713 2263 734 2298 si
749 2267 853 2299 minus
869 2265 1065 2314 despoticum
1077 2295 1086 2309 ‚
1105 2278 1258 2314 magnum
1283 2277 1390 2300 tamen
1409 2266 1444 2299 in

18 2316 19 2321 ’
63 2313 242 2359 appetitum
254 2312 443 2349 sentientem
458 2313 558 2348 habet
580 2315 751 2361 imperium
773 2327 780 2348 :
798 2314 976 2348 dummodo
990 2316 1130 2361 experiri
1151 2317 1235 2349 vites
1269 2313 1333 2349 suas
1350 2313 1440 2349 velit.

20 2407 21 2411 Ἰ
62 2362 178 2397 Fateor
194 2359 326 2407 quidem
340 2361 493 2410 sanguinis
514 2368 547 2399 ὃς
560 2362 723 2410 spirituum
737 2364 950 2411 agitationem
981 2363 1190 2398 vehementer
1208 2365 1347 2399 animam
1370 2374 1445 2410 per-
