<?xml version="1.0" encoding="UTF-8"?>
<!DOCTYPE html PUBLIC "-//W3C//DTD XHTML 1.0 Transitional//EN"
    "http://www.w3.org/TR/xhtml1/DTD/xhtml1-transitional.dtd">
<html xmlns="http://www.w3.org/1999/xhtml" xml:lang="en" lang="en">
 <head>
  <title>
</title>
<meta http-equiv="Content-Type" content="text/html;charset=utf-8" />
  <meta name='ocr-system' content='tesseract 3.04.00' />
  <meta name='ocr-capabilities' content='ocr_page ocr_carea ocr_par ocr_line ocrx_word'/>
</head>
<body>
  <div class='ocr_page' id='page_1' title='image "./philosophiavetus01duhauoft_0616.png"; bbox 0 0 1857 2745; ppageno 0'>
   <div class='ocr_carea' id='block_1_1' title="bbox 327 132 1718 1340">
    <p class='ocr_par' dir='ltr' id='par_1_1' title="bbox 327 132 1717 557">
     <span class='ocr_line' id='line_1_1' title="bbox 345 132 1249 177; baseline 0.003 -10"><span class='ocrx_word' id='word_1_1' title='bbox 345 134 402 177; x_wconf 76' lang='lat'>598</span> <span class='ocrx_word' id='word_1_2' title='bbox 775 132 1197 170; x_wconf 73' lang='lat' dir='ltr'>METAPHYSICAE</span> <span class='ocrx_word' id='word_1_3' title='bbox 1246 139 1249 142; x_wconf 75' lang='grc'>’</span> 
     </span>
     <span class='ocr_line' id='line_1_2' title="bbox 329 183 1717 236; baseline 0.004 -21"><span class='ocrx_word' id='word_1_4' title='bbox 329 183 457 227; x_wconf 47' lang='lat' dir='ltr'>fhrtqffe</span> <span class='ocrx_word' id='word_1_5' title='bbox 465 191 523 228; x_wconf 79' lang='lat' dir='ltr'>per</span> <span class='ocrx_word' id='word_1_6' title='bbox 540 185 743 216; x_wconf 75' lang='lat' dir='ltr'><em>tentationem</em></span> <span class='ocrx_word' id='word_1_7' title='bbox 756 185 906 229; x_wconf 77' lang='lat' dir='ltr'>imperita</span> <span class='ocrx_word' id='word_1_8' title='bbox 919 195 1006 217; x_wconf 85' lang='lat' dir='ltr'>mens</span> <span class='ocrx_word' id='word_1_9' title='bbox 1009 185 1146 228; x_wconf 81' lang='lat' dir='ltr'>sentiat.</span> <span class='ocrx_word' id='word_1_10' title='bbox 1168 183 1263 217; x_wconf 85' lang='lat' dir='ltr'>Nam</span> <span class='ocrx_word' id='word_1_11' title='bbox 1278 192 1356 229; x_wconf 71' lang='lat' dir='ltr'>quot</span> <span class='ocrx_word' id='word_1_12' title='bbox 1364 184 1539 230; x_wconf 79' lang='lat' dir='ltr'>fintentias</span> <span class='ocrx_word' id='word_1_13' title='bbox 1558 184 1647 232; x_wconf 75' lang='lat' dir='ltr'>quast</span> <span class='ocrx_word' id='word_1_14' title='bbox 1657 197 1717 236; x_wconf 84' lang='lat' dir='ltr'>per</span> 
     </span>
     <span class='ocr_line' id='line_1_3' title="bbox 340 230 1715 281; baseline 0.007 -21"><span class='ocrx_word' id='word_1_15' title='bbox 340 230 571 275; x_wconf 69' lang='lat' dir='ltr'>,inqmfitionem</span> <span class='ocrx_word' id='word_1_16' title='bbox 596 242 701 265; x_wconf 84' lang='lat' dir='ltr'>movet</span> <span class='ocrx_word' id='word_1_17' title='bbox 711 259 719 270; x_wconf 89' lang='lat'><em>‚</em></span> <span class='ocrx_word' id='word_1_18' title='bbox 741 230 832 278; x_wconf 79' lang='lat' dir='ltr'>quast</span> <span class='ocrx_word' id='word_1_19' title='bbox 845 241 892 265; x_wconf 83' lang='lat' dir='ltr'>tot</span> <span class='ocrx_word' id='word_1_20' title='bbox 904 232 935 265; x_wconf 78' lang='lat' dir='ltr'>in</span> <span class='ocrx_word' id='word_1_21' title='bbox 942 231 980 276; x_wconf 73' lang='lat' dir='ltr'><strong><em>fi</em></strong></span> <span class='ocrx_word' id='word_1_22' title='bbox 992 233 1135 280; x_wconf 49' lang='lat' dir='ltr'>personas</span> <span class='ocrx_word' id='word_1_23' title='bbox 1150 232 1493 281; x_wconf 67' lang='lat' dir='ltr'>diveaforumficscipit.</span> <span class='ocrx_word' id='word_1_24' title='bbox 1515 234 1584 267; x_wconf 88' lang='lat' dir='ltr'>Sed</span> <span class='ocrx_word' id='word_1_25' title='bbox 1598 237 1715 269; x_wconf 83' lang='lat' dir='ltr'>concia-</span> 
     </span>
     <span class='ocr_line' id='line_1_4' title="bbox 340 280 1716 328; baseline 0.007 -19"><span class='ocrx_word' id='word_1_26' title='bbox 340 289 434 311; x_wconf 78' lang='lat' dir='ltr'>muor</span> <span class='ocrx_word' id='word_1_27' title='bbox 446 289 550 311; x_wconf 75' lang='lat' dir='ltr'>verax</span> <span class='ocrx_word' id='word_1_28' title='bbox 563 305 572 316; x_wconf 90' lang='lat'><em>‚</em></span> <span class='ocrx_word' id='word_1_29' title='bbox 591 280 683 313; x_wconf 83' lang='lat' dir='ltr'>velut</span> <span class='ocrx_word' id='word_1_30' title='bbox 696 281 823 325; x_wconf 80' lang='lat' dir='ltr'>extensa</span> <span class='ocrx_word' id='word_1_31' title='bbox 836 292 933 314; x_wconf 85' lang='lat' dir='ltr'>manu</span> <span class='ocrx_word' id='word_1_32' title='bbox 958 282 1095 314; x_wconf 83' lang='lat' dir='ltr'>omnium</span> <span class='ocrx_word' id='word_1_33' title='bbox 1110 281 1264 316; x_wconf 83' lang='lat' dir='ltr'>tumultus</span> <span class='ocrx_word' id='word_1_34' title='bbox 1271 281 1368 327; x_wconf 76' lang='lat' dir='ltr'>fidat</span> <span class='ocrx_word' id='word_1_35' title='bbox 1382 308 1392 320; x_wconf 95' lang='lat'><em>‚</em></span> <span class='ocrx_word' id='word_1_36' title='bbox 1419 283 1526 328; x_wconf 76' lang='lat' dir='ltr'>eosque</span> <span class='ocrx_word' id='word_1_37' title='bbox 1550 282 1597 316; x_wconf 78' lang='lat' dir='ltr'>ad</span> <span class='ocrx_word' id='word_1_38' title='bbox 1619 296 1716 318; x_wconf 73' lang='lat' dir='ltr'>unam</span> 
     </span>
     <span class='ocr_line' id='line_1_5' title="bbox 327 327 1716 376; baseline 0.005 -17"><span class='ocrx_word' id='word_1_39' title='bbox 327 327 521 371; x_wconf 78' lang='lat' dir='ltr'>scmentiam</span> <span class='ocrx_word' id='word_1_40' title='bbox 539 339 668 362; x_wconf 82' lang='lat' dir='ltr'>revocat</span> <span class='ocrx_word' id='word_1_41' title='bbox 679 355 688 366; x_wconf 86' lang='lat'><em>,</em></span> <span class='ocrx_word' id='word_1_42' title='bbox 708 331 823 364; x_wconf 83' lang='lat' dir='ltr'>cumin</span> <span class='ocrx_word' id='word_1_43' title='bbox 840 328 975 374; x_wconf 81' lang='lat' dir='ltr'>ejusdem</span> <span class='ocrx_word' id='word_1_44' title='bbox 996 327 1072 362; x_wconf 82' lang='lat' dir='ltr'><em>libri</em></span> <span class='ocrx_word' id='word_1_45' title='bbox 1085 331 1217 365; x_wconf 81' lang='lat' dir='ltr'>termino</span> <span class='ocrx_word' id='word_1_46' title='bbox 1237 333 1287 364; x_wconf 76' lang='lat' dir='ltr'>ait</span> <span class='ocrx_word' id='word_1_47' title='bbox 1301 343 1310 364; x_wconf 75' lang='grc' dir='ltr'><strong><em>ς</em></strong></span> <span class='ocrx_word' id='word_1_48' title='bbox 1329 331 1436 364; x_wconf 81' lang='lat' dir='ltr'>finem</span> <span class='ocrx_word' id='word_1_49' title='bbox 1453 330 1605 376; x_wconf 84' lang='lat' dir='ltr'>loquendi</span> <span class='ocrx_word' id='word_1_50' title='bbox 1615 343 1716 366; x_wconf 82' lang='lat' dir='ltr'>omnes</span> 
     </span>
     <span class='ocr_line' id='line_1_6' title="bbox 336 375 1716 425; baseline 0.004 -17"><span class='ocrx_word' id='word_1_51' title='bbox 336 376 462 422; x_wconf 78' lang='lat' dir='ltr'>pariter</span> <span class='ocrx_word' id='word_1_52' title='bbox 469 375 639 410; x_wconf 75' lang='lat' dir='ltr'><em>audiamus</em></span> <span class='ocrx_word' id='word_1_53' title='bbox 649 378 775 411; x_wconf 84' lang='lat' dir='ltr'>:Deum</span> <span class='ocrx_word' id='word_1_54' title='bbox 790 379 865 411; x_wconf 82' lang='lat' dir='ltr'>time</span> <span class='ocrx_word' id='word_1_55' title='bbox 882 405 892 420; x_wconf 87' lang='lat'>,</span> <span class='ocrx_word' id='word_1_56' title='bbox 913 375 952 411; x_wconf 55' lang='grc' dir='ltr'>(ῥ’</span> <span class='ocrx_word' id='word_1_57' title='bbox 962 377 1119 412; x_wconf 80' lang='lat' dir='ltr'><em>mandata</em></span> <span class='ocrx_word' id='word_1_58' title='bbox 1130 382 1197 423; x_wconf 80' lang='lat' dir='ltr'>ejus</span> <span class='ocrx_word' id='word_1_59' title='bbox 1210 376 1339 423; x_wconf 77' lang='lat' dir='ltr'>obfirva</span> <span class='ocrx_word' id='word_1_60' title='bbox 1351 405 1361 417; x_wconf 91' lang='lat'><em>‚</em></span> <span class='ocrx_word' id='word_1_61' title='bbox 1379 377 1436 412; x_wconf 86' lang='lat' dir='ltr'>hoc</span> <span class='ocrx_word' id='word_1_62' title='bbox 1458 379 1498 425; x_wconf 86' lang='lat' dir='ltr'>est</span> <span class='ocrx_word' id='word_1_63' title='bbox 1517 382 1600 414; x_wconf 86' lang='lat' dir='ltr'>enim</span> <span class='ocrx_word' id='word_1_64' title='bbox 1614 382 1716 414; x_wconf 76' lang='lat' dir='ltr'>omnir</span> 
     </span>
     <span class='ocr_line' id='line_1_7' title="bbox 338 423 1716 476; baseline 0.005 -20"><span class='ocrx_word' id='word_1_65' title='bbox 338 425 436 458; x_wconf 85' lang='lat' dir='ltr'>homo.</span> <span class='ocrx_word' id='word_1_66' title='bbox 464 425 549 458; x_wconf 85' lang='lat' dir='ltr'>Haec</span> <span class='ocrx_word' id='word_1_67' title='bbox 577 427 692 471; x_wconf 88' lang='lat' dir='ltr'>utique</span> <span class='ocrx_word' id='word_1_68' title='bbox 719 425 816 474; x_wconf 82' lang='lat' dir='ltr'>paulo</span> <span class='ocrx_word' id='word_1_69' title='bbox 839 423 970 461; x_wconf 70' lang='lat' dir='ltr'>uberius</span> <span class='ocrx_word' id='word_1_70' title='bbox 998 438 1037 461; x_wconf 85' lang='lat' dir='ltr'>ex</span> <span class='ocrx_word' id='word_1_71' title='bbox 1055 428 1128 462; x_wconf 86' lang='lat' dir='ltr'>vito</span> <span class='ocrx_word' id='word_1_72' title='bbox 1151 425 1319 462; x_wconf 77' lang='lat' dir='ltr'>clariffimo</span> <span class='ocrx_word' id='word_1_73' title='bbox 1337 426 1559 475; x_wconf 79' lang='lat' dir='ltr'>exposuimuS‚</span> <span class='ocrx_word' id='word_1_74' title='bbox 1580 428 1669 476; x_wconf 90' lang='lat' dir='ltr'>quod</span> <span class='ocrx_word' id='word_1_75' title='bbox 1693 430 1716 463; x_wconf 81' lang='lat' dir='ltr'>ii</span> 
     </span>
     <span class='ocr_line' id='line_1_8' title="bbox 338 474 1717 525; baseline 0.004 -20"><span class='ocrx_word' id='word_1_76' title='bbox 338 474 397 518; x_wconf 88' lang='lat' dir='ltr'>qui</span> <span class='ocrx_word' id='word_1_77' title='bbox 424 474 550 507; x_wconf 85' lang='lat' dir='ltr'>animos</span> <span class='ocrx_word' id='word_1_78' title='bbox 576 474 697 509; x_wconf 86' lang='lat' dir='ltr'>nostros</span> <span class='ocrx_word' id='word_1_79' title='bbox 725 476 837 523; x_wconf 79' lang='lat' dir='ltr'>capitis</span> <span class='ocrx_word' id='word_1_80' title='bbox 871 475 1029 510; x_wconf 86' lang='lat' dir='ltr'>damnant</span> <span class='ocrx_word' id='word_1_81' title='bbox 1046 503 1059 520; x_wconf 93' lang='lat'>,</span> <span class='ocrx_word' id='word_1_82' title='bbox 1091 487 1134 510; x_wconf 89' lang='lat' dir='ltr'>eo</span> <span class='ocrx_word' id='word_1_83' title='bbox 1160 477 1322 525; x_wconf 84' lang='lat' dir='ltr'>praecipue</span> <span class='ocrx_word' id='word_1_84' title='bbox 1346 477 1506 524; x_wconf 81' lang='lat' dir='ltr'>Sapientis</span> <span class='ocrx_word' id='word_1_85' title='bbox 1530 476 1606 515; x_wconf 81' lang='lat' dir='ltr'>ioco</span> <span class='ocrx_word' id='word_1_86' title='bbox 1635 475 1717 514; x_wconf 81' lang='lat' dir='ltr'>abu-</span> 
     </span>
     <span class='ocr_line' id='line_1_9' title="bbox 339 532 455 557; baseline 0.017 -3"><span class='ocrx_word' id='word_1_87' title='bbox 339 532 455 557; x_wconf 81' lang='lat' dir='ltr'>tantur.</span> 
     </span>
    </p>

    <p class='ocr_par' dir='ltr' id='par_1_2' title="bbox 365 568 1467 621">
     <span class='ocr_line' id='line_1_10' title="bbox 365 568 1467 621; baseline 0.005 -18"><span class='ocrx_word' id='word_1_88' title='bbox 365 571 410 604; x_wconf 87' lang='lat' dir='ltr'>At</span> <span class='ocrx_word' id='word_1_89' title='bbox 423 568 504 604; x_wconf 89' lang='lat' dir='ltr'>solus</span> <span class='ocrx_word' id='word_1_90' title='bbox 517 599 527 613; x_wconf 85' lang='lat'>‚</span> <span class='ocrx_word' id='word_1_91' title='bbox 539 572 705 617; x_wconf 80' lang='lat' dir='ltr'>inquiunt,</span> <span class='ocrx_word' id='word_1_92' title='bbox 728 573 814 608; x_wconf 85' lang='lat' dir='ltr'>Deus</span> <span class='ocrx_word' id='word_1_93' title='bbox 833 571 879 606; x_wconf 88' lang='lat' dir='ltr'>est</span> <span class='ocrx_word' id='word_1_94' title='bbox 900 571 1112 616; x_wconf 75' lang='lat' dir='ltr'>immortalis,</span> <span class='ocrx_word' id='word_1_95' title='bbox 1136 584 1172 608; x_wconf 92' lang='lat' dir='ltr'>ut</span> <span class='ocrx_word' id='word_1_96' title='bbox 1182 572 1280 608; x_wconf 91' lang='lat' dir='ltr'>docet</span> <span class='ocrx_word' id='word_1_97' title='bbox 1289 573 1467 621; x_wconf 83' lang='lat' dir='ltr'>Apostolus,</span> 
     </span>
    </p>

    <p class='ocr_par' dir='ltr' id='par_1_3' title="bbox 335 619 1718 1006">
     <span class='ocr_line' id='line_1_11' title="bbox 370 619 1715 670; baseline 0.006 -19"><span class='ocrx_word' id='word_1_98' title='bbox 370 620 458 664; x_wconf 87' lang='lat' dir='ltr'>Resp.</span> <span class='ocrx_word' id='word_1_99' title='bbox 470 619 572 654; x_wconf 84' lang='lat' dir='ltr'>solum</span> <span class='ocrx_word' id='word_1_100' title='bbox 585 623 693 655; x_wconf 88' lang='lat' dir='ltr'>Deum</span> <span class='ocrx_word' id='word_1_101' title='bbox 712 620 833 656; x_wconf 81' lang='lat' dir='ltr'>habete</span> <span class='ocrx_word' id='word_1_102' title='bbox 844 622 1140 665; x_wconf 79' lang='lat' dir='ltr'>immortalitatem,</span> <span class='ocrx_word' id='word_1_103' title='bbox 1153 621 1243 669; x_wconf 77' lang='lat' dir='ltr'>quod</span> <span class='ocrx_word' id='word_1_104' title='bbox 1254 624 1324 657; x_wconf 81' lang='lat' dir='ltr'>vitae</span> <span class='ocrx_word' id='word_1_105' title='bbox 1335 621 1456 657; x_wconf 83' lang='lat' dir='ltr'>habeat</span> <span class='ocrx_word' id='word_1_106' title='bbox 1467 621 1715 670; x_wconf 84' lang='lat' dir='ltr'>plenitudinem,</span> 
     </span>
     <span class='ocr_line' id='line_1_12' title="bbox 335 666 1715 720; baseline 0.004 -19"><span class='ocrx_word' id='word_1_107' title='bbox 335 678 374 702; x_wconf 88' lang='lat' dir='ltr'>ac</span> <span class='ocrx_word' id='word_1_108' title='bbox 383 666 503 702; x_wconf 82' lang='lat' dir='ltr'>nullam</span> <span class='ocrx_word' id='word_1_109' title='bbox 517 667 629 702; x_wconf 81' lang='lat' dir='ltr'>subeat</span> <span class='ocrx_word' id='word_1_110' title='bbox 649 671 863 705; x_wconf 82' lang='lat' dir='ltr'>mutationem</span> <span class='ocrx_word' id='word_1_111' title='bbox 883 684 891 706; x_wconf 82' lang='lat'>2</span> <span class='ocrx_word' id='word_1_112' title='bbox 905 682 1030 705; x_wconf 79' lang='lat' dir='ltr'>mentes</span> <span class='ocrx_word' id='word_1_113' title='bbox 1045 670 1125 706; x_wconf 78' lang='lat' dir='ltr'>vero</span> <span class='ocrx_word' id='word_1_114' title='bbox 1140 683 1212 706; x_wconf 87' lang='lat' dir='ltr'>curn</span> <span class='ocrx_word' id='word_1_115' title='bbox 1222 671 1401 720; x_wconf 79' lang='lat' dir='ltr'>Angelicae,</span> <span class='ocrx_word' id='word_1_116' title='bbox 1422 682 1489 706; x_wconf 86' lang='lat' dir='ltr'>turn</span> <span class='ocrx_word' id='word_1_117' title='bbox 1506 670 1653 706; x_wconf 72' lang='lat' dir='ltr'>humanae</span> <span class='ocrx_word' id='word_1_118' title='bbox 1663 684 1715 707; x_wconf 86' lang='lat' dir='ltr'>na-</span> 
     </span>
     <span class='ocr_line' id='line_1_13' title="bbox 338 715 1718 768; baseline 0.004 -19"><span class='ocrx_word' id='word_1_119' title='bbox 338 728 414 750; x_wconf 81' lang='lat' dir='ltr'>turae</span> <span class='ocrx_word' id='word_1_120' title='bbox 432 715 555 750; x_wconf 85' lang='lat' dir='ltr'>viribus</span> <span class='ocrx_word' id='word_1_121' title='bbox 571 717 685 753; x_wconf 88' lang='lat' dir='ltr'>destrui</span> <span class='ocrx_word' id='word_1_122' title='bbox 697 732 765 754; x_wconf 87' lang='lat' dir='ltr'>non</span> <span class='ocrx_word' id='word_1_123' title='bbox 778 716 905 767; x_wconf 83' lang='lat' dir='ltr'>poffunt</span> <span class='ocrx_word' id='word_1_124' title='bbox 917 748 926 762; x_wconf 90' lang='lat'>‚</span> <span class='ocrx_word' id='word_1_125' title='bbox 944 732 1017 754; x_wconf 90' lang='lat' dir='ltr'>cum</span> <span class='ocrx_word' id='word_1_126' title='bbox 1041 718 1100 754; x_wconf 80' lang='lat' dir='ltr'>sint</span> <span class='ocrx_word' id='word_1_127' title='bbox 1116 718 1272 768; x_wconf 79' lang='lat' dir='ltr'>simplices</span> <span class='ocrx_word' id='word_1_128' title='bbox 1286 748 1296 763; x_wconf 85' lang='lat'>‚</span> <span class='ocrx_word' id='word_1_129' title='bbox 1318 724 1351 756; x_wconf 73' lang='grc' dir='ltr'>δε</span> <span class='ocrx_word' id='word_1_130' title='bbox 1364 718 1561 755; x_wconf 87' lang='lat' dir='ltr'><strong>uniusmodi:</strong></span> <span class='ocrx_word' id='word_1_131' title='bbox 1579 718 1633 754; x_wconf 92' lang='lat' dir='ltr'>sed</span> <span class='ocrx_word' id='word_1_132' title='bbox 1650 722 1718 756; x_wconf 85' lang='lat' dir='ltr'>Dei</span> 
     </span>
     <span class='ocr_line' id='line_1_14' title="bbox 338 765 1716 817; baseline 0.004 -17"><span class='ocrx_word' id='word_1_133' title='bbox 338 777 418 800; x_wconf 85' lang='lat' dir='ltr'>nutu</span> <span class='ocrx_word' id='word_1_134' title='bbox 434 769 467 801; x_wconf 89' lang='lat'>&amp;</span> <span class='ocrx_word' id='word_1_135' title='bbox 481 765 651 801; x_wconf 84' lang='lat' dir='ltr'>voluntate</span> <span class='ocrx_word' id='word_1_136' title='bbox 661 765 898 812; x_wconf 84' lang='lat' dir='ltr'>conservantur,</span> <span class='ocrx_word' id='word_1_137' title='bbox 911 780 947 803; x_wconf 86' lang='lat' dir='ltr'>ut</span> <span class='ocrx_word' id='word_1_138' title='bbox 960 768 1054 804; x_wconf 83' lang='lat' dir='ltr'>Plato</span> <span class='ocrx_word' id='word_1_139' title='bbox 1066 768 1129 817; x_wconf 84' lang='lat' dir='ltr'>ipse</span> <span class='ocrx_word' id='word_1_140' title='bbox 1145 772 1177 803; x_wconf 88' lang='lat' dir='ltr'>in</span> <span class='ocrx_word' id='word_1_141' title='bbox 1192 770 1320 804; x_wconf 79' lang='lat' dir='ltr'>Timaeo</span> <span class='ocrx_word' id='word_1_142' title='bbox 1330 769 1441 805; x_wconf 85' lang='lat' dir='ltr'>docet.</span> <span class='ocrx_word' id='word_1_143' title='bbox 1458 771 1592 805; x_wconf 81' lang='lat' dir='ltr'>Natura:</span> <span class='ocrx_word' id='word_1_144' title='bbox 1605 780 1716 805; x_wconf 86' lang='lat' dir='ltr'>tamen</span> 
     </span>
     <span class='ocr_line' id='line_1_15' title="bbox 337 813 1715 865; baseline 0.004 -17"><span class='ocrx_word' id='word_1_145' title='bbox 337 814 527 849; x_wconf 88' lang='lat' dir='ltr'>conditione</span> <span class='ocrx_word' id='word_1_146' title='bbox 543 813 613 850; x_wconf 78' lang='lat' dir='ltr'>sunt</span> <span class='ocrx_word' id='word_1_147' title='bbox 625 818 832 864; x_wconf 80' lang='lat' dir='ltr'>incorruptae,</span> <span class='ocrx_word' id='word_1_148' title='bbox 861 828 933 852; x_wconf 87' lang='lat' dir='ltr'>cum</span> <span class='ocrx_word' id='word_1_149' title='bbox 944 817 964 853; x_wconf 75' lang='grc' dir='ltr'>ὲ.</span> <span class='ocrx_word' id='word_1_150' title='bbox 974 817 1061 852; x_wconf 81' lang='lat' dir='ltr'>nulla</span> <span class='ocrx_word' id='word_1_151' title='bbox 1074 830 1109 852; x_wconf 89' lang='lat' dir='ltr'>re</span> <span class='ocrx_word' id='word_1_152' title='bbox 1119 828 1226 852; x_wconf 79' lang='lat' dir='ltr'>creata</span> <span class='ocrx_word' id='word_1_153' title='bbox 1239 819 1381 851; x_wconf 83' lang='lat' dir='ltr'>interimi</span> <span class='ocrx_word' id='word_1_154' title='bbox 1395 817 1512 865; x_wconf 83' lang='lat' dir='ltr'>poffint</span> <span class='ocrx_word' id='word_1_155' title='bbox 1522 846 1530 860; x_wconf 90' lang='lat'>‚</span> <span class='ocrx_word' id='word_1_156' title='bbox 1553 829 1660 864; x_wconf 88' lang='lat' dir='ltr'>neque</span> <span class='ocrx_word' id='word_1_157' title='bbox 1681 820 1715 853; x_wconf 81' lang='lat' dir='ltr'>in</span> 
     </span>
     <span class='ocr_line' id='line_1_16' title="bbox 337 861 1717 914; baseline 0.003 -18"><span class='ocrx_word' id='word_1_158' title='bbox 337 861 368 897; x_wconf 89' lang='lat' dir='ltr'>se</span> <span class='ocrx_word' id='word_1_159' title='bbox 389 864 604 911; x_wconf 74' lang='lat' dir='ltr'>corruptionis</span> <span class='ocrx_word' id='word_1_160' title='bbox 633 876 748 913; x_wconf 80' lang='lat' dir='ltr'>gerant</span> <span class='ocrx_word' id='word_1_161' title='bbox 777 864 896 901; x_wconf 82' lang='lat' dir='ltr'>semina</span> <span class='ocrx_word' id='word_1_162' title='bbox 922 879 930 900; x_wconf 72' lang='grc' dir='ltr'><strong>ι</strong></span> <span class='ocrx_word' id='word_1_163' title='bbox 953 879 1028 903; x_wconf 81' lang='lat' dir='ltr'>narn</span> <span class='ocrx_word' id='word_1_164' title='bbox 1053 869 1204 901; x_wconf 83' lang='lat' dir='ltr'>creatoris</span> <span class='ocrx_word' id='word_1_165' title='bbox 1230 865 1377 900; x_wconf 79' lang='lat' dir='ltr'>voluntas</span> <span class='ocrx_word' id='word_1_166' title='bbox 1402 879 1549 901; x_wconf 81' lang='lat' dir='ltr'>naturam</span> <span class='ocrx_word' id='word_1_167' title='bbox 1569 865 1717 914; x_wconf 86' lang='lat' dir='ltr'>cujusque</span> 
     </span>
     <span class='ocr_line' id='line_1_17' title="bbox 337 910 1715 963; baseline 0.003 -18"><span class='ocrx_word' id='word_1_168' title='bbox 337 913 384 946; x_wconf 86' lang='lat' dir='ltr'>rei</span> <span class='ocrx_word' id='word_1_169' title='bbox 398 910 509 948; x_wconf 87' lang='lat' dir='ltr'>efficit.</span> <span class='ocrx_word' id='word_1_170' title='bbox 535 915 670 949; x_wconf 79' lang='lat' dir='ltr'>Mentes</span> <span class='ocrx_word' id='word_1_171' title='bbox 690 916 800 961; x_wconf 88' lang='lat' dir='ltr'>itaque</span> <span class='ocrx_word' id='word_1_172' title='bbox 818 915 925 949; x_wconf 84' lang='lat' dir='ltr'>nosttae</span> <span class='ocrx_word' id='word_1_173' title='bbox 943 927 981 950; x_wconf 84' lang='lat' dir='ltr'>ex</span> <span class='ocrx_word' id='word_1_174' title='bbox 1005 926 1125 950; x_wconf 84' lang='lat' dir='ltr'>uaturae</span> <span class='ocrx_word' id='word_1_175' title='bbox 1141 915 1198 950; x_wconf 83' lang='lat' dir='ltr'>suae</span> <span class='ocrx_word' id='word_1_176' title='bbox 1214 913 1414 950; x_wconf 83' lang='lat' dir='ltr'>institutione</span> <span class='ocrx_word' id='word_1_177' title='bbox 1432 944 1442 958; x_wconf 90' lang='lat'>‚</span> <span class='ocrx_word' id='word_1_178' title='bbox 1465 921 1498 952; x_wconf 90' lang='lat'>&amp;</span> <span class='ocrx_word' id='word_1_179' title='bbox 1523 913 1648 963; x_wconf 84' lang='lat' dir='ltr'>opificis</span> <span class='ocrx_word' id='word_1_180' title='bbox 1668 912 1715 949; x_wconf 82' lang='lat' dir='ltr'>sui</span> 
     </span>
     <span class='ocr_line' id='line_1_18' title="bbox 338 959 1051 1006; baseline 0.004 -10"><span class='ocrx_word' id='word_1_181' title='bbox 338 972 418 996; x_wconf 89' lang='lat' dir='ltr'>nutu</span> <span class='ocrx_word' id='word_1_182' title='bbox 436 959 503 996; x_wconf 88' lang='lat' dir='ltr'>sunt</span> <span class='ocrx_word' id='word_1_183' title='bbox 516 961 745 997; x_wconf 76' lang='lat' dir='ltr'>indissolubiles</span> <span class='ocrx_word' id='word_1_184' title='bbox 759 991 770 1006; x_wconf 85' lang='lat'>‚</span> <span class='ocrx_word' id='word_1_185' title='bbox 790 967 823 999; x_wconf 87' lang='lat'><strong>&amp;</strong></span> <span class='ocrx_word' id='word_1_186' title='bbox 838 963 1051 1000; x_wconf 83' lang='lat' dir='ltr'>immortales,</span> 
     </span>
    </p>

    <p class='ocr_par' dir='ltr' id='par_1_4' title="bbox 338 1009 1716 1206">
     <span class='ocr_line' id='line_1_19' title="bbox 375 1009 1716 1061; baseline -0.001 -16"><span class='ocrx_word' id='word_1_187' title='bbox 375 1009 477 1045; x_wconf 79' lang='lat' dir='ltr'>Nulla</span> <span class='ocrx_word' id='word_1_188' title='bbox 490 1010 624 1057; x_wconf 79' lang='lat' dir='ltr'>quidem</span> <span class='ocrx_word' id='word_1_189' title='bbox 641 1012 684 1046; x_wconf 88' lang='lat' dir='ltr'>est</span> <span class='ocrx_word' id='word_1_190' title='bbox 710 1010 799 1046; x_wconf 77' lang='lat' dir='ltr'>causa</span> <span class='ocrx_word' id='word_1_191' title='bbox 817 1023 856 1045; x_wconf 86' lang='lat' dir='ltr'>ex</span> <span class='ocrx_word' id='word_1_192' title='bbox 874 1025 935 1059; x_wconf 79' lang='lat' dir='ltr'>qua</span> <span class='ocrx_word' id='word_1_193' title='bbox 945 1014 1071 1048; x_wconf 82' lang='lat' dir='ltr'>animus</span> <span class='ocrx_word' id='word_1_194' title='bbox 1081 1012 1224 1060; x_wconf 82' lang='lat' dir='ltr'>pendeat</span> <span class='ocrx_word' id='word_1_195' title='bbox 1236 1042 1246 1057; x_wconf 91' lang='lat'>‚</span> <span class='ocrx_word' id='word_1_196' title='bbox 1268 1012 1369 1060; x_wconf 69' lang='lat' dir='ltr'>quiim</span> <span class='ocrx_word' id='word_1_197' title='bbox 1381 1014 1502 1061; x_wconf 83' lang='lat' dir='ltr'>prima,</span> <span class='ocrx_word' id='word_1_198' title='bbox 1515 1017 1602 1061; x_wconf 79' lang='lat' dir='ltr'>cujus</span> <span class='ocrx_word' id='word_1_199' title='bbox 1619 1022 1716 1060; x_wconf 81' lang='lat' dir='ltr'>pote.</span> 
     </span>
     <span class='ocr_line' id='line_1_20' title="bbox 340 1058 1716 1109; baseline 0.004 -18"><span class='ocrx_word' id='word_1_200' title='bbox 340 1058 399 1092; x_wconf 77' lang='lat' dir='ltr'>stas</span> <span class='ocrx_word' id='word_1_201' title='bbox 409 1071 476 1093; x_wconf 88' lang='lat' dir='ltr'>non</span> <span class='ocrx_word' id='word_1_202' title='bbox 484 1058 606 1096; x_wconf 77' lang='lat' dir='ltr'>deficit.</span> <span class='ocrx_word' id='word_1_203' title='bbox 619 1063 729 1096; x_wconf 85' lang='lat' dir='ltr'>Deum</span> <span class='ocrx_word' id='word_1_204' title='bbox 737 1071 847 1095; x_wconf 83' lang='lat' dir='ltr'>autem</span> <span class='ocrx_word' id='word_1_205' title='bbox 864 1060 950 1096; x_wconf 87' lang='lat' dir='ltr'>velle</span> <span class='ocrx_word' id='word_1_206' title='bbox 962 1073 997 1096; x_wconf 92' lang='lat' dir='ltr'>ut</span> <span class='ocrx_word' id='word_1_207' title='bbox 1020 1063 1224 1109; x_wconf 77' lang='lat' dir='ltr'>extinguatur</span> <span class='ocrx_word' id='word_1_208' title='bbox 1234 1064 1360 1098; x_wconf 84' lang='lat' dir='ltr'>animus</span> <span class='ocrx_word' id='word_1_209' title='bbox 1372 1089 1383 1104; x_wconf 87' lang='lat'><strong>,</strong></span> <span class='ocrx_word' id='word_1_210' title='bbox 1399 1060 1489 1096; x_wconf 89' lang='lat' dir='ltr'>nullo</span> <span class='ocrx_word' id='word_1_211' title='bbox 1499 1061 1531 1094; x_wconf 86' lang='lat' dir='ltr'>id</span> <span class='ocrx_word' id='word_1_212' title='bbox 1543 1073 1716 1109; x_wconf 85' lang='lat' dir='ltr'>argumen-</span> 
     </span>
     <span class='ocr_line' id='line_1_21' title="bbox 338 1106 1715 1159; baseline 0.003 -19"><span class='ocrx_word' id='word_1_213' title='bbox 338 1117 374 1140; x_wconf 94' lang='lat' dir='ltr'>to</span> <span class='ocrx_word' id='word_1_214' title='bbox 385 1106 635 1156; x_wconf 83' lang='lat' dir='ltr'>probaripotest.</span> <span class='ocrx_word' id='word_1_215' title='bbox 652 1113 722 1144; x_wconf 89' lang='lat' dir='ltr'>Imo</span> <span class='ocrx_word' id='word_1_216' title='bbox 738 1108 847 1144; x_wconf 86' lang='lat' dir='ltr'>multis</span> <span class='ocrx_word' id='word_1_217' title='bbox 863 1113 1059 1159; x_wconf 84' lang='lat' dir='ltr'>argumentis</span> <span class='ocrx_word' id='word_1_218' title='bbox 1072 1111 1220 1145; x_wconf 83' lang='lat' dir='ltr'>testatum</span> <span class='ocrx_word' id='word_1_219' title='bbox 1233 1111 1312 1146; x_wconf 75' lang='lat' dir='ltr'>facit</span> <span class='ocrx_word' id='word_1_220' title='bbox 1325 1108 1355 1144; x_wconf 90' lang='lat' dir='ltr'>se</span> <span class='ocrx_word' id='word_1_221' title='bbox 1373 1109 1460 1144; x_wconf 80' lang='lat' dir='ltr'>velle</span> <span class='ocrx_word' id='word_1_222' title='bbox 1471 1121 1508 1144; x_wconf 84' lang='lat' dir='ltr'>ut</span> <span class='ocrx_word' id='word_1_223' title='bbox 1525 1111 1648 1144; x_wconf 83' lang='lat' dir='ltr'>animus</span> <span class='ocrx_word' id='word_1_224' title='bbox 1667 1107 1715 1144; x_wconf 78' lang='lat' dir='ltr'>su.-</span> 
     </span>
     <span class='ocr_line' id='line_1_22' title="bbox 338 1154 1627 1206; baseline 0.002 -17"><span class='ocrx_word' id='word_1_225' title='bbox 338 1156 454 1202; x_wconf 84' lang='lat' dir='ltr'>perstes</span> <span class='ocrx_word' id='word_1_226' title='bbox 466 1154 501 1189; x_wconf 85' lang='lat' dir='ltr'>fit</span> <span class='ocrx_word' id='word_1_227' title='bbox 512 1161 651 1205; x_wconf 87' lang='lat' dir='ltr'>corpori,</span> <span class='ocrx_word' id='word_1_228' title='bbox 668 1163 701 1194; x_wconf 64' lang='grc' dir='ltr'>ὃς</span> <span class='ocrx_word' id='word_1_229' title='bbox 721 1157 883 1191; x_wconf 79' lang='lat' dir='ltr'>felicitatis</span> <span class='ocrx_word' id='word_1_230' title='bbox 897 1172 996 1206; x_wconf 80' lang='lat' dir='ltr'>capax</span> <span class='ocrx_word' id='word_1_231' title='bbox 1010 1188 1020 1201; x_wconf 92' lang='lat'>,</span> <span class='ocrx_word' id='word_1_232' title='bbox 1037 1162 1083 1194; x_wconf 89' lang='lat' dir='ltr'>uti</span> <span class='ocrx_word' id='word_1_233' title='bbox 1101 1161 1134 1193; x_wconf 88' lang='lat' dir='ltr'>in</span> <span class='ocrx_word' id='word_1_234' title='bbox 1150 1159 1272 1193; x_wconf 85' lang='lat' dir='ltr'>Morali</span> <span class='ocrx_word' id='word_1_235' title='bbox 1288 1159 1351 1194; x_wconf 89' lang='lat' dir='ltr'>fuit</span> <span class='ocrx_word' id='word_1_236' title='bbox 1368 1158 1627 1192; x_wconf 79' lang='lat' dir='ltr'>demonstratum.</span> 
     </span>
    </p>

    <p class='ocr_par' dir='ltr' id='par_1_5' title="bbox 337 1204 1716 1340">
     <span class='ocr_line' id='line_1_23' title="bbox 337 1204 1715 1255; baseline 0.003 -19"><span class='ocrx_word' id='word_1_237' title='bbox 337 1217 346 1236; x_wconf 67' lang='lat' dir='ltr'>s</span> <span class='ocrx_word' id='word_1_238' title='bbox 375 1204 445 1251; x_wconf 68' lang='lat' dir='ltr'>Qui</span> <span class='ocrx_word' id='word_1_239' title='bbox 455 1204 541 1238; x_wconf 84' lang='lat' dir='ltr'>nulla</span> <span class='ocrx_word' id='word_1_240' title='bbox 550 1208 674 1241; x_wconf 85' lang='lat' dir='ltr'>tatione</span> <span class='ocrx_word' id='word_1_241' title='bbox 686 1205 896 1240; x_wconf 83' lang='lat' dir='ltr'>demonstrari</span> <span class='ocrx_word' id='word_1_242' title='bbox 905 1208 990 1255; x_wconf 76' lang='lat' dir='ltr'>poss&#39;e</span> <span class='ocrx_word' id='word_1_243' title='bbox 999 1209 1113 1242; x_wconf 78' lang='lat' dir='ltr'>animae</span> <span class='ocrx_word' id='word_1_244' title='bbox 1128 1207 1407 1242; x_wconf 78' lang='lat' dir='ltr'>immortalitatem</span> <span class='ocrx_word' id='word_1_245' title='bbox 1417 1218 1530 1254; x_wconf 82' lang='lat' dir='ltr'>putant</span> <span class='ocrx_word' id='word_1_246' title='bbox 1541 1235 1550 1249; x_wconf 89' lang='lat'>‚</span> <span class='ocrx_word' id='word_1_247' title='bbox 1578 1205 1631 1241; x_wconf 89' lang='lat' dir='ltr'>sed</span> <span class='ocrx_word' id='word_1_248' title='bbox 1650 1205 1715 1240; x_wconf 84' lang='lat' dir='ltr'>sola</span> 
     </span>
     <span class='ocr_line' id='line_1_24' title="bbox 339 1251 1716 1304; baseline 0.003 -18"><span class='ocrx_word' id='word_1_249' title='bbox 339 1251 402 1287; x_wconf 87' lang='lat' dir='ltr'>fide</span> <span class='ocrx_word' id='word_1_250' title='bbox 419 1264 539 1287; x_wconf 79' lang='lat' dir='ltr'>certam</span> <span class='ocrx_word' id='word_1_251' title='bbox 549 1253 660 1289; x_wconf 67' lang='lat' dir='ltr'>haberi</span> <span class='ocrx_word' id='word_1_252' title='bbox 670 1284 680 1298; x_wconf 83' lang='lat'>‚</span> <span class='ocrx_word' id='word_1_253' title='bbox 698 1254 762 1288; x_wconf 81' lang='lat' dir='ltr'>alia</span> <span class='ocrx_word' id='word_1_254' title='bbox 773 1253 933 1300; x_wconf 80' lang='lat' dir='ltr'>objiciunt</span> <span class='ocrx_word' id='word_1_255' title='bbox 946 1256 986 1289; x_wconf 89' lang='lat' dir='ltr'>de</span> <span class='ocrx_word' id='word_1_256' title='bbox 1000 1255 1079 1291; x_wconf 76' lang='lat' dir='ltr'>statu</span> <span class='ocrx_word' id='word_1_257' title='bbox 1089 1257 1206 1291; x_wconf 79' lang='lat' dir='ltr'>animae</span> <span class='ocrx_word' id='word_1_258' title='bbox 1217 1254 1374 1304; x_wconf 80' lang='lat' dir='ltr'>separatae,</span> <span class='ocrx_word' id='word_1_259' title='bbox 1386 1268 1456 1303; x_wconf 74' lang='lat' dir='ltr'>quae</span> <span class='ocrx_word' id='word_1_260' title='bbox 1474 1257 1620 1304; x_wconf 83' lang='lat' dir='ltr'>proxima</span> <span class='ocrx_word' id='word_1_261' title='bbox 1629 1266 1716 1302; x_wconf 78' lang='lat' dir='ltr'>quae-</span> 
     </span>
     <span class='ocr_line' id='line_1_25' title="bbox 340 1300 904 1340; baseline 0.009 -5"><span class='ocrx_word' id='word_1_262' title='bbox 340 1300 444 1337; x_wconf 86' lang='lat' dir='ltr'>stione</span> <span class='ocrx_word' id='word_1_263' title='bbox 465 1302 671 1339; x_wconf 64' lang='lat' dir='ltr'>commodius</span> <span class='ocrx_word' id='word_1_264' title='bbox 687 1300 904 1340; x_wconf 67' lang='lat' dir='ltr'>diss‘olvemus.</span> 
     </span>
    </p>
   </div>
   <div class='ocr_carea' id='block_1_2' title="bbox 790 1401 1252 1547">
    <p class='ocr_par' dir='ltr' id='par_1_6' title="bbox 790 1401 1252 1547">
     <span class='ocr_line' id='line_1_26' title="bbox 798 1401 1239 1447; baseline 0 -9"><span class='ocrx_word' id='word_1_265' title='bbox 798 1401 884 1447; x_wconf 69' lang='lat' dir='ltr'>QU</span> <span class='ocrx_word' id='word_1_266' title='bbox 907 1405 945 1436; x_wconf 81' lang='lat' dir='ltr'><strong>AE</strong></span> <span class='ocrx_word' id='word_1_267' title='bbox 965 1402 986 1437; x_wconf 90' lang='lat' dir='ltr'>S</span> <span class='ocrx_word' id='word_1_268' title='bbox 1009 1403 1041 1436; x_wconf 89' lang='lat' dir='ltr'>T</span> <span class='ocrx_word' id='word_1_269' title='bbox 1067 1403 1080 1435; x_wconf 93' lang='lat'><em>1</em></span> <span class='ocrx_word' id='word_1_270' title='bbox 1102 1404 1136 1438; x_wconf 91' lang='lat' dir='ltr'>O</span> <span class='ocrx_word' id='word_1_271' title='bbox 1187 1404 1239 1438; x_wconf 83' lang='lat'>11.</span> 
     </span>
     <span class='ocr_line' id='line_1_27' title="bbox 790 1498 1252 1547; baseline -0.002 -14"><span class='ocrx_word' id='word_1_272' title='bbox 790 1500 847 1533; x_wconf 88' lang='lat' dir='ltr'>De</span> <span class='ocrx_word' id='word_1_273' title='bbox 859 1498 948 1544; x_wconf 85' lang='lat' dir='ltr'>statu</span> <span class='ocrx_word' id='word_1_274' title='bbox 968 1501 1076 1534; x_wconf 72' lang='lat' dir='ltr'>anima</span> <span class='ocrx_word' id='word_1_275' title='bbox 1084 1499 1252 1547; x_wconf 72' lang='lat' dir='ltr'>separate.</span> 
     </span>
    </p>
   </div>
   <div class='ocr_carea' id='block_1_3' title="bbox 335 1592 1719 2375">
    <p class='ocr_par' dir='ltr' id='par_1_7' title="bbox 405 1592 1717 1646">
     <span class='ocr_line' id='line_1_28' title="bbox 405 1592 1717 1646; baseline 0.005 -19"><span class='ocrx_word' id='word_1_276' title='bbox 405 1592 458 1628; x_wconf 79' lang='lat' dir='ltr'>Tfi</span> <span class='ocrx_word' id='word_1_277' title='bbox 471 1593 556 1628; x_wconf 84' lang='lat' dir='ltr'>forte</span> <span class='ocrx_word' id='word_1_278' title='bbox 570 1607 627 1630; x_wconf 85' lang='lat' dir='ltr'>nos</span> <span class='ocrx_word' id='word_1_279' title='bbox 644 1595 729 1646; x_wconf 86' lang='lat' dir='ltr'>fugit</span> <span class='ocrx_word' id='word_1_280' title='bbox 744 1595 913 1644; x_wconf 89' lang='lat' dir='ltr'>quomodo</span> <span class='ocrx_word' id='word_1_281' title='bbox 931 1597 1038 1630; x_wconf 82' lang='lat' dir='ltr'>anima</span> <span class='ocrx_word' id='word_1_282' title='bbox 1054 1595 1196 1645; x_wconf 81' lang='lat' dir='ltr'>separata</span> <span class='ocrx_word' id='word_1_283' title='bbox 1208 1595 1261 1630; x_wconf 78' lang='lat' dir='ltr'>vel</span> <span class='ocrx_word' id='word_1_284' title='bbox 1271 1593 1402 1638; x_wconf 83' lang='lat' dir='ltr'>sentiat,</span> <span class='ocrx_word' id='word_1_285' title='bbox 1418 1593 1470 1629; x_wconf 87' lang='lat' dir='ltr'>vel</span> <span class='ocrx_word' id='word_1_286' title='bbox 1486 1595 1657 1645; x_wconf 85' lang='lat' dir='ltr'>intelligat,</span> <span class='ocrx_word' id='word_1_287' title='bbox 1671 1608 1717 1633; x_wconf 66' lang='grc' dir='ltr'>ια·</span> 
     </span>
    </p>

    <p class='ocr_par' dir='ltr' id='par_1_8' title="bbox 335 1643 1719 2375">
     <span class='ocr_line' id='line_1_29' title="bbox 407 1643 1716 1693; baseline 0.003 -16"><span class='ocrx_word' id='word_1_288' title='bbox 407 1655 483 1678; x_wconf 85' lang='lat' dir='ltr'>men</span> <span class='ocrx_word' id='word_1_289' title='bbox 493 1646 665 1679; x_wconf 86' lang='lat' dir='ltr'>certumest</span> <span class='ocrx_word' id='word_1_290' title='bbox 681 1657 753 1680; x_wconf 86' lang='lat' dir='ltr'>eam</span> <span class='ocrx_word' id='word_1_291' title='bbox 776 1646 796 1681; x_wconf 73' lang='grc' dir='ltr'>ὲ</span> <span class='ocrx_word' id='word_1_292' title='bbox 820 1656 954 1693; x_wconf 80' lang='lat' dir='ltr'>corpore</span> <span class='ocrx_word' id='word_1_293' title='bbox 969 1644 1141 1692; x_wconf 63' lang='lat' dir='ltr'>sejundhm</span> <span class='ocrx_word' id='word_1_294' title='bbox 1155 1645 1292 1680; x_wconf 81' lang='lat' dir='ltr'>existere.</span> <span class='ocrx_word' id='word_1_295' title='bbox 1314 1646 1444 1679; x_wconf 82' lang='lat' dir='ltr'>Moveri</span> <span class='ocrx_word' id='word_1_296' title='bbox 1464 1643 1562 1679; x_wconf 80' lang='lat' dir='ltr'>sidera</span> <span class='ocrx_word' id='word_1_297' title='bbox 1575 1674 1586 1688; x_wconf 92' lang='lat'><strong><em>,</em></strong></span> <span class='ocrx_word' id='word_1_298' title='bbox 1616 1657 1716 1693; x_wconf 83' lang='lat' dir='ltr'>atque</span> 
     </span>
     <span class='ocr_line' id='line_1_30' title="bbox 339 1691 1715 1743; baseline 0.003 -17"><span class='ocrx_word' id='word_1_299' title='bbox 339 1691 468 1726; x_wconf 85' lang='lat' dir='ltr'>eosdem</span> <span class='ocrx_word' id='word_1_300' title='bbox 477 1691 576 1726; x_wconf 86' lang='lat' dir='ltr'>cursus</span> <span class='ocrx_word' id='word_1_301' title='bbox 591 1693 835 1730; x_wconf 81' lang='lat' dir='ltr'>constantiffime</span> <span class='ocrx_word' id='word_1_302' title='bbox 849 1693 971 1729; x_wconf 87' lang='lat' dir='ltr'>servare</span> <span class='ocrx_word' id='word_1_303' title='bbox 986 1693 1162 1742; x_wconf 81' lang='lat' dir='ltr'>disparibus</span> <span class='ocrx_word' id='word_1_304' title='bbox 1172 1696 1253 1729; x_wconf 88' lang='lat' dir='ltr'>inter</span> <span class='ocrx_word' id='word_1_305' title='bbox 1264 1693 1294 1728; x_wconf 89' lang='lat' dir='ltr'>se</span> <span class='ocrx_word' id='word_1_306' title='bbox 1305 1692 1441 1728; x_wconf 84' lang='lat' dir='ltr'>motibus</span> <span class='ocrx_word' id='word_1_307' title='bbox 1455 1705 1554 1729; x_wconf 85' lang='lat' dir='ltr'>nemo</span> <span class='ocrx_word' id='word_1_308' title='bbox 1567 1693 1715 1743; x_wconf 83' lang='lat' dir='ltr'>ambigit:</span> 
     </span>
     <span class='ocr_line' id='line_1_31' title="bbox 337 1739 1719 1791; baseline 0.002 -16"><span class='ocrx_word' id='word_1_309' title='bbox 337 1753 372 1775; x_wconf 78' lang='lat' dir='ltr'>at</span> <span class='ocrx_word' id='word_1_310' title='bbox 381 1739 494 1788; x_wconf 87' lang='lat' dir='ltr'>quibus</span> <span class='ocrx_word' id='word_1_311' title='bbox 504 1745 582 1776; x_wconf 85' lang='lat' dir='ltr'>rotis</span> <span class='ocrx_word' id='word_1_312' title='bbox 603 1754 659 1777; x_wconf 90' lang='lat' dir='ltr'>aut</span> <span class='ocrx_word' id='word_1_313' title='bbox 673 1743 829 1779; x_wconf 85' lang='lat' dir='ltr'>machinis</span> <span class='ocrx_word' id='word_1_314' title='bbox 839 1743 902 1778; x_wconf 86' lang='lat' dir='ltr'>illae</span> <span class='ocrx_word' id='word_1_315' title='bbox 915 1742 1138 1777; x_wconf 82' lang='lat' dir='ltr'>converfiones</span> <span class='ocrx_word' id='word_1_316' title='bbox 1155 1741 1360 1790; x_wconf 78' lang='lat' dir='ltr'>perficiantur</span> <span class='ocrx_word' id='word_1_317' title='bbox 1374 1772 1384 1785; x_wconf 84' lang='lat'>‚</span> <span class='ocrx_word' id='word_1_318' title='bbox 1401 1742 1560 1788; x_wconf 75' lang='lat' dir='ltr'>explicare</span> <span class='ocrx_word' id='word_1_319' title='bbox 1571 1755 1638 1778; x_wconf 85' lang='lat' dir='ltr'>non</span> <span class='ocrx_word' id='word_1_320' title='bbox 1647 1741 1719 1791; x_wconf 86' lang='lat' dir='ltr'>pos-</span> 
     </span>
     <span class='ocr_line' id='line_1_32' title="bbox 338 1788 1715 1840; baseline 0.001 -16"><span class='ocrx_word' id='word_1_321' title='bbox 338 1789 440 1824; x_wconf 85' lang='lat' dir='ltr'>sumus</span> <span class='ocrx_word' id='word_1_322' title='bbox 461 1803 468 1824; x_wconf 88' lang='lat'><strong>:</strong></span> <span class='ocrx_word' id='word_1_323' title='bbox 485 1788 524 1823; x_wconf 83' lang='lat' dir='ltr'>fic</span> <span class='ocrx_word' id='word_1_324' title='bbox 539 1794 680 1826; x_wconf 73' lang='lat' dir='ltr'>animam</span> <span class='ocrx_word' id='word_1_325' title='bbox 695 1792 715 1827; x_wconf 75' lang='grc' dir='ltr'>ἐι</span> <span class='ocrx_word' id='word_1_326' title='bbox 733 1804 869 1840; x_wconf 86' lang='lat' dir='ltr'>corpore</span> <span class='ocrx_word' id='word_1_327' title='bbox 883 1792 1058 1838; x_wconf 51' lang='lat' dir='ltr'>sejunctam</span> <span class='ocrx_word' id='word_1_328' title='bbox 1077 1790 1233 1826; x_wconf 67' lang='lat' dir='ltr'>subsistere</span> <span class='ocrx_word' id='word_1_329' title='bbox 1248 1821 1256 1834; x_wconf 88' lang='lat'>‚</span> <span class='ocrx_word' id='word_1_330' title='bbox 1273 1791 1389 1825; x_wconf 82' lang='lat' dir='ltr'>sentire</span> <span class='ocrx_word' id='word_1_331' title='bbox 1404 1797 1437 1828; x_wconf 86' lang='lat'>&amp;</span> <span class='ocrx_word' id='word_1_332' title='bbox 1455 1790 1636 1839; x_wconf 76' lang='lat' dir='ltr'>intelligere</span> <span class='ocrx_word' id='word_1_333' title='bbox 1649 1803 1715 1827; x_wconf 87' lang='lat' dir='ltr'>non</span> 
     </span>
     <span class='ocr_line' id='line_1_33' title="bbox 339 1838 1715 1888; baseline 0.001 -16"><span class='ocrx_word' id='word_1_334' title='bbox 339 1838 534 1882; x_wconf 83' lang='lat' dir='ltr'>dubitamus,</span> <span class='ocrx_word' id='word_1_335' title='bbox 546 1840 668 1874; x_wconf 77' lang='lat' dir='ltr'>tametfi</span> <span class='ocrx_word' id='word_1_336' title='bbox 677 1840 837 1888; x_wconf 81' lang='lat' dir='ltr'>explicatu</span> <span class='ocrx_word' id='word_1_337' title='bbox 853 1840 896 1875; x_wconf 89' lang='lat' dir='ltr'>est</span> <span class='ocrx_word' id='word_1_338' title='bbox 907 1838 1037 1874; x_wconf 83' lang='lat' dir='ltr'>difficile</span> <span class='ocrx_word' id='word_1_339' title='bbox 1047 1869 1057 1882; x_wconf 86' lang='lat'>‚</span> <span class='ocrx_word' id='word_1_340' title='bbox 1075 1841 1245 1887; x_wconf 85' lang='lat' dir='ltr'>quomodo</span> <span class='ocrx_word' id='word_1_341' title='bbox 1258 1839 1373 1874; x_wconf 80' lang='lat' dir='ltr'>sentiat</span> <span class='ocrx_word' id='word_1_342' title='bbox 1387 1868 1396 1881; x_wconf 88' lang='lat'><strong>‚</strong></span> <span class='ocrx_word' id='word_1_343' title='bbox 1420 1839 1579 1886; x_wconf 75' lang='lat' dir='ltr'>intelligat</span> <span class='ocrx_word' id='word_1_344' title='bbox 1592 1845 1626 1876; x_wconf 71' lang='grc' dir='ltr'>ὅ(</span> <span class='ocrx_word' id='word_1_345' title='bbox 1640 1852 1715 1874; x_wconf 82' lang='lat' dir='ltr'>mo-</span> 
     </span>
     <span class='ocr_line' id='line_1_34' title="bbox 339 1886 1714 1938; baseline 0.001 -17"><span class='ocrx_word' id='word_1_346' title='bbox 339 1900 461 1923; x_wconf 77' lang='lat' dir='ltr'>veatur.</span> <span class='ocrx_word' id='word_1_347' title='bbox 477 1890 595 1935; x_wconf 83' lang='lat' dir='ltr'>Neque</span> <span class='ocrx_word' id='word_1_348' title='bbox 605 1892 691 1924; x_wconf 80' lang='lat' dir='ltr'>enim</span> <span class='ocrx_word' id='word_1_349' title='bbox 701 1891 901 1938; x_wconf 83' lang='lat' dir='ltr'>cogitatione</span> <span class='ocrx_word' id='word_1_350' title='bbox 910 1888 1158 1938; x_wconf 68' lang='lat' dir='ltr'>complectimur</span> <span class='ocrx_word' id='word_1_351' title='bbox 1171 1889 1274 1936; x_wconf 78' lang='lat' dir='ltr'>qmlis</span> <span class='ocrx_word' id='word_1_352' title='bbox 1291 1888 1327 1923; x_wconf 78' lang='lat' dir='ltr'>sit</span> <span class='ocrx_word' id='word_1_353' title='bbox 1338 1891 1461 1923; x_wconf 79' lang='lat' dir='ltr'>animus</span> <span class='ocrx_word' id='word_1_354' title='bbox 1474 1891 1508 1923; x_wconf 88' lang='lat' dir='ltr'>in</span> <span class='ocrx_word' id='word_1_355' title='bbox 1522 1886 1587 1936; x_wconf 88' lang='lat' dir='ltr'>ipso</span> <span class='ocrx_word' id='word_1_356' title='bbox 1598 1900 1714 1935; x_wconf 85' lang='lat' dir='ltr'>corpo-</span> 
     </span>
     <span class='ocr_line' id='line_1_35' title="bbox 337 1936 1713 1986; baseline -0.002 -14"><span class='ocrx_word' id='word_1_357' title='bbox 337 1949 384 1972; x_wconf 77' lang='lat' dir='ltr'>re.</span> <span class='ocrx_word' id='word_1_358' title='bbox 403 1937 495 1970; x_wconf 81' lang='lat' dir='ltr'>Mihi</span> <span class='ocrx_word' id='word_1_359' title='bbox 513 1940 638 1986; x_wconf 83' lang='lat' dir='ltr'>,inquit</span> <span class='ocrx_word' id='word_1_360' title='bbox 652 1939 780 1981; x_wconf 82' lang='lat' dir='ltr'>Cicero,</span> <span class='ocrx_word' id='word_1_361' title='bbox 796 1949 945 1972; x_wconf 79' lang='lat' dir='ltr'>naturam</span> <span class='ocrx_word' id='word_1_362' title='bbox 960 1939 1058 1971; x_wconf 71' lang='lat' dir='ltr'>animi</span> <span class='ocrx_word' id='word_1_363' title='bbox 1075 1940 1213 1971; x_wconf 82' lang='lat' dir='ltr'>intuenti</span> <span class='ocrx_word' id='word_1_364' title='bbox 1227 1938 1326 1971; x_wconf 83' lang='lat' dir='ltr'>multo</span> <span class='ocrx_word' id='word_1_365' title='bbox 1342 1936 1502 1982; x_wconf 77' lang='lat' dir='ltr'>difficilior</span> <span class='ocrx_word' id='word_1_366' title='bbox 1514 1938 1650 1970; x_wconf 78' lang='lat' dir='ltr'>occurrit</span> <span class='ocrx_word' id='word_1_367' title='bbox 1661 1949 1713 1970; x_wconf 87' lang='lat' dir='ltr'>co-</span> 
     </span>
     <span class='ocr_line' id='line_1_36' title="bbox 335 1985 1714 2035; baseline 0.001 -17"><span class='ocrx_word' id='word_1_368' title='bbox 335 1987 453 2034; x_wconf 77' lang='lat' dir='ltr'>gitatio</span> <span class='ocrx_word' id='word_1_369' title='bbox 465 2014 475 2029; x_wconf 84' lang='lat'><strong>,</strong></span> <span class='ocrx_word' id='word_1_370' title='bbox 500 1987 660 2034; x_wconf 80' lang='lat' dir='ltr'>multoque</span> <span class='ocrx_word' id='word_1_371' title='bbox 684 1986 859 2032; x_wconf 81' lang='lat' dir='ltr'>obscurior,</span> <span class='ocrx_word' id='word_1_372' title='bbox 878 1987 987 2033; x_wconf 81' lang='lat' dir='ltr'>qualis</span> <span class='ocrx_word' id='word_1_373' title='bbox 1007 1990 1132 2021; x_wconf 83' lang='lat' dir='ltr'>animus</span> <span class='ocrx_word' id='word_1_374' title='bbox 1151 1988 1183 2020; x_wconf 81' lang='lat' dir='ltr'>in</span> <span class='ocrx_word' id='word_1_375' title='bbox 1204 1997 1330 2035; x_wconf 75' lang='lat' dir='ltr'>corpore</span> <span class='ocrx_word' id='word_1_376' title='bbox 1345 1986 1411 2031; x_wconf 85' lang='lat' dir='ltr'>fit,</span> <span class='ocrx_word' id='word_1_377' title='bbox 1431 1995 1586 2030; x_wconf 74' lang='lat' dir='ltr'>tanquam</span> <span class='ocrx_word' id='word_1_378' title='bbox 1605 1985 1714 2019; x_wconf 69' lang='lat' dir='ltr'>aliena</span> 
     </span>
     <span class='ocr_line' id='line_1_37' title="bbox 339 2032 1713 2082; baseline -0.003 -14"><span class='ocrx_word' id='word_1_379' title='bbox 339 2035 441 2071; x_wconf 78' lang='lat' dir='ltr'>domi,</span> <span class='ocrx_word' id='word_1_380' title='bbox 461 2034 559 2080; x_wconf 60' lang='lat' dir='ltr'>quim</span> <span class='ocrx_word' id='word_1_381' title='bbox 580 2037 686 2082; x_wconf 83' lang='lat' dir='ltr'>qualis</span> <span class='ocrx_word' id='word_1_382' title='bbox 700 2048 769 2070; x_wconf 86' lang='lat' dir='ltr'>cum</span> <span class='ocrx_word' id='word_1_383' title='bbox 778 2037 895 2069; x_wconf 80' lang='lat' dir='ltr'>exierit</span> <span class='ocrx_word' id='word_1_384' title='bbox 905 2061 914 2072; x_wconf 89' lang='lat'><em>,</em></span> <span class='ocrx_word' id='word_1_385' title='bbox 940 2033 979 2069; x_wconf 68' lang='grc' dir='ltr'>ό*</span> <span class='ocrx_word' id='word_1_386' title='bbox 995 2036 1026 2067; x_wconf 85' lang='lat' dir='ltr'>in</span> <span class='ocrx_word' id='word_1_387' title='bbox 1034 2034 1168 2069; x_wconf 86' lang='lat' dir='ltr'>liberum</span> <span class='ocrx_word' id='word_1_388' title='bbox 1182 2035 1288 2068; x_wconf 87' lang='lat' dir='ltr'>coelum</span> <span class='ocrx_word' id='word_1_389' title='bbox 1307 2063 1316 2078; x_wconf 87' lang='lat'>‚</span> <span class='ocrx_word' id='word_1_390' title='bbox 1338 2033 1427 2080; x_wconf 80' lang='lat' dir='ltr'>quast</span> <span class='ocrx_word' id='word_1_391' title='bbox 1441 2033 1475 2066; x_wconf 77' lang='lat' dir='ltr'>in</span> <span class='ocrx_word' id='word_1_392' title='bbox 1487 2032 1610 2065; x_wconf 86' lang='lat' dir='ltr'>domum</span> <span class='ocrx_word' id='word_1_393' title='bbox 1617 2035 1713 2078; x_wconf 71' lang='lat' dir='ltr'>suam</span> 
     </span>
     <span class='ocr_line' id='line_1_38' title="bbox 337 2079 1712 2129; baseline -0.002 -11"><span class='ocrx_word' id='word_1_394' title='bbox 337 2085 470 2116; x_wconf 81' lang='lat' dir='ltr'>venerit·</span> <span class='ocrx_word' id='word_1_395' title='bbox 491 2084 602 2118; x_wconf 83' lang='lat' dir='ltr'>Nemo</span> <span class='ocrx_word' id='word_1_396' title='bbox 622 2097 689 2119; x_wconf 86' lang='lat' dir='ltr'>non</span> <span class='ocrx_word' id='word_1_397' title='bbox 701 2084 791 2118; x_wconf 80' lang='lat' dir='ltr'>videt</span> <span class='ocrx_word' id='word_1_398' title='bbox 812 2095 871 2118; x_wconf 89' lang='lat' dir='ltr'>nos</span> <span class='ocrx_word' id='word_1_399' title='bbox 884 2081 1033 2117; x_wconf 65' lang='lat' dir='ltr'>smeerius</span> <span class='ocrx_word' id='word_1_400' title='bbox 1052 2095 1155 2117; x_wconf 86' lang='lat' dir='ltr'>rerum</span> <span class='ocrx_word' id='word_1_401' title='bbox 1172 2093 1299 2118; x_wconf 79' lang='lat' dir='ltr'>naturas</span> <span class='ocrx_word' id='word_1_402' title='bbox 1315 2083 1477 2129; x_wconf 81' lang='lat' dir='ltr'>percipere</span> <span class='ocrx_word' id='word_1_403' title='bbox 1498 2109 1506 2123; x_wconf 90' lang='lat'>‚</span> <span class='ocrx_word' id='word_1_404' title='bbox 1528 2079 1595 2127; x_wconf 84' lang='lat' dir='ltr'>quo</span> <span class='ocrx_word' id='word_1_405' title='bbox 1611 2084 1712 2129; x_wconf 79' lang='lat' dir='ltr'>magis</span> 
     </span>
     <span class='ocr_line' id='line_1_39' title="bbox 338 2128 1712 2179; baseline -0.001 -12"><span class='ocrx_word' id='word_1_406' title='bbox 338 2131 501 2179; x_wconf 56' lang='lat' dir='ltr'>&amp;corpore</span> <span class='ocrx_word' id='word_1_407' title='bbox 516 2130 701 2167; x_wconf 79' lang='lat' dir='ltr'>sevocamus</span> <span class='ocrx_word' id='word_1_408' title='bbox 711 2135 856 2167; x_wconf 83' lang='lat' dir='ltr'>animum</span> <span class='ocrx_word' id='word_1_409' title='bbox 866 2159 875 2174; x_wconf 84' lang='lat'>‚</span> <span class='ocrx_word' id='word_1_410' title='bbox 891 2137 925 2168; x_wconf 86' lang='lat'>&amp;</span> <span class='ocrx_word' id='word_1_411' title='bbox 941 2129 1044 2166; x_wconf 86' lang='lat' dir='ltr'>secum</span> <span class='ocrx_word' id='word_1_412' title='bbox 1058 2129 1118 2166; x_wconf 77' lang='lat' dir='ltr'>effe</span> <span class='ocrx_word' id='word_1_413' title='bbox 1131 2134 1287 2175; x_wconf 58' lang='lat' dir='ltr'>commus.</span> <span class='ocrx_word' id='word_1_414' title='bbox 1302 2130 1394 2178; x_wconf 83' lang='lat' dir='ltr'>Qid</span> <span class='ocrx_word' id='word_1_415' title='bbox 1412 2141 1489 2176; x_wconf 67' lang='lat' dir='ltr'>ergo</span> <span class='ocrx_word' id='word_1_416' title='bbox 1509 2128 1651 2163; x_wconf 83' lang='lat' dir='ltr'>fututum</span> <span class='ocrx_word' id='word_1_417' title='bbox 1664 2129 1712 2164; x_wconf 82' lang='lat' dir='ltr'>est</span> 
     </span>
     <span class='ocr_line' id='line_1_40' title="bbox 337 2177 1709 2229; baseline 0.001 -16"><span class='ocrx_word' id='word_1_418' title='bbox 337 2192 409 2214; x_wconf 83' lang='lat' dir='ltr'>cum</span> <span class='ocrx_word' id='word_1_419' title='bbox 418 2192 457 2213; x_wconf 81' lang='lat' dir='ltr'>ex</span> <span class='ocrx_word' id='word_1_420' title='bbox 469 2180 641 2216; x_wconf 87' lang='lat' dir='ltr'>tenebroso</span> <span class='ocrx_word' id='word_1_421' title='bbox 651 2193 778 2216; x_wconf 82' lang='lat' dir='ltr'>carcere</span> <span class='ocrx_word' id='word_1_422' title='bbox 802 2179 926 2215; x_wconf 76' lang='lat' dir='ltr'>emiffus</span> <span class='ocrx_word' id='word_1_423' title='bbox 937 2179 1034 2214; x_wconf 79' lang='lat' dir='ltr'>fuerit</span> <span class='ocrx_word' id='word_1_424' title='bbox 1048 2190 1058 2215; x_wconf 72' lang='lat'><em>2</em></span> <span class='ocrx_word' id='word_1_425' title='bbox 1075 2193 1114 2214; x_wconf 84' lang='lat' dir='ltr'>an</span> <span class='ocrx_word' id='word_1_426' title='bbox 1130 2180 1212 2215; x_wconf 87' lang='lat' dir='ltr'>nihil</span> <span class='ocrx_word' id='word_1_427' title='bbox 1235 2181 1392 2229; x_wconf 86' lang='lat' dir='ltr'>percipiet</span> <span class='ocrx_word' id='word_1_428' title='bbox 1405 2207 1413 2221; x_wconf 93' lang='lat'><strong><em>,</em></strong></span> <span class='ocrx_word' id='word_1_429' title='bbox 1435 2177 1515 2211; x_wconf 84' lang='lat' dir='ltr'>nihil</span> <span class='ocrx_word' id='word_1_430' title='bbox 1528 2177 1709 2225; x_wconf 64' lang='lat' dir='ltr'>intelliget?</span> 
     </span>
     <span class='ocr_line' id='line_1_41' title="bbox 339 2226 1711 2279; baseline -0.003 -14"><span class='ocrx_word' id='word_1_431' title='bbox 339 2229 400 2262; x_wconf 76' lang='lat' dir='ltr'>Sed</span> <span class='ocrx_word' id='word_1_432' title='bbox 409 2241 443 2263; x_wconf 77' lang='lat' dir='ltr'>nt</span> <span class='ocrx_word' id='word_1_433' title='bbox 453 2232 502 2263; x_wconf 85' lang='lat' dir='ltr'>via</span> <span class='ocrx_word' id='word_1_434' title='bbox 514 2235 546 2266; x_wconf 89' lang='lat'><strong>&amp;</strong></span> <span class='ocrx_word' id='word_1_435' title='bbox 559 2233 683 2265; x_wconf 82' lang='lat' dir='ltr'>ratione</span> <span class='ocrx_word' id='word_1_436' title='bbox 692 2231 948 2279; x_wconf 62' lang='lat' dir='ltr'>progrediamur,</span> <span class='ocrx_word' id='word_1_437' title='bbox 959 2228 1099 2277; x_wconf 67' lang='lat' dir='ltr'>primum</span> <span class='ocrx_word' id='word_1_438' title='bbox 1108 2230 1306 2264; x_wconf 74' lang='lat' dir='ltr'>ostendamus</span> <span class='ocrx_word' id='word_1_439' title='bbox 1319 2229 1457 2261; x_wconf 74' lang='lat' dir='ltr'>animam</span> <span class='ocrx_word' id='word_1_440' title='bbox 1473 2226 1587 2260; x_wconf 77' lang='lat' dir='ltr'>sentire</span> <span class='ocrx_word' id='word_1_441' title='bbox 1597 2232 1630 2262; x_wconf 72' lang='grc' dir='ltr'>δι</span> <span class='ocrx_word' id='word_1_442' title='bbox 1641 2239 1711 2261; x_wconf 86' lang='lat' dir='ltr'>mo-</span> 
     </span>
     <span class='ocr_line' id='line_1_42' title="bbox 340 2270 1712 2328; baseline 0.001 -19"><span class='ocrx_word' id='word_1_443' title='bbox 340 2279 407 2310; x_wconf 80' lang='lat' dir='ltr'>veri</span> <span class='ocrx_word' id='word_1_444' title='bbox 422 2307 431 2320; x_wconf 91' lang='lat'>‚</span> <span class='ocrx_word' id='word_1_445' title='bbox 461 2278 577 2313; x_wconf 86' lang='lat' dir='ltr'>deinde</span> <span class='ocrx_word' id='word_1_446' title='bbox 589 2292 660 2314; x_wconf 82' lang='lat' dir='ltr'>eam</span> <span class='ocrx_word' id='word_1_447' title='bbox 672 2270 870 2328; x_wconf 79' lang='lat' dir='ltr'>intelligere3</span> <span class='ocrx_word' id='word_1_448' title='bbox 889 2279 1052 2327; x_wconf 86' lang='lat' dir='ltr'>postremo</span> <span class='ocrx_word' id='word_1_449' title='bbox 1070 2279 1238 2326; x_wconf 63' lang='lat' dir='ltr'>quomodo</span> <span class='ocrx_word' id='word_1_450' title='bbox 1263 2276 1426 2324; x_wconf 78' lang='lat' dir='ltr'>intelligat</span> <span class='ocrx_word' id='word_1_451' title='bbox 1443 2274 1604 2324; x_wconf 79' lang='lat' dir='ltr'>explicare</span> <span class='ocrx_word' id='word_1_452' title='bbox 1616 2287 1712 2310; x_wconf 83' lang='lat' dir='ltr'>cona-</span> 
     </span>
     <span class='ocr_line' id='line_1_43' title="bbox 342 2324 634 2375; baseline 0.014 -17"><span class='ocrx_word' id='word_1_453' title='bbox 342 2324 458 2362; x_wconf 63' lang='lat' dir='ltr'>bimun</span> <span class='ocrx_word' id='word_1_454' title='bbox 475 2328 523 2362; x_wconf 86' lang='lat' dir='ltr'>Sit</span> <span class='ocrx_word' id='word_1_455' title='bbox 536 2330 634 2375; x_wconf 83' lang='lat' dir='ltr'>igitur</span> 
     </span>
    </p>
   </div>
  </div>
 </body>
</html>
