<?xml version="1.0" encoding="UTF-8"?>
<!DOCTYPE html PUBLIC "-//W3C//DTD XHTML 1.0 Transitional//EN"
    "http://www.w3.org/TR/xhtml1/DTD/xhtml1-transitional.dtd">
<html xmlns="http://www.w3.org/1999/xhtml" xml:lang="en" lang="en">
 <head>
  <title>
</title>
<meta http-equiv="Content-Type" content="text/html;charset=utf-8" />
  <meta name='ocr-system' content='tesseract 3.04.00' />
  <meta name='ocr-capabilities' content='ocr_page ocr_carea ocr_par ocr_line ocrx_word'/>
</head>
<body>
  <div class='ocr_page' id='page_1' title='image "./philosophiavetus01duhauoft_0085.png"; bbox 0 0 1857 2745; ppageno 0'>
   <div class='ocr_carea' id='block_1_1' title="bbox 64 173 1456 2450">
    <p class='ocr_par' dir='ltr' id='par_1_1' title="bbox 71 173 1455 394">
     <span class='ocr_line' id='line_1_1' title="bbox 103 173 1453 249; baseline 0.004 -17"><span class='ocrx_word' id='word_1_1' title='bbox 103 196 257 243; x_wconf 84' lang='lat' dir='ltr'>Cenfirm.</span> <span class='ocrx_word' id='word_1_2' title='bbox 267 197 347 233; x_wconf 83' lang='lat' dir='ltr'>Non</span> <span class='ocrx_word' id='word_1_3' title='bbox 365 195 511 232; x_wconf 88' lang='lat' dir='ltr'>videmus</span> <span class='ocrx_word' id='word_1_4' title='bbox 532 198 725 231; x_wconf 85' lang='lat' dir='ltr'>Geometras</span> <span class='ocrx_word' id='word_1_5' title='bbox 737 196 876 233; x_wconf 84' lang='lat' dir='ltr'>inultum</span> <span class='ocrx_word' id='word_1_6' title='bbox 892 196 1046 232; x_wconf 89' lang='lat' dir='ltr'>sollicitos</span> <span class='ocrx_word' id='word_1_7' title='bbox 1055 198 1095 233; x_wconf 89' lang='lat' dir='ltr'>de</span> <span class='ocrx_word' id='word_1_8' title='bbox 1106 210 1370 249; x_wconf 84' lang='lat' dir='ltr'>argumentorum</span> <span class='ocrx_word' id='word_1_9' title='bbox 1384 173 1453 242; x_wconf 85' lang='lat' dir='ltr'>for.3</span> 
     </span>
     <span class='ocr_line' id='line_1_2' title="bbox 71 244 1453 300; baseline 0.005 -16"><span class='ocrx_word' id='word_1_10' title='bbox 71 247 183 291; x_wconf 76' lang='lat' dir='ltr'>mulis,</span> <span class='ocrx_word' id='word_1_11' title='bbox 196 259 236 283; x_wconf 85' lang='lat' dir='ltr'>an</span> <span class='ocrx_word' id='word_1_12' title='bbox 247 247 288 281; x_wconf 85' lang='lat' dir='ltr'>ad</span> <span class='ocrx_word' id='word_1_13' title='bbox 301 248 436 295; x_wconf 84' lang='lat' dir='ltr'>Logices</span> <span class='ocrx_word' id='word_1_14' title='bbox 453 244 633 294; x_wconf 70' lang='lat' dir='ltr'>praescripta</span> <span class='ocrx_word' id='word_1_15' title='bbox 648 251 682 282; x_wconf 70' lang='grc' dir='ltr'>ὅ(</span> <span class='ocrx_word' id='word_1_16' title='bbox 696 245 783 295; x_wconf 88' lang='lat' dir='ltr'>leges</span> <span class='ocrx_word' id='word_1_17' title='bbox 807 246 867 282; x_wconf 89' lang='lat' dir='ltr'>fint</span> <span class='ocrx_word' id='word_1_18' title='bbox 879 245 1076 295; x_wconf 79' lang='lat' dir='ltr'>coinpofita3</span> <span class='ocrx_word' id='word_1_19' title='bbox 1093 253 1126 284; x_wconf 88' lang='lat'>&amp;</span> <span class='ocrx_word' id='word_1_20' title='bbox 1142 261 1249 286; x_wconf 90' lang='lat' dir='ltr'>tamen</span> <span class='ocrx_word' id='word_1_21' title='bbox 1272 253 1354 288; x_wconf 88' lang='lat' dir='ltr'>nulli</span> <span class='ocrx_word' id='word_1_22' title='bbox 1370 255 1453 300; x_wconf 83' lang='lat' dir='ltr'>sunt,</span> 
     </span>
     <span class='ocr_line' id='line_1_3' title="bbox 71 295 1455 348; baseline 0.007 -17"><span class='ocrx_word' id='word_1_23' title='bbox 71 299 124 344; x_wconf 88' lang='lat' dir='ltr'>qui</span> <span class='ocrx_word' id='word_1_24' title='bbox 138 308 194 331; x_wconf 83' lang='lat' dir='ltr'>aut</span> <span class='ocrx_word' id='word_1_25' title='bbox 209 298 308 330; x_wconf 88' lang='lat' dir='ltr'>acrius</span> <span class='ocrx_word' id='word_1_26' title='bbox 321 296 540 330; x_wconf 81' lang='lat' dir='ltr'>demonstrent</span> <span class='ocrx_word' id='word_1_27' title='bbox 552 323 562 334; x_wconf 92' lang='lat'><em>‚</em></span> <span class='ocrx_word' id='word_1_28' title='bbox 575 306 630 329; x_wconf 88' lang='lat' dir='ltr'>aut</span> <span class='ocrx_word' id='word_1_29' title='bbox 644 298 744 344; x_wconf 85' lang='lat' dir='ltr'>magis</span> <span class='ocrx_word' id='word_1_30' title='bbox 762 295 990 344; x_wconf 75' lang='lat' dir='ltr'>persuadeant:</span> <span class='ocrx_word' id='word_1_31' title='bbox 1012 299 1097 346; x_wconf 87' lang='lat' dir='ltr'>Ergo</span> <span class='ocrx_word' id='word_1_32' title='bbox 1115 300 1237 348; x_wconf 86' lang='lat' dir='ltr'>Logica</span> <span class='ocrx_word' id='word_1_33' title='bbox 1255 301 1331 336; x_wconf 87' lang='lat' dir='ltr'>huic</span> <span class='ocrx_word' id='word_1_34' title='bbox 1350 303 1455 341; x_wconf 86' lang='lat' dir='ltr'>scien-</span> 
     </span>
     <span class='ocr_line' id='line_1_4' title="bbox 71 344 962 394; baseline 0.001 -13"><span class='ocrx_word' id='word_1_35' title='bbox 71 348 121 381; x_wconf 83' lang='lat' dir='ltr'>tiae</span> <span class='ocrx_word' id='word_1_36' title='bbox 136 347 168 380; x_wconf 91' lang='lat' dir='ltr'>in</span> <span class='ocrx_word' id='word_1_37' title='bbox 181 345 264 380; x_wconf 82' lang='lat' dir='ltr'>statu</span> <span class='ocrx_word' id='word_1_38' title='bbox 277 344 425 394; x_wconf 65' lang='lat' dir='ltr'>perfecto</span> <span class='ocrx_word' id='word_1_39' title='bbox 434 345 634 392; x_wconf 65' lang='lat' dir='ltr'>acquirendae</span> <span class='ocrx_word' id='word_1_40' title='bbox 645 357 711 379; x_wconf 88' lang='lat' dir='ltr'>non</span> <span class='ocrx_word' id='word_1_41' title='bbox 728 346 770 380; x_wconf 89' lang='lat' dir='ltr'>est</span> <span class='ocrx_word' id='word_1_42' title='bbox 782 344 962 382; x_wconf 77' lang='lat' dir='ltr'>neceffin&#39;a.</span> 
     </span>
    </p>

    <p class='ocr_par' dir='ltr' id='par_1_2' title="bbox 64 394 1455 838">
     <span class='ocr_line' id='line_1_5' title="bbox 103 394 1455 443; baseline 0.005 -13"><span class='ocrx_word' id='word_1_43' title='bbox 103 395 206 443; x_wconf 85' lang='lat' dir='ltr'>Hujus</span> <span class='ocrx_word' id='word_1_44' title='bbox 215 397 263 429; x_wconf 87' lang='lat' dir='ltr'>rei</span> <span class='ocrx_word' id='word_1_45' title='bbox 273 396 356 429; x_wconf 87' lang='lat' dir='ltr'>tatio</span> <span class='ocrx_word' id='word_1_46' title='bbox 369 394 413 429; x_wconf 89' lang='lat' dir='ltr'>est</span> <span class='ocrx_word' id='word_1_47' title='bbox 423 422 433 437; x_wconf 91' lang='lat'>,</span> <span class='ocrx_word' id='word_1_48' title='bbox 448 394 536 441; x_wconf 87' lang='lat' dir='ltr'>quod</span> <span class='ocrx_word' id='word_1_49' title='bbox 549 396 733 428; x_wconf 80' lang='lat' dir='ltr'>Geometrae</span> <span class='ocrx_word' id='word_1_50' title='bbox 742 423 752 438; x_wconf 88' lang='lat'>,</span> <span class='ocrx_word' id='word_1_51' title='bbox 772 407 828 430; x_wconf 85' lang='lat' dir='ltr'>aut</span> <span class='ocrx_word' id='word_1_52' title='bbox 846 394 1085 431; x_wconf 73' lang='lat' dir='ltr'>Mathematici.</span> <span class='ocrx_word' id='word_1_53' title='bbox 1094 409 1241 432; x_wconf 80' lang='lat' dir='ltr'>naturam</span> <span class='ocrx_word' id='word_1_54' title='bbox 1259 399 1374 435; x_wconf 90' lang='lat' dir='ltr'>ducem</span> <span class='ocrx_word' id='word_1_55' title='bbox 1384 401 1455 437; x_wconf 88' lang='lat' dir='ltr'>fere</span> 
     </span>
     <span class='ocr_line' id='line_1_6' title="bbox 66 442 1454 493; baseline 0.002 -13"><span class='ocrx_word' id='word_1_56' title='bbox 66 443 242 492; x_wconf 83' lang='lat' dir='ltr'>sequantur</span> <span class='ocrx_word' id='word_1_57' title='bbox 255 461 264 488; x_wconf 82' lang='lat'><em>3</em></span> <span class='ocrx_word' id='word_1_58' title='bbox 278 443 320 477; x_wconf 87' lang='lat' dir='ltr'>ab</span> <span class='ocrx_word' id='word_1_59' title='bbox 335 445 374 478; x_wconf 87' lang='lat' dir='ltr'>iis</span> <span class='ocrx_word' id='word_1_60' title='bbox 387 456 455 491; x_wconf 85' lang='lat' dir='ltr'>quae</span> <span class='ocrx_word' id='word_1_61' title='bbox 467 446 570 491; x_wconf 85' lang='lat' dir='ltr'>prima</span> <span class='ocrx_word' id='word_1_62' title='bbox 583 442 655 478; x_wconf 87' lang='lat' dir='ltr'>sunt</span> <span class='ocrx_word' id='word_1_63' title='bbox 664 471 674 486; x_wconf 89' lang='lat'>‚</span> <span class='ocrx_word' id='word_1_64' title='bbox 684 442 837 493; x_wconf 73' lang='lat' dir='ltr'>simplicia</span> <span class='ocrx_word' id='word_1_65' title='bbox 846 474 855 489; x_wconf 86' lang='lat'>‚</span> <span class='ocrx_word' id='word_1_66' title='bbox 880 449 914 480; x_wconf 70' lang='grc' dir='ltr'>ὃ(</span> <span class='ocrx_word' id='word_1_67' title='bbox 935 447 1080 479; x_wconf 85' lang='lat' dir='ltr'>maxime</span> <span class='ocrx_word' id='word_1_68' title='bbox 1097 450 1279 481; x_wconf 75' lang='lat' dir='ltr'>communia</span> <span class='ocrx_word' id='word_1_69' title='bbox 1291 477 1300 491; x_wconf 90' lang='lat'>,</span> <span class='ocrx_word' id='word_1_70' title='bbox 1313 450 1353 483; x_wconf 80' lang='lat' dir='ltr'>ad</span> <span class='ocrx_word' id='word_1_71' title='bbox 1382 464 1454 485; x_wconf 81' lang='lat' dir='ltr'>ma-</span> 
     </span>
     <span class='ocr_line' id='line_1_7' title="bbox 66 491 1455 544; baseline 0.002 -16"><span class='ocrx_word' id='word_1_72' title='bbox 66 496 117 542; x_wconf 80' lang='lat' dir='ltr'>gis</span> <span class='ocrx_word' id='word_1_73' title='bbox 132 492 304 541; x_wconf 75' lang='lat' dir='ltr'>composita</span> <span class='ocrx_word' id='word_1_74' title='bbox 314 493 474 541; x_wconf 81' lang='lat' dir='ltr'>gradatim</span> <span class='ocrx_word' id='word_1_75' title='bbox 488 491 683 527; x_wconf 88' lang='lat' dir='ltr'>descendunt</span> <span class='ocrx_word' id='word_1_76' title='bbox 702 493 845 529; x_wconf 81' lang='lat' dir='ltr'>:nullam</span> <span class='ocrx_word' id='word_1_77' title='bbox 865 496 900 528; x_wconf 89' lang='lat' dir='ltr'>in</span> <span class='ocrx_word' id='word_1_78' title='bbox 916 495 1065 529; x_wconf 76' lang='lat' dir='ltr'>terminis</span> <span class='ocrx_word' id='word_1_79' title='bbox 1084 494 1333 544; x_wconf 79' lang='lat' dir='ltr'>ambiguitatem</span> <span class='ocrx_word' id='word_1_80' title='bbox 1354 499 1455 534; x_wconf 78' lang='lat' dir='ltr'>telin-</span> 
     </span>
     <span class='ocr_line' id='line_1_8' title="bbox 69 540 1455 593; baseline 0.004 -16"><span class='ocrx_word' id='word_1_81' title='bbox 69 553 173 590; x_wconf 87' lang='lat' dir='ltr'>quunt</span> <span class='ocrx_word' id='word_1_82' title='bbox 188 559 197 585; x_wconf 78' lang='lat'>3</span> <span class='ocrx_word' id='word_1_83' title='bbox 211 553 309 577; x_wconf 90' lang='lat' dir='ltr'>voces</span> <span class='ocrx_word' id='word_1_84' title='bbox 325 554 439 577; x_wconf 88' lang='lat' dir='ltr'>omnes</span> <span class='ocrx_word' id='word_1_85' title='bbox 450 571 459 585; x_wconf 87' lang='lat'>‚</span> <span class='ocrx_word' id='word_1_86' title='bbox 469 540 586 589; x_wconf 88' lang='lat' dir='ltr'>quibus</span> <span class='ocrx_word' id='word_1_87' title='bbox 596 554 728 577; x_wconf 88' lang='lat' dir='ltr'>utuntur</span> <span class='ocrx_word' id='word_1_88' title='bbox 739 571 748 585; x_wconf 86' lang='lat'>‚</span> <span class='ocrx_word' id='word_1_89' title='bbox 765 542 944 579; x_wconf 86' lang='lat' dir='ltr'>definiunt:</span> <span class='ocrx_word' id='word_1_90' title='bbox 965 543 1090 590; x_wconf 88' lang='lat' dir='ltr'>utquid</span> <span class='ocrx_word' id='word_1_91' title='bbox 1111 542 1226 593; x_wconf 63' lang='lat' dir='ltr'>figune,</span> <span class='ocrx_word' id='word_1_92' title='bbox 1240 546 1320 592; x_wconf 87' lang='lat' dir='ltr'>quid</span> <span class='ocrx_word' id='word_1_93' title='bbox 1332 548 1455 592; x_wconf 86' lang='lat' dir='ltr'>circuli,</span> 
     </span>
     <span class='ocr_line' id='line_1_9' title="bbox 67 590 1453 640; baseline 0.002 -15"><span class='ocrx_word' id='word_1_94' title='bbox 67 592 148 639; x_wconf 85' lang='lat' dir='ltr'>quid</span> <span class='ocrx_word' id='word_1_95' title='bbox 168 590 317 640; x_wconf 82' lang='lat' dir='ltr'>trianguli</span> <span class='ocrx_word' id='word_1_96' title='bbox 328 593 460 625; x_wconf 88' lang='lat' dir='ltr'>nomine</span> <span class='ocrx_word' id='word_1_97' title='bbox 471 590 663 640; x_wconf 82' lang='lat' dir='ltr'>intelligant.</span> <span class='ocrx_word' id='word_1_98' title='bbox 683 593 763 639; x_wconf 79' lang='lat' dir='ltr'>Qio</span> <span class='ocrx_word' id='word_1_99' title='bbox 778 593 912 640; x_wconf 88' lang='lat' dir='ltr'>quidem</span> <span class='ocrx_word' id='word_1_100' title='bbox 926 591 966 628; x_wconf 83' lang='lat' dir='ltr'>fit</span> <span class='ocrx_word' id='word_1_101' title='bbox 977 603 1013 626; x_wconf 92' lang='lat' dir='ltr'>ut</span> <span class='ocrx_word' id='word_1_102' title='bbox 1026 594 1061 627; x_wconf 86' lang='lat' dir='ltr'>in</span> <span class='ocrx_word' id='word_1_103' title='bbox 1077 591 1184 628; x_wconf 87' lang='lat' dir='ltr'>forma</span> <span class='ocrx_word' id='word_1_104' title='bbox 1202 594 1453 631; x_wconf 78' lang='lat' dir='ltr'>demonstratio-</span> 
     </span>
     <span class='ocr_line' id='line_1_10' title="bbox 69 639 1435 690; baseline 0.002 -14"><span class='ocrx_word' id='word_1_105' title='bbox 69 651 146 676; x_wconf 84' lang='lat' dir='ltr'>num</span> <span class='ocrx_word' id='word_1_106' title='bbox 162 642 216 675; x_wconf 88' lang='lat' dir='ltr'>vix</span> <span class='ocrx_word' id='word_1_107' title='bbox 227 651 353 676; x_wconf 84' lang='lat' dir='ltr'>errent:</span> <span class='ocrx_word' id='word_1_108' title='bbox 373 653 440 675; x_wconf 87' lang='lat' dir='ltr'>non</span> <span class='ocrx_word' id='word_1_109' title='bbox 460 642 547 676; x_wconf 88' lang='lat' dir='ltr'>enim</span> <span class='ocrx_word' id='word_1_110' title='bbox 562 639 648 675; x_wconf 86' lang='lat' dir='ltr'>forte</span> <span class='ocrx_word' id='word_1_111' title='bbox 668 640 708 676; x_wconf 83' lang='lat' dir='ltr'>ab</span> <span class='ocrx_word' id='word_1_112' title='bbox 728 644 767 676; x_wconf 90' lang='lat' dir='ltr'>iis</span> <span class='ocrx_word' id='word_1_113' title='bbox 781 641 897 690; x_wconf 86' lang='lat' dir='ltr'>regulis</span> <span class='ocrx_word' id='word_1_114' title='bbox 913 669 922 684; x_wconf 85' lang='lat'>‚</span> <span class='ocrx_word' id='word_1_115' title='bbox 950 653 1027 688; x_wconf 87' lang='lat' dir='ltr'>quas</span> <span class='ocrx_word' id='word_1_116' title='bbox 1045 653 1158 676; x_wconf 80' lang='lat' dir='ltr'>natura</span> <span class='ocrx_word' id='word_1_117' title='bbox 1184 642 1247 690; x_wconf 86' lang='lat' dir='ltr'>ipsa</span> <span class='ocrx_word' id='word_1_118' title='bbox 1264 642 1435 690; x_wconf 86' lang='lat' dir='ltr'>praescribit</span> 
     </span>
     <span class='ocr_line' id='line_1_11' title="bbox 68 684 1455 739; baseline 0.003 -15"><span class='ocrx_word' id='word_1_119' title='bbox 68 688 259 725; x_wconf 84' lang='lat' dir='ltr'>discedimus</span> <span class='ocrx_word' id='word_1_120' title='bbox 274 718 283 732; x_wconf 89' lang='lat'><strong>,</strong></span> <span class='ocrx_word' id='word_1_121' title='bbox 294 687 350 724; x_wconf 72' lang='lat' dir='ltr'>nisi</span> <span class='ocrx_word' id='word_1_122' title='bbox 366 701 438 724; x_wconf 87' lang='lat' dir='ltr'>cum</span> <span class='ocrx_word' id='word_1_123' title='bbox 453 691 662 725; x_wconf 85' lang='lat' dir='ltr'>terminorum</span> <span class='ocrx_word' id='word_1_124' title='bbox 673 690 887 739; x_wconf 80' lang='lat' dir='ltr'>homonymia</span> <span class='ocrx_word' id='word_1_125' title='bbox 909 688 1089 733; x_wconf 83' lang='lat' dir='ltr'>abutimur,</span> <span class='ocrx_word' id='word_1_126' title='bbox 1107 703 1161 725; x_wconf 88' lang='lat' dir='ltr'>aut</span> <span class='ocrx_word' id='word_1_127' title='bbox 1176 692 1286 726; x_wconf 89' lang='lat' dir='ltr'>medio</span> <span class='ocrx_word' id='word_1_128' title='bbox 1302 684 1455 728; x_wconf 74' lang='lat' dir='ltr'>termino&#39;</span> 
     </span>
     <span class='ocr_line' id='line_1_12' title="bbox 67 737 1454 793; baseline 0.003 -19"><span class='ocrx_word' id='word_1_129' title='bbox 67 737 168 774; x_wconf 78' lang='lat' dir='ltr'>alium</span> <span class='ocrx_word' id='word_1_130' title='bbox 184 737 352 774; x_wconf 77' lang='lat' dir='ltr'>tribuimus</span> <span class='ocrx_word' id='word_1_131' title='bbox 368 738 590 782; x_wconf 66' lang='lat' dir='ltr'>intelleetum,</span> <span class='ocrx_word' id='word_1_132' title='bbox 608 739 662 776; x_wconf 88' lang='lat' dir='ltr'>vel</span> <span class='ocrx_word' id='word_1_133' title='bbox 686 738 810 775; x_wconf 86' lang='lat' dir='ltr'>sensum</span> <span class='ocrx_word' id='word_1_134' title='bbox 833 741 873 775; x_wconf 79' lang='lat' dir='ltr'>in</span> <span class='ocrx_word' id='word_1_135' title='bbox 893 743 1034 785; x_wconf 86' lang='lat' dir='ltr'>majore,</span> <span class='ocrx_word' id='word_1_136' title='bbox 1053 739 1154 775; x_wconf 85' lang='lat' dir='ltr'>alium</span> <span class='ocrx_word' id='word_1_137' title='bbox 1171 742 1204 776; x_wconf 90' lang='lat' dir='ltr'>in</span> <span class='ocrx_word' id='word_1_138' title='bbox 1224 743 1351 777; x_wconf 84' lang='lat' dir='ltr'>minore</span> <span class='ocrx_word' id='word_1_139' title='bbox 1376 755 1454 793; x_wconf 48' lang='lat' dir='ltr'>pros</span> 
     </span>
     <span class='ocr_line' id='line_1_13' title="bbox 64 785 233 838; baseline 0.012 -16"><span class='ocrx_word' id='word_1_140' title='bbox 64 785 233 838; x_wconf 69' lang='lat' dir='ltr'>positione.</span> 
     </span>
    </p>

    <p class='ocr_par' dir='ltr' id='par_1_3' title="bbox 104 838 1456 887">
     <span class='ocr_line' id='line_1_14' title="bbox 104 838 1456 887; baseline 0.004 -14"><span class='ocrx_word' id='word_1_141' title='bbox 104 839 309 874; x_wconf 68' lang='lat' dir='ltr'>praemittunt</span> <span class='ocrx_word' id='word_1_142' title='bbox 319 839 419 873; x_wconf 84' lang='lat' dir='ltr'>etiam</span> <span class='ocrx_word' id='word_1_143' title='bbox 437 839 620 873; x_wconf 82' lang='lat' dir='ltr'>Geometrae</span> <span class='ocrx_word' id='word_1_144' title='bbox 643 838 789 886; x_wconf 83' lang='lat' dir='ltr'>quaedam</span> <span class='ocrx_word' id='word_1_145' title='bbox 804 840 968 875; x_wconf 84' lang='lat' dir='ltr'>axiomata</span> <span class='ocrx_word' id='word_1_146' title='bbox 985 839 1094 874; x_wconf 87' lang='lat' dir='ltr'>lucida</span> <span class='ocrx_word' id='word_1_147' title='bbox 1112 851 1168 887; x_wconf 88' lang='lat' dir='ltr'>per</span> <span class='ocrx_word' id='word_1_148' title='bbox 1185 839 1216 875; x_wconf 90' lang='lat' dir='ltr'>se</span> <span class='ocrx_word' id='word_1_149' title='bbox 1238 844 1271 876; x_wconf 84' lang='lat'>&amp;</span> <span class='ocrx_word' id='word_1_150' title='bbox 1285 839 1370 875; x_wconf 90' lang='lat' dir='ltr'>clara</span> <span class='ocrx_word' id='word_1_151' title='bbox 1385 870 1394 885; x_wconf 94' lang='lat'>,</span> <span class='ocrx_word' id='word_1_152' title='bbox 1411 854 1456 878; x_wconf 89' lang='lat' dir='ltr'>ex</span> 
     </span>
    </p>

    <p class='ocr_par' dir='ltr' id='par_1_4' title="bbox 65 885 1455 1315">
     <span class='ocr_line' id='line_1_15' title="bbox 68 885 1452 937; baseline 0.002 -15"><span class='ocrx_word' id='word_1_153' title='bbox 68 885 185 934; x_wconf 85' lang='lat' dir='ltr'>quibus</span> <span class='ocrx_word' id='word_1_154' title='bbox 202 887 306 924; x_wconf 86' lang='lat' dir='ltr'>fluunt</span> <span class='ocrx_word' id='word_1_155' title='bbox 319 900 387 935; x_wconf 84' lang='lat' dir='ltr'>quae</span> <span class='ocrx_word' id='word_1_156' title='bbox 400 887 468 922; x_wconf 89' lang='lat' dir='ltr'>sunt</span> <span class='ocrx_word' id='word_1_157' title='bbox 477 888 628 937; x_wconf 84' lang='lat' dir='ltr'>deinceps</span> <span class='ocrx_word' id='word_1_158' title='bbox 643 888 888 923; x_wconf 85' lang='lat' dir='ltr'>demonstraturi</span> <span class='ocrx_word' id='word_1_159' title='bbox 903 900 958 932; x_wconf 80' lang='lat' dir='ltr'>3ut</span> <span class='ocrx_word' id='word_1_160' title='bbox 971 901 1039 937; x_wconf 81' lang='lat' dir='ltr'>quae</span> <span class='ocrx_word' id='word_1_161' title='bbox 1054 889 1168 924; x_wconf 84' lang='lat' dir='ltr'>eadem</span> <span class='ocrx_word' id='word_1_162' title='bbox 1185 887 1255 924; x_wconf 86' lang='lat' dir='ltr'>sunt</span> <span class='ocrx_word' id='word_1_163' title='bbox 1267 891 1322 924; x_wconf 89' lang='lat' dir='ltr'>uni</span> <span class='ocrx_word' id='word_1_164' title='bbox 1342 893 1452 935; x_wconf 82' lang='lat' dir='ltr'>tertio,</span> 
     </span>
     <span class='ocr_line' id='line_1_16' title="bbox 69 935 441 972; baseline 0.003 -2"><span class='ocrx_word' id='word_1_165' title='bbox 69 935 140 971; x_wconf 89' lang='lat' dir='ltr'>sunt</span> <span class='ocrx_word' id='word_1_166' title='bbox 160 937 275 972; x_wconf 87' lang='lat' dir='ltr'>eadem</span> <span class='ocrx_word' id='word_1_167' title='bbox 299 939 382 971; x_wconf 88' lang='lat' dir='ltr'>inter</span> <span class='ocrx_word' id='word_1_168' title='bbox 400 935 441 971; x_wconf 93' lang='lat' dir='ltr'>se.</span> 
     </span>
     <span class='ocr_line' id='line_1_17' title="bbox 67 984 1454 1034; baseline 0.003 -15"><span class='ocrx_word' id='word_1_169' title='bbox 67 1012 70 1013; x_wconf 16' lang='grc' dir='ltr'><em>γ</em></span> <span class='ocrx_word' id='word_1_170' title='bbox 105 986 269 1021; x_wconf 87' lang='lat' dir='ltr'>Postremo</span> <span class='ocrx_word' id='word_1_171' title='bbox 285 984 503 1021; x_wconf 81' lang='lat' dir='ltr'>conclusiones</span> <span class='ocrx_word' id='word_1_172' title='bbox 517 984 573 1021; x_wconf 89' lang='lat' dir='ltr'>vel</span> <span class='ocrx_word' id='word_1_173' title='bbox 589 996 625 1020; x_wconf 85' lang='lat' dir='ltr'>ex</span> <span class='ocrx_word' id='word_1_174' title='bbox 643 984 889 1021; x_wconf 85' lang='lat' dir='ltr'>definitionibus</span> <span class='ocrx_word' id='word_1_175' title='bbox 901 1015 910 1029; x_wconf 95' lang='lat'>,</span> <span class='ocrx_word' id='word_1_176' title='bbox 930 999 1000 1034; x_wconf 80' lang='lat' dir='ltr'>quae</span> <span class='ocrx_word' id='word_1_177' title='bbox 1024 988 1134 1022; x_wconf 83' lang='lat' dir='ltr'>venire</span> <span class='ocrx_word' id='word_1_178' title='bbox 1156 988 1189 1020; x_wconf 86' lang='lat' dir='ltr'>in</span> <span class='ocrx_word' id='word_1_179' title='bbox 1206 988 1454 1024; x_wconf 84' lang='lat' dir='ltr'>contentionem</span> 
     </span>
     <span class='ocr_line' id='line_1_18' title="bbox 67 1033 1446 1082; baseline 0.001 -14"><span class='ocrx_word' id='word_1_180' title='bbox 67 1046 136 1069; x_wconf 85' lang='lat' dir='ltr'>non</span> <span class='ocrx_word' id='word_1_181' title='bbox 153 1033 290 1081; x_wconf 86' lang='lat' dir='ltr'>possunt,</span> <span class='ocrx_word' id='word_1_182' title='bbox 303 1033 410 1069; x_wconf 84' lang='lat' dir='ltr'>velex</span> <span class='ocrx_word' id='word_1_183' title='bbox 426 1036 462 1067; x_wconf 91' lang='lat' dir='ltr'>iis</span> <span class='ocrx_word' id='word_1_184' title='bbox 475 1036 640 1082; x_wconf 84' lang='lat' dir='ltr'>principiis</span> <span class='ocrx_word' id='word_1_185' title='bbox 657 1040 691 1070; x_wconf 88' lang='lat'>&amp;</span> <span class='ocrx_word' id='word_1_186' title='bbox 705 1034 810 1068; x_wconf 80' lang='lat' dir='ltr'>effatis</span> <span class='ocrx_word' id='word_1_187' title='bbox 823 1034 945 1069; x_wconf 87' lang='lat' dir='ltr'>lumine</span> <span class='ocrx_word' id='word_1_188' title='bbox 967 1034 1105 1069; x_wconf 86' lang='lat' dir='ltr'>naturali</span> <span class='ocrx_word' id='word_1_189' title='bbox 1123 1036 1222 1076; x_wconf 82' lang='lat' dir='ltr'>notis,</span> <span class='ocrx_word' id='word_1_190' title='bbox 1239 1035 1292 1069; x_wconf 85' lang='lat' dir='ltr'>vel</span> <span class='ocrx_word' id='word_1_191' title='bbox 1309 1048 1348 1069; x_wconf 83' lang='lat' dir='ltr'>ex</span> <span class='ocrx_word' id='word_1_192' title='bbox 1375 1036 1446 1069; x_wconf 87' lang='lat' dir='ltr'>aliis</span> 
     </span>
     <span class='ocr_line' id='line_1_19' title="bbox 65 1080 1451 1131; baseline 0.001 -15"><span class='ocrx_word' id='word_1_193' title='bbox 65 1085 133 1129; x_wconf 66' lang='lat' dir='ltr'>jam</span> <span class='ocrx_word' id='word_1_194' title='bbox 150 1081 297 1130; x_wconf 85' lang='lat' dir='ltr'>probatis</span> <span class='ocrx_word' id='word_1_195' title='bbox 315 1082 531 1117; x_wconf 86' lang='lat' dir='ltr'>demonstrant</span> <span class='ocrx_word' id='word_1_196' title='bbox 541 1080 793 1116; x_wconf 82' lang='lat' dir='ltr'>conclufionibus</span> <span class='ocrx_word' id='word_1_197' title='bbox 806 1096 813 1117; x_wconf 90' lang='lat'><strong>:</strong></span> <span class='ocrx_word' id='word_1_198' title='bbox 825 1094 897 1128; x_wconf 82' lang='lat' dir='ltr'>quae</span> <span class='ocrx_word' id='word_1_199' title='bbox 911 1083 1043 1129; x_wconf 86' lang='lat' dir='ltr'>quidem</span> <span class='ocrx_word' id='word_1_200' title='bbox 1062 1085 1129 1117; x_wconf 82' lang='lat' dir='ltr'>vim</span> <span class='ocrx_word' id='word_1_201' title='bbox 1145 1083 1375 1130; x_wconf 87' lang='lat' dir='ltr'>principiorum</span> <span class='ocrx_word' id='word_1_202' title='bbox 1384 1088 1451 1131; x_wconf 84' lang='lat' dir='ltr'>jani</span> 
     </span>
     <span class='ocr_line' id='line_1_20' title="bbox 66 1128 1454 1180; baseline 0.001 -15"><span class='ocrx_word' id='word_1_203' title='bbox 66 1129 317 1167; x_wconf 86' lang='lat' dir='ltr'>obtinent.Nec</span> <span class='ocrx_word' id='word_1_204' title='bbox 326 1135 413 1178; x_wconf 86' lang='lat' dir='ltr'>cujus</span> <span class='ocrx_word' id='word_1_205' title='bbox 428 1129 464 1165; x_wconf 83' lang='lat' dir='ltr'>sir</span> <span class='ocrx_word' id='word_1_206' title='bbox 482 1129 587 1180; x_wconf 79' lang='lat' dir='ltr'>figutae</span> <span class='ocrx_word' id='word_1_207' title='bbox 602 1159 610 1173; x_wconf 90' lang='lat'>‚</span> <span class='ocrx_word' id='word_1_208' title='bbox 620 1142 675 1166; x_wconf 77' lang='lat' dir='ltr'>aut</span> <span class='ocrx_word' id='word_1_209' title='bbox 690 1131 780 1165; x_wconf 89' lang='lat' dir='ltr'>modi</span> <span class='ocrx_word' id='word_1_210' title='bbox 799 1128 996 1180; x_wconf 80' lang='lat' dir='ltr'>syllogismus</span> <span class='ocrx_word' id='word_1_211' title='bbox 1010 1158 1018 1169; x_wconf 92' lang='lat'><em>‚</em></span> <span class='ocrx_word' id='word_1_212' title='bbox 1049 1133 1071 1165; x_wconf 89' lang='lat' dir='ltr'>ii</span> <span class='ocrx_word' id='word_1_213' title='bbox 1083 1129 1243 1165; x_wconf 85' lang='lat' dir='ltr'>molestius</span> <span class='ocrx_word' id='word_1_214' title='bbox 1264 1133 1431 1179; x_wconf 88' lang='lat' dir='ltr'>inquirunt</span> <span class='ocrx_word' id='word_1_215' title='bbox 1444 1162 1454 1175; x_wconf 87' lang='lat'>,</span> 
     </span>
     <span class='ocr_line' id='line_1_21' title="bbox 67 1177 1455 1229; baseline 0.001 -15"><span class='ocrx_word' id='word_1_216' title='bbox 67 1191 125 1214; x_wconf 80' lang='lat' dir='ltr'>aut</span> <span class='ocrx_word' id='word_1_217' title='bbox 138 1181 178 1215; x_wconf 90' lang='lat' dir='ltr'>ad</span> <span class='ocrx_word' id='word_1_218' title='bbox 203 1182 330 1229; x_wconf 82' lang='lat' dir='ltr'>Logicae</span> <span class='ocrx_word' id='word_1_219' title='bbox 345 1192 378 1214; x_wconf 90' lang='lat' dir='ltr'>re</span> <span class='ocrx_word' id='word_1_220' title='bbox 402 1179 467 1214; x_wconf 89' lang='lat' dir='ltr'>ulas</span> <span class='ocrx_word' id='word_1_221' title='bbox 482 1180 655 1216; x_wconf 86' lang='lat' dir='ltr'>intendunt</span> <span class='ocrx_word' id='word_1_222' title='bbox 681 1181 844 1215; x_wconf 85' lang='lat' dir='ltr'>animum:</span> <span class='ocrx_word' id='word_1_223' title='bbox 870 1193 946 1215; x_wconf 90' lang='lat' dir='ltr'>curn</span> <span class='ocrx_word' id='word_1_224' title='bbox 963 1179 1127 1215; x_wconf 86' lang='lat' dir='ltr'>interdum</span> <span class='ocrx_word' id='word_1_225' title='bbox 1145 1177 1199 1213; x_wconf 88' lang='lat' dir='ltr'>illa</span> <span class='ocrx_word' id='word_1_226' title='bbox 1213 1183 1354 1215; x_wconf 81' lang='lat' dir='ltr'>attentio</span> <span class='ocrx_word' id='word_1_227' title='bbox 1370 1180 1455 1216; x_wconf 77' lang='lat' dir='ltr'>obstr</span> 
     </span>
     <span class='ocr_line' id='line_1_22' title="bbox 68 1226 1455 1279; baseline -0.001 -16"><span class='ocrx_word' id='word_1_228' title='bbox 68 1229 297 1278; x_wconf 74' lang='lat' dir='ltr'>magis‚-quam</span> <span class='ocrx_word' id='word_1_229' title='bbox 307 1241 366 1277; x_wconf 74' lang='lat' dir='ltr'>pro</span> <span class='ocrx_word' id='word_1_230' title='bbox 379 1240 425 1265; x_wconf 80' lang='lat' dir='ltr'>it:</span> <span class='ocrx_word' id='word_1_231' title='bbox 437 1241 512 1265; x_wconf 82' lang='lat' dir='ltr'>nam</span> <span class='ocrx_word' id='word_1_232' title='bbox 532 1228 574 1264; x_wconf 86' lang='lat' dir='ltr'>ab</span> <span class='ocrx_word' id='word_1_233' title='bbox 597 1231 635 1264; x_wconf 87' lang='lat' dir='ltr'>iis</span> <span class='ocrx_word' id='word_1_234' title='bbox 647 1241 727 1277; x_wconf 83' lang='lat' dir='ltr'>-quae</span> <span class='ocrx_word' id='word_1_235' title='bbox 745 1227 934 1279; x_wconf 82' lang='lat' dir='ltr'>suntmagis</span> <span class='ocrx_word' id='word_1_236' title='bbox 948 1226 1119 1266; x_wconf 76' lang='lat' dir='ltr'>necessaria</span> <span class='ocrx_word' id='word_1_237' title='bbox 1132 1257 1141 1273; x_wconf 93' lang='lat'>‚</span> <span class='ocrx_word' id='word_1_238' title='bbox 1167 1227 1358 1278; x_wconf 84' lang='lat' dir='ltr'>plerumque</span> <span class='ocrx_word' id='word_1_239' title='bbox 1384 1232 1455 1265; x_wconf 87' lang='lat' dir='ltr'>ani.</span> 
     </span>
     <span class='ocr_line' id='line_1_23' title="bbox 67 1289 297 1315; baseline 0.004 -1"><span class='ocrx_word' id='word_1_240' title='bbox 67 1290 158 1314; x_wconf 88' lang='lat' dir='ltr'>mum</span> <span class='ocrx_word' id='word_1_241' title='bbox 169 1289 297 1315; x_wconf 83' lang='lat' dir='ltr'>avertit.</span> 
     </span>
    </p>

    <p class='ocr_par' dir='ltr' id='par_1_5' title="bbox 65 1328 1455 1767">
     <span class='ocr_line' id='line_1_24' title="bbox 106 1328 1453 1379; baseline 0.001 -16"><span class='ocrx_word' id='word_1_242' title='bbox 106 1331 187 1378; x_wconf 78' lang='lat' dir='ltr'>Qio</span> <span class='ocrx_word' id='word_1_243' title='bbox 197 1341 305 1365; x_wconf 85' lang='lat' dir='ltr'>autem</span> <span class='ocrx_word' id='word_1_244' title='bbox 317 1329 520 1379; x_wconf 63' lang='lat' dir='ltr'>objedkiones</span> <span class='ocrx_word' id='word_1_245' title='bbox 531 1328 711 1374; x_wconf 79' lang='lat' dir='ltr'>diluantur,</span> <span class='ocrx_word' id='word_1_246' title='bbox 730 1328 906 1366; x_wconf 80' lang='lat' dir='ltr'>meminisse</span> <span class='ocrx_word' id='word_1_247' title='bbox 919 1340 1053 1378; x_wconf 79' lang='lat' dir='ltr'>oportet</span> <span class='ocrx_word' id='word_1_248' title='bbox 1077 1341 1136 1365; x_wconf 87' lang='lat' dir='ltr'>nos</span> <span class='ocrx_word' id='word_1_249' title='bbox 1151 1331 1306 1379; x_wconf 83' lang='lat' dir='ltr'>Logicam</span> <span class='ocrx_word' id='word_1_250' title='bbox 1325 1330 1365 1364; x_wconf 88' lang='lat' dir='ltr'>ad</span> <span class='ocrx_word' id='word_1_251' title='bbox 1379 1343 1453 1365; x_wconf 86' lang='lat' dir='ltr'>om..</span> 
     </span>
     <span class='ocr_line' id='line_1_25' title="bbox 65 1377 1453 1428; baseline 0.001 -15"><span class='ocrx_word' id='word_1_252' title='bbox 65 1389 125 1413; x_wconf 87' lang='lat' dir='ltr'>nes</span> <span class='ocrx_word' id='word_1_253' title='bbox 135 1390 219 1427; x_wconf 82' lang='lat' dir='ltr'>pene</span> <span class='ocrx_word' id='word_1_254' title='bbox 232 1378 377 1415; x_wconf 85' lang='lat' dir='ltr'>scientias</span> <span class='ocrx_word' id='word_1_255' title='bbox 388 1409 397 1424; x_wconf 87' lang='lat'>,</span> <span class='ocrx_word' id='word_1_256' title='bbox 410 1393 478 1428; x_wconf 80' lang='lat' dir='ltr'>quae</span> <span class='ocrx_word' id='word_1_257' title='bbox 490 1381 522 1414; x_wconf 89' lang='lat' dir='ltr'>in</span> <span class='ocrx_word' id='word_1_258' title='bbox 536 1381 603 1414; x_wconf 88' lang='lat' dir='ltr'>vita</span> <span class='ocrx_word' id='word_1_259' title='bbox 618 1379 709 1415; x_wconf 89' lang='lat' dir='ltr'>civili</span> <span class='ocrx_word' id='word_1_260' title='bbox 723 1378 828 1428; x_wconf 82' lang='lat' dir='ltr'>positae</span> <span class='ocrx_word' id='word_1_261' title='bbox 839 1378 908 1415; x_wconf 91' lang='lat' dir='ltr'>sunt</span> <span class='ocrx_word' id='word_1_262' title='bbox 918 1408 927 1423; x_wconf 88' lang='lat'>,</span> <span class='ocrx_word' id='word_1_263' title='bbox 937 1382 1073 1414; x_wconf 87' lang='lat' dir='ltr'>omnino</span> <span class='ocrx_word' id='word_1_264' title='bbox 1092 1377 1294 1414; x_wconf 78' lang='lat' dir='ltr'>necelsariam</span> <span class='ocrx_word' id='word_1_265' title='bbox 1307 1378 1453 1415; x_wconf 76' lang='lat' dir='ltr'>statuiffe.</span> 
     </span>
     <span class='ocr_line' id='line_1_26' title="bbox 66 1426 1453 1477; baseline 0.001 -16"><span class='ocrx_word' id='word_1_266' title='bbox 66 1428 157 1462; x_wconf 85' lang='lat' dir='ltr'>Hinc</span> <span class='ocrx_word' id='word_1_267' title='bbox 168 1440 238 1476; x_wconf 83' lang='lat' dir='ltr'>quae</span> <span class='ocrx_word' id='word_1_268' title='bbox 252 1428 366 1472; x_wconf 80' lang='lat' dir='ltr'>Plato,</span> <span class='ocrx_word' id='word_1_269' title='bbox 384 1427 569 1465; x_wconf 82' lang='lat' dir='ltr'>Aristoteles</span> <span class='ocrx_word' id='word_1_270' title='bbox 589 1433 622 1465; x_wconf 91' lang='lat'>&amp;</span> <span class='ocrx_word' id='word_1_271' title='bbox 643 1431 696 1464; x_wconf 88' lang='lat' dir='ltr'>SS.</span> <span class='ocrx_word' id='word_1_272' title='bbox 713 1432 822 1464; x_wconf 85' lang='lat' dir='ltr'>Patres</span> <span class='ocrx_word' id='word_1_273' title='bbox 835 1430 869 1464; x_wconf 89' lang='lat' dir='ltr'>in</span> <span class='ocrx_word' id='word_1_274' title='bbox 887 1428 1015 1464; x_wconf 83' lang='lat' dir='ltr'>laudem</span> <span class='ocrx_word' id='word_1_275' title='bbox 1036 1434 1070 1465; x_wconf 86' lang='lat'>&amp;</span> <span class='ocrx_word' id='word_1_276' title='bbox 1089 1426 1307 1463; x_wconf 71' lang='lat' dir='ltr'>necessitatem</span> <span class='ocrx_word' id='word_1_277' title='bbox 1323 1430 1453 1477; x_wconf 79' lang='lat' dir='ltr'>Logicae</span> 
     </span>
     <span class='ocr_line' id='line_1_27' title="bbox 66 1475 1453 1524; baseline 0.002 -15"><span class='ocrx_word' id='word_1_278' title='bbox 66 1475 178 1510; x_wconf 73' lang='lat' dir='ltr'>dixere</span> <span class='ocrx_word' id='word_1_279' title='bbox 189 1506 199 1519; x_wconf 92' lang='lat'>‚</span> <span class='ocrx_word' id='word_1_280' title='bbox 209 1477 296 1512; x_wconf 88' lang='lat' dir='ltr'>ultro</span> <span class='ocrx_word' id='word_1_281' title='bbox 305 1479 524 1514; x_wconf 80' lang='lat' dir='ltr'>concedimus,</span> <span class='ocrx_word' id='word_1_282' title='bbox 541 1479 651 1524; x_wconf 83' lang='lat' dir='ltr'>Atque</span> <span class='ocrx_word' id='word_1_283' title='bbox 667 1477 747 1512; x_wconf 88' lang='lat' dir='ltr'>illud</span> <span class='ocrx_word' id='word_1_284' title='bbox 761 1490 874 1512; x_wconf 87' lang='lat' dir='ltr'>vetum</span> <span class='ocrx_word' id='word_1_285' title='bbox 886 1478 929 1512; x_wconf 86' lang='lat' dir='ltr'>est</span> <span class='ocrx_word' id='word_1_286' title='bbox 949 1478 1038 1524; x_wconf 90' lang='lat' dir='ltr'>quod</span> <span class='ocrx_word' id='word_1_287' title='bbox 1053 1477 1152 1511; x_wconf 88' lang='lat' dir='ltr'>docet</span> <span class='ocrx_word' id='word_1_288' title='bbox 1165 1476 1349 1512; x_wconf 84' lang='lat' dir='ltr'>Aristoteles</span> <span class='ocrx_word' id='word_1_289' title='bbox 1360 1505 1368 1519; x_wconf 85' lang='lat'><strong><em>,</em></strong></span> <span class='ocrx_word' id='word_1_290' title='bbox 1384 1480 1453 1512; x_wconf 83' lang='lat' dir='ltr'>An-</span> 
     </span>
     <span class='ocr_line' id='line_1_28' title="bbox 67 1524 1455 1573; baseline 0.001 -15"><span class='ocrx_word' id='word_1_291' title='bbox 67 1525 178 1571; x_wconf 76' lang='lat' dir='ltr'>tiquos</span> <span class='ocrx_word' id='word_1_292' title='bbox 190 1524 298 1573; x_wconf 86' lang='lat' dir='ltr'>saepius</span> <span class='ocrx_word' id='word_1_293' title='bbox 314 1526 697 1573; x_wconf 56' lang='lat' dir='ltr'>erraffe‚quod*Logicam</span> <span class='ocrx_word' id='word_1_294' title='bbox 709 1525 920 1573; x_wconf 79' lang='lat' dir='ltr'>neglexerint.</span> <span class='ocrx_word' id='word_1_295' title='bbox 945 1527 1153 1572; x_wconf 60' lang='lat' dir='ltr'>&lt;Quanquam</span> <span class='ocrx_word' id='word_1_296' title='bbox 1167 1537 1209 1559; x_wconf 87' lang='lat' dir='ltr'>ne</span> <span class='ocrx_word' id='word_1_297' title='bbox 1225 1525 1304 1558; x_wconf 88' lang='lat' dir='ltr'>illud</span> <span class='ocrx_word' id='word_1_298' title='bbox 1319 1525 1455 1570; x_wconf 84' lang='lat' dir='ltr'>quidem</span> 
     </span>
     <span class='ocr_line' id='line_1_29' title="bbox 67 1571 1453 1621; baseline 0.001 -16"><span class='ocrx_word' id='word_1_299' title='bbox 67 1575 178 1619; x_wconf 78' lang='lat' dir='ltr'>negari</span> <span class='ocrx_word' id='word_1_300' title='bbox 193 1574 363 1620; x_wconf 83' lang='lat' dir='ltr'>potest‚ex</span> <span class='ocrx_word' id='word_1_301' title='bbox 376 1586 442 1621; x_wconf 90' lang='lat' dir='ltr'>quo</span> <span class='ocrx_word' id='word_1_302' title='bbox 453 1575 576 1621; x_wconf 76' lang='lat' dir='ltr'>&#39;Logica</span> <span class='ocrx_word' id='word_1_303' title='bbox 593 1572 770 1607; x_wconf 80' lang='lat' dir='ltr'>artificialis</span> <span class='ocrx_word' id='word_1_304' title='bbox 788 1575 921 1607; x_wconf 85' lang='lat' dir='ltr'>inventa</span> <span class='ocrx_word' id='word_1_305' title='bbox 939 1573 983 1606; x_wconf 86' lang='lat' dir='ltr'>est</span> <span class='ocrx_word' id='word_1_306' title='bbox 996 1601 1004 1614; x_wconf 88' lang='lat'><em>,</em></span> <span class='ocrx_word' id='word_1_307' title='bbox 1022 1571 1167 1607; x_wconf 82' lang='lat' dir='ltr'>scientias</span> <span class='ocrx_word' id='word_1_308' title='bbox 1187 1585 1254 1607; x_wconf 90' lang='lat' dir='ltr'>non</span> <span class='ocrx_word' id='word_1_309' title='bbox 1278 1574 1381 1606; x_wconf 89' lang='lat' dir='ltr'>minus</span> <span class='ocrx_word' id='word_1_310' title='bbox 1400 1585 1453 1606; x_wconf 67' lang='lat' dir='ltr'>ca&lt;</span> 
     </span>
     <span class='ocr_line' id='line_1_30' title="bbox 67 1618 1451 1670; baseline 0.002 -16"><span class='ocrx_word' id='word_1_311' title='bbox 67 1619 154 1654; x_wconf 83' lang='lat' dir='ltr'>villis</span> <span class='ocrx_word' id='word_1_312' title='bbox 166 1627 199 1658; x_wconf 89' lang='lat'>&amp;</span> <span class='ocrx_word' id='word_1_313' title='bbox 212 1620 360 1670; x_wconf 83' lang='lat' dir='ltr'>captiosis</span> <span class='ocrx_word' id='word_1_314' title='bbox 369 1622 585 1670; x_wconf 72' lang='lat' dir='ltr'>sophistarum</span> <span class='ocrx_word' id='word_1_315' title='bbox 595 1623 792 1668; x_wconf 84' lang='lat' dir='ltr'>argumentis</span> <span class='ocrx_word' id='word_1_316' title='bbox 807 1620 963 1654; x_wconf 84' lang='lat' dir='ltr'>obnoxias</span> <span class='ocrx_word' id='word_1_317' title='bbox 979 1618 1080 1655; x_wconf 75' lang='lat' dir='ltr'>fuiise.</span> <span class='ocrx_word' id='word_1_318' title='bbox 1107 1622 1193 1654; x_wconf 86' lang='lat' dir='ltr'>Hinc</span> <span class='ocrx_word' id='word_1_319' title='bbox 1212 1620 1307 1654; x_wconf 87' lang='lat' dir='ltr'>multi</span> <span class='ocrx_word' id='word_1_320' title='bbox 1330 1633 1372 1655; x_wconf 85' lang='lat' dir='ltr'>ex</span> <span class='ocrx_word' id='word_1_321' title='bbox 1396 1623 1451 1658; x_wconf 86' lang='lat' dir='ltr'>SS.</span> 
     </span>
     <span class='ocr_line' id='line_1_31' title="bbox 68 1667 1452 1719; baseline -0.001 -15"><span class='ocrx_word' id='word_1_322' title='bbox 68 1669 218 1704; x_wconf 82' lang='lat' dir='ltr'>Patribus</span> <span class='ocrx_word' id='word_1_323' title='bbox 228 1672 260 1704; x_wconf 89' lang='lat' dir='ltr'>in</span> <span class='ocrx_word' id='word_1_324' title='bbox 272 1672 426 1719; x_wconf 81' lang='lat' dir='ltr'>Logicam</span> <span class='ocrx_word' id='word_1_325' title='bbox 436 1673 536 1704; x_wconf 84' lang='lat' dir='ltr'>aerius</span> <span class='ocrx_word' id='word_1_326' title='bbox 545 1669 754 1712; x_wconf 88' lang='lat' dir='ltr'>invehuntur,</span> <span class='ocrx_word' id='word_1_327' title='bbox 766 1681 826 1703; x_wconf 91' lang='lat' dir='ltr'>nec</span> <span class='ocrx_word' id='word_1_328' title='bbox 837 1681 904 1703; x_wconf 86' lang='lat' dir='ltr'>tam</span> <span class='ocrx_word' id='word_1_329' title='bbox 913 1668 997 1703; x_wconf 89' lang='lat' dir='ltr'>illius</span> <span class='ocrx_word' id='word_1_330' title='bbox 1015 1667 1105 1703; x_wconf 89' lang='lat' dir='ltr'>usum</span> <span class='ocrx_word' id='word_1_331' title='bbox 1114 1697 1124 1712; x_wconf 94' lang='lat'>,</span> <span class='ocrx_word' id='word_1_332' title='bbox 1141 1669 1243 1716; x_wconf 66' lang='lat' dir='ltr'>quam</span> <span class='ocrx_word' id='word_1_333' title='bbox 1257 1667 1389 1705; x_wconf 81' lang='lat' dir='ltr'>abusum</span> <span class='ocrx_word' id='word_1_334' title='bbox 1399 1671 1452 1707; x_wconf 77' lang='lat' dir='ltr'>vi-</span> 
     </span>
     <span class='ocr_line' id='line_1_32' title="bbox 69 1716 1120 1767; baseline 0 -14"><span class='ocrx_word' id='word_1_335' title='bbox 69 1719 118 1753; x_wconf 88' lang='lat' dir='ltr'>tio</span> <span class='ocrx_word' id='word_1_336' title='bbox 132 1719 217 1753; x_wconf 84' lang='lat' dir='ltr'>dant.</span> <span class='ocrx_word' id='word_1_337' title='bbox 236 1720 299 1753; x_wconf 89' lang='lat' dir='ltr'>His</span> <span class='ocrx_word' id='word_1_338' title='bbox 312 1718 469 1767; x_wconf 80' lang='lat' dir='ltr'>praemisfis</span> <span class='ocrx_word' id='word_1_339' title='bbox 479 1719 520 1752; x_wconf 89' lang='lat' dir='ltr'>ad</span> <span class='ocrx_word' id='word_1_340' title='bbox 533 1730 570 1752; x_wconf 87' lang='lat' dir='ltr'>ea</span> <span class='ocrx_word' id='word_1_341' title='bbox 583 1730 651 1764; x_wconf 82' lang='lat' dir='ltr'>quae</span> <span class='ocrx_word' id='word_1_342' title='bbox 668 1720 791 1766; x_wconf 82' lang='lat' dir='ltr'>opponi</span> <span class='ocrx_word' id='word_1_343' title='bbox 804 1716 909 1753; x_wconf 89' lang='lat' dir='ltr'>solent</span> <span class='ocrx_word' id='word_1_344' title='bbox 919 1719 1120 1762; x_wconf 74' lang='lat' dir='ltr'>,.veniamus.</span> 
     </span>
    </p>

    <p class='ocr_par' dir='ltr' id='par_1_6' title="bbox 566 1765 929 1812">
     <span class='ocr_line' id='line_1_33' title="bbox 566 1765 929 1812; baseline 0.006 -12"><span class='ocrx_word' id='word_1_345' title='bbox 566 1765 788 1812; x_wconf 64' lang='lat' dir='ltr'>ObjeHionum</span> <span class='ocrx_word' id='word_1_346' title='bbox 801 1767 929 1812; x_wconf 74' lang='lat' dir='ltr'>sblutio.</span> 
     </span>
    </p>

    <p class='ocr_par' dir='ltr' id='par_1_7' title="bbox 68 1813 1450 1963">
     <span class='ocr_line' id='line_1_34' title="bbox 115 1813 1450 1866; baseline 0.001 -17"><span class='ocrx_word' id='word_1_347' title='bbox 115 1816 202 1865; x_wconf 86' lang='lat' dir='ltr'><strong><em>Opp.</em></strong></span> <span class='ocrx_word' id='word_1_348' title='bbox 219 1825 258 1852; x_wconf 86' lang='lat'>1⁰.</span> <span class='ocrx_word' id='word_1_349' title='bbox 276 1817 346 1865; x_wconf 81' lang='lat' dir='ltr'>Qi</span> <span class='ocrx_word' id='word_1_350' title='bbox 359 1818 484 1865; x_wconf 78' lang='lat' dir='ltr'>ignarus</span> <span class='ocrx_word' id='word_1_351' title='bbox 500 1816 542 1850; x_wconf 89' lang='lat' dir='ltr'>est</span> <span class='ocrx_word' id='word_1_352' title='bbox 552 1817 678 1864; x_wconf 82' lang='lat' dir='ltr'>Logicae</span> <span class='ocrx_word' id='word_1_353' title='bbox 689 1843 696 1853; x_wconf 91' lang='lat'><em>,</em></span> <span class='ocrx_word' id='word_1_354' title='bbox 708 1814 809 1850; x_wconf 88' lang='lat' dir='ltr'>nescit</span> <span class='ocrx_word' id='word_1_355' title='bbox 822 1814 852 1849; x_wconf 90' lang='lat' dir='ltr'>se</span> <span class='ocrx_word' id='word_1_356' title='bbox 862 1814 962 1850; x_wconf 75' lang='lat' dir='ltr'>scire:</span> <span class='ocrx_word' id='word_1_357' title='bbox 979 1827 1054 1850; x_wconf 84' lang='lat' dir='ltr'>nam</span> <span class='ocrx_word' id='word_1_358' title='bbox 1063 1813 1126 1850; x_wconf 78' lang='lat' dir='ltr'>fine</span> <span class='ocrx_word' id='word_1_359' title='bbox 1136 1816 1258 1865; x_wconf 79' lang='lat' dir='ltr'>Logica</span> <span class='ocrx_word' id='word_1_360' title='bbox 1268 1829 1332 1852; x_wconf 93' lang='lat' dir='ltr'>non</span> <span class='ocrx_word' id='word_1_361' title='bbox 1342 1819 1450 1866; x_wconf 79' lang='lat' dir='ltr'>potest</span> 
     </span>
     <span class='ocr_line' id='line_1_35' title="bbox 68 1862 1450 1915; baseline 0.001 -16"><span class='ocrx_word' id='word_1_362' title='bbox 68 1864 146 1899; x_wconf 84' lang='lat' dir='ltr'>scire</span> <span class='ocrx_word' id='word_1_363' title='bbox 161 1878 202 1899; x_wconf 89' lang='lat' dir='ltr'>an</span> <span class='ocrx_word' id='word_1_364' title='bbox 217 1866 502 1901; x_wconf 82' lang='lat' dir='ltr'>demonstrationes</span> <span class='ocrx_word' id='word_1_365' title='bbox 516 1877 595 1912; x_wconf 86' lang='lat' dir='ltr'>quas</span> <span class='ocrx_word' id='word_1_366' title='bbox 607 1863 725 1907; x_wconf 67' lang='lat' dir='ltr'>efficit,</span> <span class='ocrx_word' id='word_1_367' title='bbox 739 1876 795 1905; x_wconf 83' lang='lat' dir='ltr'>aut</span> <span class='ocrx_word' id='word_1_368' title='bbox 809 1864 1050 1904; x_wconf 84' lang='lat' dir='ltr'>consecutiones</span> <span class='ocrx_word' id='word_1_369' title='bbox 1062 1862 1120 1899; x_wconf 84' lang='lat' dir='ltr'>fint</span> <span class='ocrx_word' id='word_1_370' title='bbox 1134 1864 1302 1912; x_wconf 77' lang='lat' dir='ltr'>legitimae:</span> <span class='ocrx_word' id='word_1_371' title='bbox 1315 1868 1399 1915; x_wconf 83' lang='lat' dir='ltr'>Ergo</span> <span class='ocrx_word' id='word_1_372' title='bbox 1412 1865 1450 1901; x_wconf 79' lang='lat' dir='ltr'>fi-</span> 
     </span>
     <span class='ocr_line' id='line_1_36' title="bbox 69 1913 842 1963; baseline -0.004 -15"><span class='ocrx_word' id='word_1_373' title='bbox 69 1926 110 1949; x_wconf 88' lang='lat' dir='ltr'>ne</span> <span class='ocrx_word' id='word_1_374' title='bbox 129 1915 250 1963; x_wconf 79' lang='lat' dir='ltr'>Logica</span> <span class='ocrx_word' id='word_1_375' title='bbox 265 1928 331 1950; x_wconf 82' lang='lat' dir='ltr'>non</span> <span class='ocrx_word' id='word_1_376' title='bbox 344 1914 446 1950; x_wconf 87' lang='lat' dir='ltr'>habet</span> <span class='ocrx_word' id='word_1_377' title='bbox 468 1913 633 1948; x_wconf 77' lang='lat' dir='ltr'>scientiam</span> <span class='ocrx_word' id='word_1_378' title='bbox 652 1913 842 1961; x_wconf 60' lang='lat' dir='ltr'>perfectam.</span> 
     </span>
    </p>

    <p class='ocr_par' dir='ltr' id='par_1_8' title="bbox 70 1960 1454 2159">
     <span class='ocr_line' id='line_1_37' title="bbox 105 1960 1451 2011; baseline 0.002 -16"><span class='ocrx_word' id='word_1_379' title='bbox 105 1963 192 2011; x_wconf 68' lang='lat' dir='ltr'>Resp.</span> <span class='ocrx_word' id='word_1_380' title='bbox 203 1963 288 2009; x_wconf 72' lang='lat' dir='ltr'>Dist,</span> <span class='ocrx_word' id='word_1_381' title='bbox 300 1966 455 1998; x_wconf 36' lang='lat' dir='ltr'>ant-‘Sine</span> <span class='ocrx_word' id='word_1_382' title='bbox 466 1965 587 2011; x_wconf 81' lang='lat' dir='ltr'>Logica</span> <span class='ocrx_word' id='word_1_383' title='bbox 602 1961 752 2005; x_wconf 84' lang='lat' dir='ltr'>naturali,</span> <span class='ocrx_word' id='word_1_384' title='bbox 766 1963 803 1997; x_wconf 90' lang='lat' dir='ltr'>C.</span> <span class='ocrx_word' id='word_1_385' title='bbox 819 1960 884 1996; x_wconf 85' lang='lat' dir='ltr'>fine</span> <span class='ocrx_word' id='word_1_386' title='bbox 898 1960 1072 2008; x_wconf 86' lang='lat' dir='ltr'>acquisita„</span> <span class='ocrx_word' id='word_1_387' title='bbox 1090 1962 1188 2008; x_wconf 90' lang='lat' dir='ltr'>idque</span> <span class='ocrx_word' id='word_1_388' title='bbox 1202 1962 1399 2010; x_wconf 83' lang='lat' dir='ltr'>potiffimum</span> <span class='ocrx_word' id='word_1_389' title='bbox 1417 1966 1451 2000; x_wconf 89' lang='lat' dir='ltr'>in</span> 
     </span>
     <span class='ocr_line' id='line_1_38' title="bbox 71 2010 1453 2060; baseline 0 -14"><span class='ocrx_word' id='word_1_390' title='bbox 71 2011 327 2056; x_wconf 87' lang='lat' dir='ltr'>Mathematicis‚</span> <span class='ocrx_word' id='word_1_391' title='bbox 339 2014 562 2059; x_wconf 83' lang='lat' dir='ltr'>N.·Qienim</span> <span class='ocrx_word' id='word_1_392' title='bbox 573 2013 730 2060; x_wconf 81' lang='lat' dir='ltr'>principia</span> <span class='ocrx_word' id='word_1_393' title='bbox 741 2041 750 2054; x_wconf 91' lang='lat'>,</span> <span class='ocrx_word' id='word_1_394' title='bbox 768 2024 835 2058; x_wconf 84' lang='lat' dir='ltr'>quae</span> <span class='ocrx_word' id='word_1_395' title='bbox 853 2011 974 2045; x_wconf 86' lang='lat' dir='ltr'>lumine</span> <span class='ocrx_word' id='word_1_396' title='bbox 991 2010 1127 2045; x_wconf 86' lang='lat' dir='ltr'>naturali</span> <span class='ocrx_word' id='word_1_397' title='bbox 1143 2010 1212 2046; x_wconf 85' lang='lat' dir='ltr'>sunt</span> <span class='ocrx_word' id='word_1_398' title='bbox 1230 2010 1301 2046; x_wconf 82' lang='lat' dir='ltr'>satis</span> <span class='ocrx_word' id='word_1_399' title='bbox 1322 2024 1453 2060; x_wconf 77' lang='lat' dir='ltr'>aperta,</span> 
     </span>
     <span class='ocr_line' id='line_1_39' title="bbox 70 2059 1454 2109; baseline -0.001 -12"><span class='ocrx_word' id='word_1_400' title='bbox 70 2065 106 2097; x_wconf 73' lang='grc' dir='ltr'>δε</span> <span class='ocrx_word' id='word_1_401' title='bbox 120 2072 226 2096; x_wconf 70' lang='lat' dir='ltr'>utrum</span> <span class='ocrx_word' id='word_1_402' title='bbox 238 2060 325 2096; x_wconf 89' lang='lat' dir='ltr'>bene</span> <span class='ocrx_word' id='word_1_403' title='bbox 339 2061 392 2097; x_wconf 86' lang='lat' dir='ltr'>vel</span> <span class='ocrx_word' id='word_1_404' title='bbox 402 2060 485 2095; x_wconf 86' lang='lat' dir='ltr'>male</span> <span class='ocrx_word' id='word_1_405' title='bbox 496 2063 705 2095; x_wconf 81' lang='lat' dir='ltr'>ratiocinetur</span> <span class='ocrx_word' id='word_1_406' title='bbox 715 2089 724 2102; x_wconf 89' lang='lat'>‚</span> <span class='ocrx_word' id='word_1_407' title='bbox 734 2062 871 2109; x_wconf 81' lang='lat' dir='ltr'>ignorat,</span> <span class='ocrx_word' id='word_1_408' title='bbox 887 2073 1052 2108; x_wconf 88' lang='lat' dir='ltr'>nunquam</span> <span class='ocrx_word' id='word_1_409' title='bbox 1067 2059 1243 2095; x_wconf 81' lang='lat' dir='ltr'>artificiosae</span> <span class='ocrx_word' id='word_1_410' title='bbox 1259 2063 1387 2109; x_wconf 80' lang='lat' dir='ltr'>Logicae</span> <span class='ocrx_word' id='word_1_411' title='bbox 1404 2074 1454 2096; x_wconf 83' lang='lat' dir='ltr'>re-</span> 
     </span>
     <span class='ocr_line' id='line_1_40' title="bbox 70 2109 1379 2159; baseline 0.002 -15"><span class='ocrx_word' id='word_1_412' title='bbox 70 2109 212 2158; x_wconf 82' lang='lat' dir='ltr'>gulas&amp;</span> <span class='ocrx_word' id='word_1_413' title='bbox 219 2122 380 2159; x_wconf 81' lang='lat' dir='ltr'>praecepta</span> <span class='ocrx_word' id='word_1_414' title='bbox 394 2110 658 2159; x_wconf 80' lang='lat' dir='ltr'>comprehendet.</span> <span class='ocrx_word' id='word_1_415' title='bbox 1182 2124 1184 2126; x_wconf 92' lang='lat'>·</span> <span class='ocrx_word' id='word_1_416' title='bbox 1375 2109 1379 2112; x_wconf 75' lang='grc'><strong>’</strong></span> 
     </span>
    </p>

    <p class='ocr_par' dir='ltr' id='par_1_9' title="bbox 73 2157 1453 2306">
     <span class='ocr_line' id='line_1_41' title="bbox 109 2157 1451 2207; baseline 0.004 -17"><span class='ocrx_word' id='word_1_417' title='bbox 109 2159 194 2207; x_wconf 79' lang='lat' dir='ltr'>Resp.</span> <span class='ocrx_word' id='word_1_418' title='bbox 208 2168 252 2194; x_wconf 88' lang='lat'>2⁰.</span> <span class='ocrx_word' id='word_1_419' title='bbox 269 2159 353 2204; x_wconf 83' lang='lat' dir='ltr'>Dist.</span> <span class='ocrx_word' id='word_1_420' title='bbox 367 2172 436 2196; x_wconf 81' lang='lat' dir='ltr'>ant.</span> <span class='ocrx_word' id='word_1_421' title='bbox 449 2161 520 2207; x_wconf 82' lang='lat' dir='ltr'>Qi</span> <span class='ocrx_word' id='word_1_422' title='bbox 535 2162 662 2207; x_wconf 79' lang='lat' dir='ltr'>ignorat</span> <span class='ocrx_word' id='word_1_423' title='bbox 671 2159 824 2206; x_wconf 74' lang='lat' dir='ltr'>Logicam</span> <span class='ocrx_word' id='word_1_424' title='bbox 837 2187 846 2200; x_wconf 91' lang='lat'><strong>‚</strong></span> <span class='ocrx_word' id='word_1_425' title='bbox 861 2157 960 2193; x_wconf 86' lang='lat' dir='ltr'>nescit</span> <span class='ocrx_word' id='word_1_426' title='bbox 971 2159 1000 2195; x_wconf 89' lang='lat' dir='ltr'>se</span> <span class='ocrx_word' id='word_1_427' title='bbox 1013 2160 1089 2195; x_wconf 60' lang='lat' dir='ltr'>scire</span> <span class='ocrx_word' id='word_1_428' title='bbox 1106 2158 1298 2201; x_wconf 80' lang='lat' dir='ltr'>formaliter,</span> <span class='ocrx_word' id='word_1_429' title='bbox 1308 2162 1451 2204; x_wconf 89' lang='lat' dir='ltr'>utaiunt‚</span> 
     </span>
     <span class='ocr_line' id='line_1_42' title="bbox 73 2204 1453 2257; baseline 0.001 -15"><span class='ocrx_word' id='word_1_430' title='bbox 73 2207 113 2243; x_wconf 90' lang='lat' dir='ltr'>C.</span> <span class='ocrx_word' id='word_1_431' title='bbox 124 2204 322 2252; x_wconf 74' lang='lat' dir='ltr'>virtualiter,</span> <span class='ocrx_word' id='word_1_432' title='bbox 337 2211 384 2244; x_wconf 84' lang='lat' dir='ltr'>N.</span> <span class='ocrx_word' id='word_1_433' title='bbox 399 2212 479 2245; x_wconf 90' lang='lat' dir='ltr'>Non</span> <span class='ocrx_word' id='word_1_434' title='bbox 490 2210 576 2242; x_wconf 85' lang='lat' dir='ltr'>enim</span> <span class='ocrx_word' id='word_1_435' title='bbox 591 2210 688 2242; x_wconf 89' lang='lat' dir='ltr'>utitur</span> <span class='ocrx_word' id='word_1_436' title='bbox 699 2209 887 2254; x_wconf 74' lang='lat' dir='ltr'>cognitione</span> <span class='ocrx_word' id='word_1_437' title='bbox 902 2207 1019 2244; x_wconf 86' lang='lat' dir='ltr'>reflexa</span> <span class='ocrx_word' id='word_1_438' title='bbox 1033 2221 1094 2257; x_wconf 85' lang='lat' dir='ltr'>qua</span> <span class='ocrx_word' id='word_1_439' title='bbox 1107 2209 1269 2242; x_wconf 75' lang='lat' dir='ltr'>examinet</span> <span class='ocrx_word' id='word_1_440' title='bbox 1281 2220 1387 2243; x_wconf 87' lang='lat' dir='ltr'>utrum</span> <span class='ocrx_word' id='word_1_441' title='bbox 1395 2209 1453 2243; x_wconf 86' lang='lat' dir='ltr'>de-</span> 
     </span>
     <span class='ocr_line' id='line_1_43' title="bbox 74 2255 1416 2306; baseline 0.001 -15"><span class='ocrx_word' id='word_1_442' title='bbox 74 2256 264 2292; x_wconf 82' lang='lat' dir='ltr'>monstratio</span> <span class='ocrx_word' id='word_1_443' title='bbox 274 2256 452 2292; x_wconf 81' lang='lat' dir='ltr'>consentiat</span> <span class='ocrx_word' id='word_1_444' title='bbox 465 2257 581 2306; x_wconf 74' lang='lat' dir='ltr'>regulis</span> <span class='ocrx_word' id='word_1_445' title='bbox 593 2259 733 2304; x_wconf 76' lang='lat' dir='ltr'>Logicae:</span> <span class='ocrx_word' id='word_1_446' title='bbox 747 2255 799 2290; x_wconf 85' lang='lat' dir='ltr'>sed</span> <span class='ocrx_word' id='word_1_447' title='bbox 810 2255 873 2303; x_wconf 83' lang='lat' dir='ltr'>ipsa</span> <span class='ocrx_word' id='word_1_448' title='bbox 891 2259 1055 2292; x_wconf 86' lang='lat' dir='ltr'>evidentia</span> <span class='ocrx_word' id='word_1_449' title='bbox 1067 2256 1189 2305; x_wconf 79' lang='lat' dir='ltr'>supplet</span> <span class='ocrx_word' id='word_1_450' title='bbox 1203 2255 1271 2290; x_wconf 86' lang='lat' dir='ltr'>illas</span> <span class='ocrx_word' id='word_1_451' title='bbox 1282 2257 1416 2305; x_wconf 78' lang='lat' dir='ltr'>regulas,</span> 
     </span>
    </p>

    <p class='ocr_par' dir='ltr' id='par_1_10' title="bbox 75 2302 1451 2450">
     <span class='ocr_line' id='line_1_44' title="bbox 104 2302 1451 2354; baseline 0.002 -16"><span class='ocrx_word' id='word_1_452' title='bbox 104 2304 239 2348; x_wconf 70' lang='lat' dir='ltr'>Instant.</span> <span class='ocrx_word' id='word_1_453' title='bbox 256 2302 464 2354; x_wconf 54' lang='lat' dir='ltr'>QLochae</span> <span class='ocrx_word' id='word_1_454' title='bbox 483 2308 525 2340; x_wconf 84' lang='lat' dir='ltr'>est</span> <span class='ocrx_word' id='word_1_455' title='bbox 541 2308 707 2354; x_wconf 83' lang='lat' dir='ltr'>imperitus</span> <span class='ocrx_word' id='word_1_456' title='bbox 718 2334 728 2347; x_wconf 92' lang='lat'>,</span> <span class='ocrx_word' id='word_1_457' title='bbox 748 2317 888 2343; x_wconf 84' lang='lat' dir='ltr'>errores,</span> <span class='ocrx_word' id='word_1_458' title='bbox 904 2305 925 2340; x_wconf 78' lang='lat' dir='ltr'>si</span> <span class='ocrx_word' id='word_1_459' title='bbox 943 2309 1000 2354; x_wconf 88' lang='lat' dir='ltr'>qui</span> <span class='ocrx_word' id='word_1_460' title='bbox 1017 2310 1156 2353; x_wconf 80' lang='lat' dir='ltr'>irrepant</span> <span class='ocrx_word' id='word_1_461' title='bbox 1174 2307 1205 2338; x_wconf 86' lang='lat' dir='ltr'>in</span> <span class='ocrx_word' id='word_1_462' title='bbox 1213 2307 1451 2351; x_wconf 83' lang='lat' dir='ltr'>ratiocinando,</span> 
     </span>
     <span class='ocr_line' id='line_1_45' title="bbox 75 2352 1450 2438; baseline 0.001 -48"><span class='ocrx_word' id='word_1_463' title='bbox 75 2358 369 2438; x_wconf 45' lang='lat' dir='ltr'>nufiquampoterit</span> <span class='ocrx_word' id='word_1_464' title='bbox 384 2355 626 2405; x_wconf 81' lang='lat' dir='ltr'>deprehendere</span> <span class='ocrx_word' id='word_1_465' title='bbox 643 2370 650 2391; x_wconf 92' lang='lat'><strong>:</strong></span> <span class='ocrx_word' id='word_1_466' title='bbox 667 2357 749 2402; x_wconf 78' lang='lat' dir='ltr'>Ergo</span> <span class='ocrx_word' id='word_1_467' title='bbox 767 2352 829 2390; x_wconf 79' lang='lat' dir='ltr'>sme</span> <span class='ocrx_word' id='word_1_468' title='bbox 849 2356 969 2404; x_wconf 78' lang='lat' dir='ltr'>Logica</span> <span class='ocrx_word' id='word_1_469' title='bbox 993 2355 1173 2404; x_wconf 61' lang='lat' dir='ltr'>perfectam</span> <span class='ocrx_word' id='word_1_470' title='bbox 1193 2352 1358 2391; x_wconf 75' lang='lat' dir='ltr'>scientiam</span> <span class='ocrx_word' id='word_1_471' title='bbox 1384 2368 1450 2392; x_wconf 82' lang='lat' dir='ltr'>non</span> 
     </span>
     <span class='ocr_line' id='line_1_46' title="bbox 75 2407 263 2450; baseline 0.005 -13"><span class='ocrx_word' id='word_1_472' title='bbox 75 2407 104 2438; x_wconf 76' lang='lat' dir='ltr'>al</span> <span class='ocrx_word' id='word_1_473' title='bbox 120 2414 263 2450; x_wconf 66' lang='lat' dir='ltr'>equetur.</span> 
     </span>
    </p>
   </div>
  </div>
 </body>
</html>
