1857 2745
348 132 396 167 116
814 132 844 164 T
870 130 902 165 R
928 130 954 165 Α
982 129 1012 166 C
1034 132 1065 166 T
1090 131 1119 166 A
1146 133 1176 167 T
1201 132 1234 167 U
1258 132 1278 166 S

347 179 506 215 utilitatis,
539 181 612 215 Nec
634 189 740 227 partes
758 180 790 212 in
811 177 887 212 serie
902 180 1147 227 Categoriarum
1164 182 1224 214 rite
1242 179 1523 223 collocantur,seu
1540 178 1685 229 physicae,
1701 192 1737 216 ut

352 231 457 263 anima
471 227 653 271 rationali53
672 227 723 262 seu
738 226 973 275 memphyfick,
985 240 1020 263 ut
1037 229 1228 264 humanitas.
1252 232 1360 265 Genus
1377 242 1456 264 veto
1469 229 1510 264 ad
1526 230 1737 279 Categoriam

348 279 490 323 pertinet
514 289 549 311 ut
565 288 671 311 totum
681 277 860 323 potentiale
877 306 886 320 ‚
920 290 986 311 non
1012 289 1047 311 ut
1078 290 1149 325 pars
1159 278 1290 312 astualis
1311 277 1421 327 speiei.

381 325 532 372 Plerique
554 327 655 360 etiam
668 326 801 373 exigunt
812 353 820 366 ‚
838 337 872 358 ut
890 337 940 359 res
953 323 989 359 fit
1005 325 1116 369 finita,
1137 339 1203 374 quo
1218 330 1328 363 Deum
1340 327 1360 363 ἐι
1373 326 1539 373 categoria
1556 326 1737 367 excludant..

348 377 472 408 Verum
489 373 542 407 alii
560 373 757 416 reclamant,
774 379 807 409 ὃς
819 373 973 409 dubitant
985 387 1045 417 ‚an
1061 387 1097 409 ea
1119 373 1155 410 sit
1176 374 1344 410 neceffaria
1363 376 1531 410 conditio:
1554 374 1631 410 cum
1650 377 1736 414 linea

352 421 480 458 infiniti
492 451 502 465 ‚
520 421 540 457 si
552 435 613 469 qua
626 421 702 457 effer
714 451 722 464 ,
740 423 759 457 ὲ
771 422 1022 470 praedicamento
1040 426 1230 470 quantitatis
1246 438 1311 459 non
1328 423 1564 458 excluderetur.
1583 424 1736 471 Cumque

347 472 518 519 categoriae
535 484 575 505 eo
590 470 654 506 fine
667 470 724 506 sint
739 469 892 518 dispositae
902 501 912 514 ,
927 483 962 506 ut
978 484 1026 506 res
1042 472 1275 521 distinguantur
1285 502 1293 516 ‚
1313 479 1346 510 ὃς
1360 476 1464 507 omnis
1483 473 1604 507 vitetur
1618 473 1738 509 confu-

346 518 403 563 fio,
417 532 482 555 non
499 523 604 555 minor
618 532 725 554 rerum
736 520 897 555 distinctio
912 520 1018 555 futura
1030 522 1075 555 est
1087 550 1096 564 ,
1110 521 1130 556 si
1146 533 1193 555 res
1204 522 1342 557 infinitae
1354 523 1387 555 in
1401 523 1563 569 categoria
1574 521 1738 558 collocen-

348 579 399 603 tur
413 597 421 611 ‚
440 581 540 616 quam
553 567 574 603 fi
587 568 629 603 ab
651 581 686 603 ea
702 580 941 606 removeantur.
960 570 1022 605 Sed
1042 570 1082 606 de
1098 570 1146 607 his
1166 571 1302 619 postea:
1316 582 1400 616 nunc
1417 572 1652 617 categoriarum
1675 582 1736 605 nu-

348 629 473 653 merum
494 630 648 659 ineamus.

398 667 486 701 Cum
499 679 548 705 res
561 666 632 716 ipsae
643 665 684 701 ab
705 667 875 705 intellectu
888 670 921 703 in
933 679 1034 703 certas
1055 667 1159 703 claffes
1175 667 1401 717 disponantur,
1413 678 1455 703 -ut
1475 668 1578 704 omnis
1603 666 1734 702 tollatur

346 717 588 763 cogitationum
597 715 906 760 confufio‚numerus
924 719 1161 765 categoriarum
1175 729 1291 766 magna
1305 729 1342 755 ex
1356 728 1446 763 parte
1464 715 1584 763 pendet
1603 727 1642 754 ex
1659 715 1738 751 Phi-

347 763 556 813 losophorum
567 764 703 803 arbitrio
714 794 724 809 ,
744 768 799 813 qui
813 795 823 809 ,
836 764 1013 801 utlibitum
1027 767 1070 800 est
1085 794 1094 809 ,
1113 777 1162 799 res
1173 778 1286 799 omnes
1305 765 1346 798 ad
1357 764 1475 801 summa
1487 763 1632 811 quaedam
1647 766 1736 811 capi-

347 823 381 848 ta.
393 842 402 856 ‚
420 813 473 849 vel
489 816 844 863 categoriasrevocant.
867 817 1020 861 Suntqui
1036 827 1132 849 unam
1147 814 1302 849 duntaxat
1313 815 1509 861 categoriam
1523 840 1533 855 ‚
1550 824 1669 860 nempe
1678 824 1736 849 ens

345 862 471 909 ipiimr,
488 862 555 899 sunt
567 866 623 910 qui
639 862 801 911 duplicem
819 865 956 898 statuant
968 891 977 905 ,
999 862 1208 899 substantiam
1230 874 1348 909 nempe
1365 867 1401 902 ὅ(
1417 861 1576 897 accidens.
1603 864 1642 897 Et
1662 864 1737 908 qui-

344 911 421 945 dem
434 910 455 945 si
476 924 524 945 res
537 910 707 946 secundum
719 911 747 946 se
764 940 774 954 ,
794 918 827 948 ὃ(
840 911 1037 960 speculativo
1048 912 1190 958 quodam
1202 911 1300 946 modo
1311 910 1505 958 spedicentur,
1522 923 1587 945 non
1600 908 1737 954 dubium

346 960 390 994 est
403 961 481 1007 quin
501 972 558 994 ens
570 989 579 1003 ‚
599 964 610 1004 (
627 959 792 1007 siquidem
805 973 905 1009 genus
919 960 965 994 est
983 959 1126 1008 respeffii
1138 959 1326 994 inst-riorum
1337 987 1347 1001 ,
1361 959 1448 1005 quod
1466 957 1520 993 suo
1530 957 1603 992 loco
1613 970 1735 1005 expen-

345 1008 459 1045 demus
472 1037 482 1051 ‚
501 1010 509 1048 )
525 1008 560 1044 sit
574 1012 675 1044 etiam
692 1012 840 1044 omnium
858 1008 1042 1056 supremum
1061 1020 1160 1056 genus
1176 1037 1185 1050 ,
1197 1013 1237 1044 ἀ
1248 1009 1418 1055 categoriae
1435 1008 1541 1041 omnis
1557 1019 1663 1054 caput:
1678 1019 1733 1041 aut

345 1068 433 1090 certe
444 1055 613 1091 substantia
626 1062 659 1093 δε
681 1058 830 1092 accidens
842 1069 934 1092 erunt
947 1057 1010 1090 duo
1022 1055 1142 1090 summa
1158 1068 1286 1104 genera.
1303 1054 1376 1089 Atfi
1391 1055 1489 1089 finem
1503 1054 1604 1103 ipsum
1619 1067 1734 1103 ,quem

346 1104 559 1150 Philosophus
577 1106 800 1139 in-traEhndis
810 1107 986 1153 categoriis
1007 1103 1063 1138 sibi
1076 1104 1240 1151 proposuit
1253 1133 1262 1147 ‚
1279 1102 1460 1152 spectemus
1473 1132 1483 1147 ,
1501 1115 1619 1151 nempe
1633 1116 1669 1138 ut
1684 1105 1734 1138 di-

345 1153 458 1188 stinfilti
475 1152 511 1188 sit
529 1166 635 1187 rerum
650 1155 797 1202 cognitio
811 1181 819 1194 ,
833 1156 923 1189 omni
938 1151 1132 1188 confusione
1150 1151 1273 1186 sublata
1288 1181 1297 1196 ‚
1322 1166 1387 1187 non
1406 1152 1504 1186 video
1530 1164 1583 1186 cur
1600 1164 1732 1201 catego-

344 1204 464 1237 riarum
474 1203 629 1237 decadem
640 1232 648 1245 ‚
660 1216 705 1249 qu
714 1215 761 1236 un
771 1207 929 1237 Veterum
940 1200 1169 1249 comprobavit
1181 1201 1356 1240 authoritas
1368 1230 1376 1244 ‚
1388 1199 1568 1235 deseramus
1583 1215 1591 1236 ς
1609 1213 1681 1235 cum
1698 1203 1733 1236 in

346 1252 385 1284 iis
398 1281 406 1294 ‚
421 1264 492 1297 quae
515 1252 554 1284 ad
571 1254 695 1298 praxim
704 1254 870 1298 pertinent
882 1281 891 1294 ‚
904 1251 945 1285 ab
959 1263 999 1284 eo
1010 1251 1099 1297 quod
1117 1248 1172 1283 usu
1196 1262 1363 1298 receptum
1379 1250 1426 1283 est
1440 1278 1449 1292 ‚
1465 1262 1530 1284 non
1547 1247 1582 1283 iit
1607 1261 1731 1284 temere

345 1300 573 1335 recedendum.
589 1302 640 1334 Sic
655 1301 762 1346 potest
776 1313 873 1334 aimus
886 1302 926 1333 -in
953 1299 1059 1347 plures
1089 1298 1189 1332 dividi
1206 1310 1313 1346 partes
1332 1327 1342 1341 ‚
1369 1300 1468 1344 quam
1498 1300 1531 1332 in
1549 1298 1733 1342 duodecim3

346 1359 399 1383 aut
417 1348 551 1383 circulus
566 1349 660 1383 secari
678 1351 710 1383 in
723 1348 830 1395 plures
837 1348 951 1397 gradus
967 1347 1019 1382 vel
1032 1358 1148 1395 partes,
1163 1359 1263 1393 quam
1285 1357 1357 1394 360.
1372 1349 1412 1381 Et
1422 1358 1530 1380 tamen
1540 1346 1668 1381 stultum
1677 1347 1731 1382 fo-

345 1409 395 1431 ret
414 1402 447 1432 &
479 1396 686 1432 inconsultum
707 1400 854 1432 omnium
886 1409 969 1445 pene
995 1398 1162 1430 nationum
1190 1395 1243 1430 usu
1268 1395 1420 1443 probatas
1456 1393 1626 1429 divisiones
1654 1398 1732 1431 anui

345 1450 380 1481 δε
391 1446 498 1480 circuli
513 1446 715 1494 relinquere,
731 1458 831 1481 novas
847 1452 880 1483 &
899 1446 985 1482 forte
999 1446 1103 1479 minus
1121 1444 1160 1477 ad
1180 1443 1278 1480 finem
1293 1442 1491 1493 propositum
1503 1445 1732 1480 accommoda-

348 1505 394 1528 tas
415 1495 576 1530 inducere.

382 1546 508 1577 Decem
532 1545 641 1589 itaque
665 1545 844 1591 categorias
869 1540 912 1575 ab
936 1540 1067 1576 Archita
1089 1544 1272 1576 Tarentino
1289 1543 1430 1590 primum
1448 1543 1668 1589 excogitatas,
1687 1539 1730 1575 ab

345 1590 521 1628 Aristotele
531 1590 758 1639 comprobatas
770 1621 779 1634 ,
792 1592 931 1625 omnino
952 1591 1137 1624 retinendas
1156 1590 1349 1625 arbitramur
1365 1605 1372 1625 :
1389 1603 1526 1637 quarum
1547 1589 1597 1624 sex
1620 1591 1731 1636 primae

345 1639 520 1676 substantia.
532 1669 541 1682 ‚
557 1642 737 1686 quantitas,
755 1639 892 1687 qualitas
906 1668 916 1682 ,
933 1638 1050 1673 relatio
1062 1667 1070 1681 ‚
1086 1640 1173 1674 affio
1193 1645 1227 1675 δε
1248 1638 1346 1688 pastio
1364 1640 1514 1686 praecipui
1532 1638 1600 1672 sunt
1615 1636 1681 1671 usus
1697 1640 1732 1672 in

346 1687 570 1736 Philosophia:
593 1688 720 1735 reliqum
733 1700 873 1732 quatuor
887 1717 896 1732 ,
912 1686 990 1730 ubi,
1004 1687 1158 1734 quando,
1177 1687 1247 1722 litus
1274 1692 1307 1724 &
1325 1686 1455 1721 habitus
1480 1714 1489 1729 ‚
1507 1687 1640 1722 minoris
1659 1685 1729 1721 sunt

342 1740 506 1772 ‘momenti
522 1751 529 1771 z
546 1738 627 1772 adeo
640 1748 675 1770 ut
690 1736 820 1772 difficile
839 1735 873 1771 sit
889 1749 998 1772 earum
1017 1735 1128 1770 seriem
1148 1748 1333 1771 contexere.

379 1786 480 1833 Quod
495 1784 514 1819 si
529 1788 689 1820 rationem
702 1787 788 1834 liujus
801 1787 926 1821 numeri
949 1783 1113 1819 molestius
1136 1785 1295 1832 inquiras,
1315 1784 1422 1818 fateor
1442 1782 1564 1817 nullam
1585 1781 1654 1816 satis
1676 1781 1730 1816 fir.

344 1847 431 1870 mam
449 1833 553 1869 afferri
567 1834 672 1882 posse:
690 1833 812 1870 tametsi
825 1845 934 1870 tenues
954 1832 1168 1882 &populares
1190 1847 1254 1868 non
1266 1832 1379 1867 desunt
1395 1834 1553 1873 rationes,
1572 1829 1731 1877 cujusmo-

343 1885 374 1917 di
390 1884 435 1917 est
454 1895 489 1917 ea
505 1884 700 1932 pervulgata.
720 1887 787 1920 Tot
806 1884 876 1918 sunt
895 1912 905 1926 ‚
922 1884 1091 1928 inquiunt,
1111 1894 1162 1915 cat
1183 1884 1280 1930 goriae
1293 1891 1396 1926 ‚quot
1413 1882 1508 1926 quaeri
1536 1877 1661 1925 polsunt
1686 1880 1728 1913 de

342 1932 517 1966 substantia
535 1932 642 1978 aliqua
656 1931 803 1979 {iugulari
817 1959 825 1972 ‚
838 1945 870 1966 v.
882 1944 912 1976 g.
923 1932 962 1963 de
973 1930 1122 1964 Platone.
1140 1933 1228 1965 Nam
1243 1930 1488 1977 praeclicamenta
1507 1939 1544 1961 ex
1564 1928 1675 1962 ordine
1687 1928 1729 1962 ad

342 1980 550 2015 substantiam
563 1979 751 2025 singularem
762 2009 770 2023 ‚
783 1983 866 2026 cujus
883 1978 955 2013 sunt
973 1977 1145 2024 praedicata
1156 2007 1165 2021 ,
1177 1979 1415 2023 depromuntur.
1431 1976 1492 2011 Sed
1504 1976 1618 2011 decem
1636 1989 1728 2024 quae-

341 2031 368 2064 ri
386 2027 512 2078 possunt
527 2030 566 2063 de
585 2029 731 2072 Platone,
749 2030 899 2062 nimirum
911 2025 986 2073 quid
998 2024 1034 2060 sit
1047 2042 1056 2068 -,
1067 2030 1150 2072 cujus
1161 2027 1257 2061 molis
1266 2038 1322 2061 aut
1335 2027 1523 2073 quantitatis
1539 2042 1547 2067 3
1561 2024 1662 2071 qualis
1677 2024 1726 2069 [ιτς

341 2083 429 2125 cujus
441 2077 498 2120 ὗες
516 2078 591 2125 quid
603 2089 688 2126 agat3
698 2077 778 2124 quid
791 2078 930 2125 patiatur
944 2091 953 2117 ·,
967 2073 1023 2108 ubi
1041 2072 1098 2116 sit·,
1114 2087 1179 2121 quo
1192 2086 1357 2123 tempore,
1375 2087 1442 2121 quo
1461 2072 1518 2108 sinu
1539 2077 1633 2120 3quis
1647 2074 1729 2109 illius

341 2127 472 2162 habitus
483 2138 536 2160 aut
548 2124 815 2175 ornatuS.Qbris
829 2123 979 2160 omnibus
989 2135 1045 2170 per
1059 2123 1198 2159 totidem
1208 2121 1602 2171 categorias‚substantiam
1613 2122 1730 2156 videli-

341 2187 393 2209 cet
408 2205 416 2218 ,
428 2177 646 2222 quantitatem
661 2204 671 2218 ‚
687 2180 747 2212 &e
763 2172 982 2222 respondetur.
1000 2175 1082 2220 Ergo
1093 2185 1242 2208 numerus
1265 2173 1320 2207 ille
1335 2173 1569 2220 categoriarum
1588 2172 1725 2206 omnino

341 2225 387 2256 est
409 2224 590 2258 retinendus
604 2254 613 2268 ,
626 2226 681 2272 qui
693 2223 900 2259 multitudine
913 2221 964 2257 sua
974 2222 1167 2256 memoriam
1180 2235 1246 2258 non
1261 2220 1391 2264 obruit,
1405 2226 1439 2257 &
1455 2220 1594 2254 vitandae
1614 2220 1727 2254 consu,

342 2270 423 2311 sioni
440 2271 564 2308 sufficit.

401 2322 462 2355 Sed
477 2351 486 2366 ‚
523 2323 648 2369 inquies
675 2350 685 2366 ,
713 2321 829 2359 decern
846 2319 1001 2372 ⁵suprema
1031 2331 1149 2369 genera
1170 2319 1321 2369 distingui
1350 2319 1432 2353 int—et
1457 2316 1487 2353 se
1509 2316 1631 2353 debent
1653 2330 1665 2354 ·:
1692 2326 1727 2352 at
