1857 2745
374 129 435 162 294
838 109 1293 146 PHILOSOPHIA

363 165 465 200 tentia
482 190 492 206 ‚
511 172 571 196 nec
590 161 716 196 ratione
736 162 869 203 mortis,
886 170 987 206 quam
999 156 1097 193 subiit
1109 187 1120 202 ‚
1140 172 1213 207 quae
1231 158 1361 195 &Patre
1375 167 1499 192 aeterno
1515 155 1696 209 praescripta
1706 160 1763 206 est,
1814 194 1815 198 ,

363 219 398 251 &
412 214 462 247 cui
476 223 543 246 non
560 221 673 257 parere
686 221 753 244 non
764 209 945 257 potuit3nec
955 209 1036 241 circa
1047 220 1207 258 praecepta
1217 208 1297 257 legis
1308 218 1472 251 naturae,ut
1483 208 1565 241 circa
1576 211 1682 247 Dei&
1691 221 1770 259 pro.-

363 263 443 296 ximi
456 270 601 294 amorem
619 272 627 293 z
646 270 720 293 cum
741 257 841 293 fuerit
862 255 1085 306 impeccabilis
1099 286 1108 299 ‚
1133 270 1239 306 neque
1264 259 1349 294 hanc
1367 255 1472 305 legem
1491 258 1571 291 citra
1598 270 1766 306 peccatum

365 308 488 345 violare
501 305 672 355 potuiffet:
690 319 768 360 ergo
789 306 920 342 libertas
940 308 1019 340 citra
1034 306 1287 344 indifferentiam
1311 303 1372 342 effe
1390 306 1494 354 potest
1507 334 1518 350 ‚
1545 308 1666 342 nedum
1682 307 1767 344 illius

366 369 479 395 natura
495 360 528 392 in
543 355 607 405 ipsa
624 355 844 392 indifferentia
869 354 1020 392 confistit.

401 408 487 455 RcfiJ.
502 406 708 443 Christum&
720 405 922 441 liberrimum
944 404 1232 442 &indifferentem
1246 403 1354 448 fussse,
1373 416 1442 440 tum
1462 408 1494 440 in
1514 416 1618 440 morte
1634 404 1771 443 subeun-

368 456 430 492 da:
452 461 552 502 (nam
563 455 671 504 utipse
686 457 743 499 ait,
761 455 944 504 potestatem
953 453 1048 489 habeo
1062 457 1200 504 ponendi
1209 458 1351 489 animam
1365 468 1488 498 meam3
1505 460 1538 491 &
1554 466 1590 489 ut
1607 455 1769 504 Propheta

370 505 468 554 longe
489 516 565 539 ante
580 505 768 553 praedixerat
783 534 792 548 ,
819 504 946 538 oblatus
957 503 998 549 est
1011 531 1019 542 ,
1038 506 1116 550 qnia
1133 505 1195 553 ipsb
1209 504 1315 537 voluit
1330 518 1339 538 ς
1357 506 1376 547 )
1404 516 1473 539 tum
1500 507 1535 539 in
1550 514 1680 538 natura}-
1695 517 1771 553 prae-

371 556 471 603 ceptis
489 554 703 602 adimplendis
723 569 731 590 ς
759 567 832 588 cum
846 553 893 589 his
911 552 1102 588 obediendo
1118 554 1278 588 meruerit.
1297 554 1384 588 Nam
1398 566 1468 600 quae
1483 552 1612 588 Christo
1630 552 1694 587 fuit
1712 554 1774 587 ad·

372 603 532 652 implendi
546 615 707 651 praecepta
719 601 884 639 necessitas
900 632 910 647 ‚
930 615 968 637 ea
982 602 1046 637 fuit
1060 601 1276 649 consequens,
1297 611 1366 649 quae
1386 601 1572 637 consensum
1592 601 1773 637 voluntatis

372 651 580 696 includebat,
599 666 665 688 non
675 652 871 687 antecedens
887 665 924 687 ea
936 652 1008 687 fuit.
1024 652 1160 686 Accedit
1175 651 1253 686 illud
1272 663 1404 699 quoque
1416 681 1425 695 ‚
1437 652 1525 699 quod
1549 652 1706 686 monendi
1719 664 1774 686 ac-
1822 686 1824 695 7

374 704 462 750 cepit
477 701 497 736 ἔ).
512 704 606 736 Patre
636 703 808 749 imperium
830 702 1092 737 conditionatum
1111 702 1142 735 id
1163 698 1250 736 fuilse
1266 729 1275 743 ‚
1296 712 1336 734 ex
1349 703 1572 749 acceptatione
1584 700 1700 735 Christi
1717 701 1774 735 de·
1822 703 1824 709 ’

375 751 519 799 Ρεηά,ι]ε
534 779 543 794 ‚
562 763 629 786 non
646 749 848 786 absolutum:
867 763 975 798 neque
991 762 1104 785 tamen
1120 751 1153 784 id
1169 751 1213 784 ita
1233 749 1295 784 fuit
1312 761 1349 784 ex
1365 751 1553 785 conditione
1573 747 1750 798 suspensum
1762 778 1774 793 ,
1826 760 1827 777 ³

374 811 411 835 ut
423 799 442 836 ὲ
455 799 625 834 voluntate
639 800 761 834 Christi
781 800 941 848 repudiari
958 802 1119 847 potuerit..

412 849 542 886 Deinde
558 848 647 895 quod
662 847 808 896 aliquem
823 849 932 884 reddit
948 847 1197 896 impeccabilem
1209 877 1219 891 ‚
1237 847 1268 881 id
1284 860 1350 883 non
1365 849 1520 882 continuo
1532 847 1637 884 obstat
1648 848 1778 894 quomi-
1830 881 1831 884 ,
1854 849 1855 853 ’

376 910 435 935 nus
448 899 562 932 mereri
580 896 675 946 possit
688 926 696 941 ,
712 903 745 934 ὅ(
759 896 862 932 libere
875 910 964 946 agat.
982 898 1123 932 Christus
1134 902 1270 945 Peccare
1285 908 1351 931 non
1369 899 1488 944 potuit,
1504 909 1564 931 nec
1579 907 1777 946 praeceptum

375 948 478 983 Patris
491 947 613 981 violare
628 961 635 983 z
656 947 718 981 Sed
733 945 896 981 liberrime
910 945 1052 995 idipsum
1065 945 1184 993 agebat
1195 974 1204 987 ,
1224 958 1290 979 non
1310 946 1460 979 instinctu
1481 946 1624 992 quodam
1640 956 1778 988 naturae,

377 1007 437 1030 aut
451 997 483 1030 vi
493 996 722 1031 delefitatiouis
740 994 938 1030 invincibilis
949 1023 959 1035 ,
979 1006 1016 1029 ut
1031 997 1064 1029 in
1074 993 1178 1029 beatis
1191 995 1308 1028 accidit
1320 1007 1337 1028 :2
1352 992 1403 1028 sed
1418 993 1581 1030 eleekione
1599 994 1713 1042 ipsa&
1727 1006 1779 1028 ra-

379 1047 481 1080 tione.
493 1045 683 1080 Deleelmtio
693 1044 797 1091 qualis
809 1045 853 1079 est
867 1046 900 1079 in
914 1043 1017 1078 beatis
1027 1072 1038 1087 ‚
1055 1055 1201 1077 amorem
1211 1042 1293 1076 illius
1310 1044 1356 1076 rei
1371 1055 1440 1089 quae
1451 1043 1704 1078 delectationem
1724 1043 1776 1077 ef-

382 1092 450 1129 ficit
467 1120 476 1134 ,
491 1092 679 1127 naturaliter
689 1103 857 1139 procreat,
876 1091 1045 1128 &nullum
1057 1119 1067 1134 ‚
1091 1102 1127 1125 ut
1141 1090 1250 1125 multis
1260 1090 1388 1125 videtur
1400 1119 1410 1134 ,
1434 1090 1576 1126 libertati
1599 1093 1707 1127 locum
1725 1104 1779 1127 re-

384 1141 513 1188 linquit.
530 1141 594 1175 Sed
609 1140 664 1176 lux
679 1138 743 1188 ipsa
754 1141 887 1175 rationis
898 1151 1019 1186 quanta
1031 1150 1151 1186 quanta
1161 1138 1219 1182 fit,
1237 1139 1414 1174 dummodo
1433 1138 1571 1176 seorsum
1587 1146 1621 1178 δε
1638 1140 1781 1190 separata

382 1189 403 1226 a
418 1189 639 1225 delectatione
652 1189 869 1237 praeveniente
879 1200 1026 1224 amorem
1038 1188 1198 1236 speCoetur
1210 1218 1220 1232 ‚
1239 1187 1385 1223 libertati
1400 1201 1468 1225 non
1487 1189 1588 1226 obest.
1615 1192 1702 1226 Cum
1720 1192 1781 1225 ita-

385 1251 450 1286 que
462 1238 610 1274 Christus
629 1241 790 1274 Dominus
812 1235 899 1273 sensu
919 1236 975 1272 illo
991 1237 1216 1273 delectationis
1234 1240 1455 1286 praeveniente
1468 1268 1479 1282 ‚
1511 1241 1635 1287 quique
1661 1241 1782 1276 rationi

387 1289 544 1322 duntaxat
555 1287 731 1322 debilitata:
746 1286 791 1320 est
804 1285 991 1322 neceffarius
1005 1315 1014 1330 ‚
1035 1300 1102 1322 non
1113 1298 1222 1336 egeret
1233 1304 1244 1331 -‚
1257 1290 1281 1320 is
1296 1286 1378 1321 adeo
1389 1285 1554 1324 liberrime
1570 1288 1782 1325 &elefflonis

385 1349 496 1372 amore
513 1348 711 1385 praeceptum
726 1336 887 1371 moriendi
907 1336 1110 1383 adimplevit.

422 1385 590 1420 Postremo
601 1384 655 1420 etsi
665 1388 805 1420 maxima
821 1397 894 1419 cum
908 1384 1129 1420 deledlmtione
1142 1385 1285 1420 Christus
1302 1397 1417 1421 naturae
1436 1398 1594 1435 praecepta
1611 1385 1784 1434 impleret,

388 1447 499 1470 tamen
509 1434 681 1470 deleetatio
702 1433 755 1468 illa
770 1436 914 1469 amorem
925 1436 989 1469 Dei
999 1446 1051 1468 aut
1061 1447 1126 1468 non
1139 1434 1368 1483 praeveniebat‚
1383 1446 1438 1469 aut
1449 1448 1517 1470 non
1525 1435 1682 1482 aequabat.
1695 1436 1784 1470 Cum
1836 1442 1837 1451 ¹

386 1486 475 1519 enim
493 1484 524 1517 id
548 1483 585 1518 fit
597 1513 606 1526 ‚
627 1486 681 1518 vix
698 1483 778 1517 ullus
795 1483 841 1516 est
859 1495 913 1517 aut
928 1485 1045 1517 merito
1061 1511 1070 1526 ‚
1092 1495 1148 1517 aut
1164 1482 1307 1517 libertati
1326 1483 1414 1518 locus
1435 1499 1444 1519 ς
1464 1494 1564 1531 atque
1589 1486 1615 1520 is
1629 1496 1720 1519 amor
1741 1483 1785 1518 est

388 1544 477 1567 mere
492 1531 646 1567 naturalis
659 1561 668 1575 ‚
683 1545 751 1567 non
764 1531 925 1567 rationali;
945 1560 955 1575 ‚
975 1545 1042 1567 non
1056 1531 1220 1568 electivus.
1242 1531 1427 1568 Deleetario
1438 1535 1538 1576 enim,
1548 1544 1583 1568 ut
1592 1532 1724 1582 pulchre
1737 1534 1786 1567 vir

389 1580 512 1617 doctus.
524 1581 577 1616 vel
588 1582 631 1616 est
650 1581 787 1630 legitimi
801 1583 917 1615 amoris
934 1582 1100 1630 praemium
1112 1611 1122 1625 ‚
1143 1593 1179 1616 ut
1191 1584 1222 1616 in
1238 1580 1342 1616 beatis
1358 1599 1367 1625 ·,
1382 1581 1436 1617 vel
1450 1581 1471 1616 si
1490 1594 1635 1617 amorem
1650 1586 1785 1617 antece-

389 1631 454 1673 dit,
473 1631 503 1664 id
526 1629 562 1664 fit
578 1660 587 1674 ,
611 1642 647 1665 ut
666 1629 932 1678 concupiscentias
952 1641 1059 1665 motus
1087 1629 1320 1666 indeliberatos
1349 1631 1486 1679 frangat.
1515 1631 1603 1666 Cum
1619 1633 1728 1678 itaque
1749 1633 1784 1666 in

390 1679 523 1714 Christo
536 1682 681 1714 Domino
694 1678 797 1714 nullus
809 1679 910 1715 fuerit
922 1678 1189 1726 concupiscentiae
1198 1677 1301 1714 sensus
1314 1709 1324 1724 ,
1359 1680 1455 1715 nullm
1479 1679 1638 1715 illecebrae
1653 1697 1662 1723 ·‚
1685 1678 1786 1714 sensus

391 1728 448 1763 ille
461 1727 638 1777 voluptatis
658 1730 884 1777 praevenientis
902 1740 958 1764 aut
980 1728 1082 1764 nullus
1101 1728 1185 1766 fuit,
1204 1739 1260 1762 aut
1276 1727 1373 1778 longe
1396 1731 1559 1764 minorem
1580 1728 1648 1778 ipso
1673 1734 1787 1763 amore

391 1776 482 1812 fuiss'e
493 1777 662 1813 fatendum
678 1778 739 1812 est.
757 1776 846 1825 Isque
860 1780 924 1827 jugi
937 1783 970 1815 &
991 1791 1054 1813 non
1072 1779 1260 1826 interrupto·
1275 1775 1429 1814 sacrificio
1444 1807 1454 1821 ‚
1489 1779 1579 1826 quod
1604 1782 1681 1814 Deo
1698 1779 1787 1814 Patri

392 1826 497 1862 libere
513 1825 635 1861 obtulit
650 1856 660 1871 ,
675 1832 708 1863 &
720 1825 805 1862 suam
818 1832 850 1863 &
865 1826 1007 1862 Ecclefiae
1021 1826 1159 1873 gloriam
1182 1830 1376 1875 promeruit..

429 1878 512 1910 Haec
524 1875 592 1910 fere
610 1875 681 1912 sunt
698 1888 770 1923 qua:
782 1878 815 1910 in
828 1874 962 1911 secunda
975 1873 1117 1911 editione
1134 1877 1224 1923 hujus
1243 1879 1350 1923 operis
1371 1879 1451 1909 circa
1468 1874 1654 1909 libertatem
1663 1874 1788 1910 Christi

394 1926 541 1962 diximus.
567 1927 649 1971 Qtae
663 1924 878 1961 eniminserta
892 1924 965 1959 sunt
981 1937 1019 1959 ex
1036 1924 1164 1973 vulgata
1178 1923 1448 1972 Philosophorum
1464 1923 1569 1958 schola
1581 1951 1591 1966 ,
1613 1923 1734 1958 Christi
1747 1924 1789 1959 li-

394 1973 484 2009 berta
490 1985 555 2010 tem
566 1980 599 2011 &
608 1973 863 2009 indifferentiam
875 1986 941 2009 non
956 1985 1021 2008 tam
1032 1974 1113 2007 circa
1131 1983 1248 2007 naturae
1263 1984 1422 2020 proecepra
1435 2000 1444 2015 ,
1458 1972 1559 2019 (Quam
1569 1974 1650 2006 circa
1660 1975 1786 2008 circun-

397 2023 527 2058 stantias
544 2052 552 2066 ‚
576 2028 610 2060 ὃς
624 2026 752 2058 motiva
766 2021 901 2057 extitisse
912 2050 921 2064 ‚
941 2022 973 2055 id
988 2026 1141 2070 majorem
1151 2020 1402 2069 explicationem
1412 2021 1571 2069 postulat:
1587 2020 1709 2056 tametfi
1722 2022 1788 2057 haec

396 2073 523 2119 qnaestio
542 2074 670 2119 proprie
687 2072 726 2106 ad
743 2069 933 2118 Theologos
949 2073 1089 2119 pertinet
1104 2100 1112 2113 ‚
1136 2075 1167 2106 &
1187 2072 1281 2105 inviti
1291 2071 1329 2104 ad
1342 2084 1413 2106 eam
1423 2071 1603 2105 accedimus
1627 2085 1635 2107 z
1651 2069 1700 2104 sed
1712 2083 1787 2106 cum

396 2123 428 2156 in
443 2121 569 2156 Scholis
582 2119 812 2168 Philosophicis
826 2122 980 2154 acerrime
999 2121 1112 2167 agitari
1127 2118 1225 2154 soleat
1237 2148 1246 2162 ‚
1262 2118 1479 2155 dabunthanc
1493 2122 1623 2154 veniam
1639 2119 1788 2155 Theolo-

396 2173 428 2219 gi
439 2169 459 2204 fi
470 2171 566 2218 paulo
578 2171 696 2206 diutius
714 2172 747 2204 in
762 2182 799 2203 ea
816 2168 1005 2217 explicanda
1023 2171 1244 2205 immoremur.
1264 2169 1351 2204 Cum
1366 2180 1476 2203 autem
1490 2169 1551 2203 hoc
1563 2181 1790 2215 argumentum

398 2232 466 2254 non
483 2219 611 2267 cop‘ose
628 2218 729 2254 modo
741 2249 749 2260 ,
762 2217 813 2253 sed
833 2218 957 2253 erudite
969 2219 1145 2253 admodum
1163 2221 1348 2254 tractaverit
1371 2221 1419 2251 vir
1449 2220 1536 2253 omni
1562 2219 1710 2254 doctrina
1730 2231 1789 2255 ex-

399 2267 518 2301 cellens
530 2269 710 2304 Ludovicus
720 2265 949 2304 Thomaffinus
970 2270 1004 2303 L.
1025 2271 1066 2301 V.
1081 2269 1122 2302 de
1140 2269 1361 2302 incarnatione
1373 2266 1475 2302 Vubi
1485 2297 1494 2311 ‚
1516 2280 1672 2316 perpauca
1683 2279 1723 2302 ex
1734 2280 1788 2314 eo,

400 2315 453 2350 sed
467 2329 536 2362 quse
561 2331 710 2366 magnam
727 2318 803 2353 huic
821 2314 1018 2353 difficillimae
1035 2317 1203 2365 quaestioni
1225 2317 1328 2351 luvet-n
1348 2316 1483 2352 affin-aut
1500 2347 1508 2361 ‚
1537 2318 1752 2357 decerpemuS.

437 2366 484 2399 Ac
498 2366 641 2414 primum
654 2368 788 2416 quidem
803 2366 924 2404 Christi
938 2369 1076 2405 Domini
1094 2366 1280 2404 libertatem
1295 2379 1408 2404 ornnes
1416 2366 1581 2416 Theologi
1602 2364 1788 2404 constantis·
