1857 2745
497 125 848 162 TRA'CTATUS
899 123 1161 161 TERTIUS.
1455 136 1508 176 ως

134 186 194 224 pus
207 178 336 210 terimus
362 178 395 210 in
412 176 448 208 iis
468 173 642 222 probandis
654 187 726 223 quae
743 172 893 209 omnibus
915 171 1171 222 sunt-notiffima.
1200 175 1318 223 Itaque
1347 175 1506 225 objeekio.

135 222 227 259 nibus
250 223 401 260 faciamus
415 223 511 259 satis„

562 355 564 357 ,
613 320 797 355 Dilmmtur
817 320 1025 365 objeffiones..

171 419 258 468 opp.
270 433 292 455 1.
301 417 380 453 nihil
393 415 453 453 effe
470 419 502 452 in
527 416 625 451 brutis
640 416 695 452 nisi
704 429 894 463 corporeum
907 423 940 454 &
952 418 1114 454 extensum
1130 431 1138 452 :
1151 416 1202 451 sed
1213 420 1357 466 cognitio
1366 431 1420 454 aut
1433 431 1508 468 per-

136 471 246 515 ceptio
263 480 329 503 non
340 467 387 501 est
402 478 555 514 corporea
567 494 576 509 ,
587 477 695 511 neque
715 465 846 500 affectio
857 495 865 508 ‚
883 478 938 501 aut
949 468 1060 502 modus
1074 469 1120 503 rei
1133 465 1267 501 extensae
1280 481 1287 502 ε
1302 466 1376 502 curn
1397 481 1432 502 ea
1446 482 1506 504 nec

139 516 350 552 dimensiones
369 514 488 549 habeat
503 543 513 557 ‚
531 526 588 549 nec
599 513 730 562 figuram
749 531 758 556 ς
782 527 888 561 neque
907 517 994 551 enim
1009 516 1178 564 perceptio
1190 527 1243 549 aut
1256 519 1410 563 cogitatio
1429 530 1508 564 qua-

139 565 230 600 drata
239 565 292 600 vel
307 565 464 605 rotunda,
478 565 523 598 uti
540 574 599 598 nec
613 563 709 611 longa
721 562 774 596 vel
786 563 850 597 lata
864 567 991 612 concipi
1005 565 1106 611 potest
1130 575 1138 596 :
1163 575 1240 611 ergo
1255 565 1287 598 in
1307 564 1404 599 brutis
1421 566 1508 601 nulla

140 614 360 660 est-perceptio
373 641 383 655 ‚
407 624 445 646 ac
460 624 502 646 ne
512 611 567 646 illa
578 611 710 658 quidem
722 623 794 658 quae
808 610 941 646 sensibus
955 612 1106 648 tribuitur
1124 626 1131 647 :
1154 624 1227 645 curn
1240 616 1404 661 perceptio
1430 614 1514 649 nihil·

139 660 260 696 habeat
277 674 347 696 cum
360 659 540 695 extensione
558 672 752 702 commune,
780 672 855 694 cum
866 661 1029 709 utriusque
1046 662 1127 696 ideae
1140 659 1199 694 sint
1211 663 1346 696 omnino
1369 662 1508 698 diversae.

141 711 250 756 Atque
269 711 333 745 haec
349 710 439 743 velut
448 709 674 743 demonstratio
688 722 753 743 non
764 708 907 743 Cartesio
921 721 1045 744 tantum
1062 740 1072 753 ‚
1095 709 1151 743 sed
1172 713 1205 744 δέ
1223 708 1381 757 plerisque
1394 711 1510 746 melio„

140 759 181 791 ris
197 771 280 793 notae
291 756 490 805 Ph'ilosophis
502 757 636 792 videtur.
646 759 721 792 Nec
736 768 844 791 tamen
855 756 992 792 difficilis
1004 759 1087 792 adeo
1107 758 1149 791 est
1159 756 1328 805 responsio,

147 837 150 841 ,
174 809 287 854 Itaque
299 808 376 853 rifi).
388 818 455 853 neg.
465 808 540 839 min.
549 807 636 840 Nam
649 807 768 851 quaeain
785 805 896 839 bestiis
908 805 945 840 fit
957 808 1122 854 perceptio
1137 835 1146 849 ‚
1172 806 1213 840 est
1230 818 1384 855 corporea
1405 813 1439 844 δε
1457 820 1512 843 ex-

139 854 224 889 tensa
237 869 245 891 :
259 866 330 888 cum
339 853 420 888 nihil
432 851 488 888 nist
499 865 690 901 corporeum
700 858 732 889 ὃ(
743 865 801 901 per
817 855 971 902 imagines
984 867 1154 903 corporeas
1172 857 1358 902 percipiant.
1372 858 1423 890 Sic
1436 871 1508 891 mo-

141 915 189 937 tus
209 906 257 937 rei
266 902 400 937 exrensae
412 904 464 937 seu
473 903 626 949 corporiS,
644 903 687 936 est
701 902 840 944 modus,
864 901 916 937 seu
930 900 1063 938 affectio
1075 916 1229 951 corporea
1241 932 1250 946 ‚
1275 917 1335 938 nec
1348 918 1452 940 motus
1468 907 1513 940 est

140 963 253 998 corpus
265 951 428 998 quoddam
455 964 463 985 :
482 962 588 996 neque
603 951 690 984 enim
705 953 847 997 corporis
862 950 1029 986 substantia
1041 952 1152 987 mott'is
1165 951 1338 987 accessione
1363 966 1508 1002 augetur:

141 1000 313 1034 esttamen
330 1000 407 1046 quid
423 1001 762 1046 corporeum..1taque
778 997 953 1034 substantia
976 1013 1130 1048 corporea
1143 999 1353 1035 dimensiones
1374 1002 1438 1036 suas
1455 1002 1512 1037 ba-

140 1046 200 1082 bet
216 1077 225 1090 ‚
253 1054 286 1085 &
304 1047 456 1095 figuram,
478 1060 546 1082 non
559 1049 639 1081 item
650 1048 760 1081 modus
778 1046 922 1095 cujusque
941 1047 1120 1083 substantiae
1146 1062 1320 1097 corpoteae-

181 1097 280 1144 Qod
291 1108 400 1130 autem
412 1095 453 1129 de
461 1094 564 1138 sensu,
581 1107 637 1130 aut
645 1095 688 1129 de
706 1098 916 1143 perceptione
931 1096 1067 1131 afferunt
1078 1126 1088 1140 ‚
1099 1124 1102 1128 .
1114 1098 1220 1132 ideam
1241 1100 1288 1131 rei
1305 1100 1517 1146 percipientis-¹

140 1144 222 1179 nihil
234 1143 353 1178 habere
364 1157 437 1178 cum
451 1145 497 1177 rei
513 1143 645 1178 extensae
660 1144 733 1178 idea
751 1156 922 1179 commune
943 1162 952 1187 ·,
979 1148 1220 1193 perceptionem
1244 1151 1277 1182 &
1291 1146 1515 1182 extensionem

141 1203 213 1227 toto
225 1205 342 1240 genere
357 1191 483 1227 differre
498 1205 505 1226 ε
521 1192 582 1226 hoc
596 1191 699 1239 ipsum
709 1193 748 1225 de
759 1203 851 1226 motu
863 1193 926 1226 dici
944 1193 1050 1241 potest
1063 1222 1072 1236 ‚
1093 1196 1147 1240 qui
1162 1205 1268 1228 tamen
1280 1196 1321 1228 est
1333 1195 1446 1230 modus
1458 1196 1511 1230 vel

141 1242 287 1276 accidens
301 1243 442 1288 corporis
459 1255 466 1276 :
485 1240 622 1274 fatemur
633 1242 719 1274 enirn
737 1242 1000 1288 perceptionem,
1021 1246 1070 1275 uti
1087 1247 1120 1278 δε
1135 1254 1281 1285 motum,
1306 1256 1373 1277 non
1391 1243 1450 1277 esse
1471 1245 1513 1279 de

142 1291 267 1323 tatione
278 1291 418 1336 corporis
430 1304 437 1324 :
450 1287 501 1323 sed
518 1289 592 1324 hinc
608 1302 674 1324 non
693 1287 832 1335 seqnitur
842 1316 853 1327 ,
877 1301 1048 1336 utrumque
1061 1291 1170 1324 eidem
1185 1289 1327 1337 subjecto
1338 1291 1433 1325 inesse
1443 1305 1512 1327 non

143 1337 236 1386 posse.
247 1341 335 1374 Nam
349 1339 421 1371 idea
431 1338 546 1371 medici
563 1336 684 1370 diversh
703 1337 749 1370 est
767 1336 808 1370 ab
820 1337 889 1370 idea
906 1337 1022 1372 musici:
1038 1337 1106 1371 hoc·
1115 1349 1223 1372 tamen
1236 1352 1304 1372 non
1318 1338 1422 1372 obstat
1435 1351 1514 1385 quo.-

143 1388 244 1421 minus
258 1386 344 1419 idem
359 1385 458 1419 homo
467 1383 553 1418 simul
565 1389 597 1420 δέ
612 1384 751 1418 medicus
765 1383 800 1418 sit
817 1389 850 1420 ὃ(
862 1383 993 1419 musicus
1008 1399 1015 1420 :
1032 1385 1153 1420 tametsi
1167 1385 1281 1421 musica
1299 1386 1425 1421 homini
1437 1400 1512 1434 qua-

145 1446 237 1469 tenus
250 1434 292 1467 est
303 1434 444 1467 medicus
458 1462 466 1475 ‚
482 1446 548 1467 non
565 1435 728 1468 convenit.
746 1435 825 1469 Non
843 1431 981 1469 di‘ssunili
996 1435 1120 1468 ratione
1139 1433 1279 1469 extensio
1298 1440 1333 1471 &
1344 1439 1513 1484 perceptio

144 1483 252 1517 eidem
270 1478 554 1516 fiibstantiae-ineffe
572 1479 699 1528 possunt
721 1495 730 1516 z
750 1493 936 1527 quanquam
951 1485 1117 1530 perceptio
1139 1483 1223 1518 forte
1247 1496 1314 1517 non
1328 1484 1377 1517 ‘est
1396 1486 1510 1519 modus

143 1529 484 1577 substantiaequatenus
495 1529 537 1562 est
549 1527 674 1563 extensa
686 1558 695 1572 ,
717 1540 816 1576 atque
829 1541 864 1563 ut
879 1529 1049 1577 loquuntur
1061 1559 1072 1572 ,
1090 1532 1318 1579 reduplicative
1334 1546 1341 1566 :
1364 1531 1414 1566 sed
1431 1533 1515 1568 nihil

143 1578 318 1628 prohibet,
333 1581 503 1625 quominus
516 1576 683 1612 substantia
704 1590 777 1625 quae
796 1578 838 1611 est
849 1578 982 1613 ‘extensa
993 1607 1001 1621 ,
1025 1591 1059 1613 ut
1075 1582 1167 1615 aiunt
1181 1609 1190 1623 ,
1207 1579 1418 1627 specificati-ve
1430 1610 1440 1624 ,
1458 1594 1511 1615 ea„

145 1629 220 1663 den-1
233 1633 266 1664 &
276 1627 391 1662 sentiat
408 1632 440 1663 ὃς
452 1628 604 1674 percipiat
618 1638 665 1660 res
685 1625 851 1674 singulares
865 1632 898 1663 &
910 1638 1090 1675 corporeas,

180 1677 242 1710 Sed
263 1675 439 1710 identidem
457 1675 488 1708 id
502 1673 706 1718 obtrudunt,
727 1674 889 1710 essentiam
904 1678 948 1710 rei
967 1678 1137 1725 cogitantis
1155 1678 1187 1710 in
1202 1675 1267 1723 ipsa
1293 1679 1489 1724 cogitatione
1503 1708 1512 1721 ‚

145 1736 201 1759 aut
214 1724 322 1760 saltem
336 1727 369 1758 in
384 1723 447 1758 sola
468 1723 629 1771 cogitandi
649 1723 799 1758 facultate
820 1723 880 1759 esse
899 1723 1052 1771 positam:
1069 1737 1103 1759 ut
1116 1724 1246 1759 essentia
1261 1728 1306 1758 rei
1324 1725 1457 1759 extensae
1480 1728 1512 1761 in

145 1776 179 1808 in
195 1772 378 1807 extensione
400 1771 498 1820 posita
513 1772 567 1806 est.
593 1772 678 1807 Cum
694 1773 850 1820 cogitatio
862 1772 926 1820 ipsa
940 1772 974 1808 sit
983 1776 1118 1821 primum
1137 1774 1222 1819 quod
1233 1775 1266 1807 in
1280 1786 1313 1807 re
1325 1776 1513 1820 concipitur,
1526 1803 1531 1807 ,

146 1827 182 1858 &
197 1822 280 1856 unde
295 1821 426 1867 reliquae
436 1832 566 1855 manant
583 1820 663 1855 illius
674 1825 705 1856 ἃ
717 1822 925 1867 proprietates
942 1827 979 1858 ὃς
991 1822 1174 1857 Ειιηᾶιοῃεε
1187 1838 1195 1864 3
1207 1834 1341 1868 cumque
1357 1821 1513 1856 extenfiffl

145 1872 192 1906 nis
207 1876 239 1906 δε
252 1871 456 1918 cogitationis
468 1869 534 1903 duce
543 1868 600 1903 sint
610 1869 760 1903 distinctae
771 1874 803 1904 δέ
817 1868 932 1903 totales
949 1870 1026 1904 ideae
1041 1899 1050 1913 ,
1071 1882 1205 1917 quarum
1216 1882 1278 1903 una
1295 1870 1375 1904 nihil
1394 1869 1529 1905 habeat-

145 1931 218 1953 cum
231 1917 332 1963 altera
341 1929 511 1953 commune
522 1946 531 1960 ,
542 1917 649 1964 palam
659 1918 705 1951 est
713 1916 824 1952 ambas
836 1916 895 1952 effe
904 1917 1105 1954 insociabiles
1115 1947 1127 1961 ,
1137 1930 1273 1957 necteni
1285 1918 1444 1953 extensam
1455 1924 1510 1952 co'.
1524 1942 1527 1944 -

149 1969 249 2014 gitare
274 1965 359 2014 posse
374 1994 382 2007 ‚
407 1977 461 2003 aut,
479 1964 619 2001 viciffi'm.
707 2011 711 2012 ⁷

185 2016 269 2062 Rqsp.
283 2016 381 2058 Quod
398 2020 462 2061 jam
473 2013 549 2048 alibi
563 2013 742 2062 responsum
760 2015 823 2050 fuit
838 2044 847 2058 ‚
869 2013 919 2049 sed
935 2015 965 2048 id
977 2020 1130 2064 majorem
1148 2014 1276 2055 fortasse
1290 2014 1391 2049 lucem
1402 2015 1512 2062 postu-

149 2060 196 2097 lat
212 2092 221 2106 ‚
243 2063 320 2097 duas
338 2062 397 2098 esse
409 2092 418 2105 ,
444 2068 476 2098 δε
490 2063 650 2097 distinctas
669 2065 755 2097 ideas
767 2065 813 2097 rei
827 2063 977 2107 extensae‚
1003 2070 1036 2100 &
1052 2067 1221 2113 cogitantis
1241 2079 1248 2100 :
1273 2062 1439 2098 discrimen
1456 2076 1512 2097 au-

151 2121 217 2145 tem
226 2124 322 2146 omne
338 2124 379 2146 ex
396 2110 463 2158 ipsis
474 2110 636 2145 attributis
650 2115 845 2159 cogitatione
854 2115 1004 2146 nimirum
1022 2119 1054 2149 &
1072 2113 1255 2148 extensione
1267 2140 1276 2154 ,
1301 2125 1367 2146 non
1386 2125 1427 2145 ex
1446 2111 1512 2159 ipsa

151 2158 320 2194 substantia
337 2162 455 2207 repetit
468 2172 499 2195 ir.
524 2160 575 2195 Est
593 2162 679 2194 enim
691 2159 865 2195 substantia
876 2173 914 2194 ex
929 2160 1072 2195 Cartefio
1086 2161 1151 2209 ipso
1171 2163 1202 2194 id
1226 2161 1312 2207 qnod
1334 2159 1447 2193 nullius
1466 2162 1525 2193 rei*

152 2218 265 2241 creatae
277 2208 394 2242 auxilio
404 2209 524 2256 indiget
541 2220 576 2242 ut
586 2209 711 2242 existat:
726 2208 854 2242 diversae
869 2207 935 2242 sunt
953 2210 1029 2243 ideae
1039 2212 1243 2257 cogitationis
1262 2214 1293 2244 ἃ
1303 2207 1488 2242 extensionis
1500 2228 1512 2250 5
1526 2240 1527 2243 ,

153 2266 190 2289 ut
201 2254 358 2291 Musici&
369 2257 488 2290 Medici
502 2285 511 2299 ,
534 2269 570 2291 ac
579 2255 743 2290 discrimen
754 2268 850 2291 omne
861 2270 925 2291 non
935 2269 972 2290 ex
983 2257 1114 2292 homine
1132 2257 1198 2304 ipso
1208 2287 1217 2300 ‚
1234 2256 1283 2290 sed
1299 2269 1336 2290 ex
1353 2255 1528 2290 attributis>-

153 2302 280 2338 Muficae
294 2308 326 2338 δε
337 2304 505 2337 Medicinae
516 2306 558 2339 est
572 2305 794 2352 repetendum.
813 2306 912 2340 Unde
922 2306 1012 2340 idem
1021 2305 1120 2340 homo
1135 2312 1166 2342 δε
1178 2304 1316 2340 Mulicus
1327 2310 1358 2340 &
1368 2305 1528 2340 Medicus

154 2350 213 2387 effe
224 2352 334 2399 potest·
354 2350 437 2386 Falsa
453 2354 558 2400 itaque
573 2354 616 2390 est
634 2351 791 2389 conclusio
805 2366 901 2402 quam
915 2365 1030 2392 eruunt
1038 2383 1049 2399 ,
1076 2353 1161 2401 quod
1185 2367 1222 2389 ex
1236 2353 1412 2387 discrimine
1424 2355 1514 2387 attii.-

1215 2405 1289 2437 liii
1326 2404 1358 2448 ij
