1857 2745
389 142 446 185 308
850 134 1266 176 PHILOSOPHIR‘

423 189 506 237 Opp.
525 200 547 224 1.
562 190 595 222 Si
611 187 740 223 habitus
752 185 834 222 nihil
855 186 926 222 sunt
943 200 1057 237 praeter
1078 191 1155 223 trita
1172 190 1206 224 in
1223 186 1358 223 cerebro
1372 186 1509 236 vestigia
1523 214 1534 230 ,
1553 197 1611 221 aut
1629 186 1799 235 spirituum

389 239 426 272 in
439 247 542 272 certas
580 248 661 271 artes
673 248 712 271 ex
730 235 785 271 usu
799 242 833 274 &
845 233 1045 272 aisuetudine
1059 248 1257 272 commeatus
1268 265 1278 280 ,
1299 236 1382 273 nulli
1400 246 1492 271 erunt
1511 233 1640 273 habitus
1665 237 1798 273 intelle-

392 284 532 321 &nalem
563 285 603 319 ed
625 298 738 320 omnes
753 286 791 319 ad
805 297 919 333 corpus
932 284 1031 335 ipsum
1045 285 1246 323 referentur:
1262 285 1302 321 fic
1317 285 1405 322 nulla
1416 284 1616 319 eritscientia
1630 314 1640 329 ‚
1653 297 1708 321 aut
1720 299 1793 334 pru.

389 334 501 368 dentia
513 362 523 377 ,
546 333 636 369 nulla
659 336 758 369 virtus
769 336 802 369 in
817 337 948 371 anima:
967 347 1038 383 quae
1055 338 1192 371 omnino
1204 336 1354 371 videntur
1372 333 1519 369 absurda.

425 383 516 431 Resp.
530 384 570 417 N
574 396 618 432 eg.
638 394 704 418 ant.
721 383 864 418 Habitus
876 383 1209 420 enimintellectuales
1232 387 1253 418 ii
1269 385 1418 419 dicuntur
1429 413 1439 427 ‚
1456 381 1571 431 quibus
1584 385 1799 428 mensutitur,

390 433 513 480 quique
533 436 597 480 ejus
620 431 797 467 subduntur
812 434 953 481 imperio
965 463 975 477 ,
1005 433 1118 480 quales
1136 435 1169 468 in
1187 433 1320 469 homine
1334 462 1344 477 ,
1366 446 1431 469 non
1457 435 1536 466 item
1554 434 1588 466 in
1608 431 1714 466 brutis
1733 431 1814 468 effe-‘-

390 480 603 515 ostendimus.
620 483 668 516 Ac
682 494 835 530 praeterea
859 493 965 517 motus
983 481 1031 516 illi
1045 481 1211 530 spirituum
1224 495 1324 517 certas
1346 483 1575 530 perceptiones
1594 479 1718 516 habent
1737 482 1814 516 ad-.
1847 511 1849 513 ,

387 531 513 577 junctas
530 544 539 566 τ
561 530 645 565 adeo
658 543 695 566 ut
711 543 754 566 ex
771 530 884 565 habitu
893 543 989 567 mens*
998 530 1127 566 facilius
1146 537 1179 568 &
1197 530 1379 568 distinctius
1396 532 1562 579 percipiat.
1581 532 1702 566 Utrum
1717 529 1805 566 vero:
1846 540 1848 576 j

389 581 426 614 in
438 580 549 613 anima
562 577 628 627 ipsa
643 578 761 628 species
772 581 920 627 quaedam
932 609 943 624 ‚
962 579 1249 629 autimpreffiones
1263 594 1303 616 ex
1319 577 1584 630 perceptionibus
1599 591 1804 623 remaneant„
1845 594 1848 600 ’

392 639 466 663 non
483 627 526 662 est
536 627 629 677 hujus
642 627 705 663 loci
722 628 908 678 diligentius
926 630 1088 677 inquirere
1105 644 1113 666 :
1132 628 1184 665 sed
1200 642 1278 665 curn-
1289 643 1332 665 eae
1349 631 1403 664 vix
1422 627 1562 676 intelligi
1575 627 1814 712 vel'explicari.

413 674 509 711 offint
528 693 537 720 3
559 689 668 724 neque
683 677 989 726 ulloexperimento
1002 707 1011 722 ‚
1026 678 1080 715 vel
1091 681 1218 714 ratione
1235 679 1450 714 demonstrari·
1461 706 1471 721 ,
1495 679 1664 724 expunctis
1692 679 1796 726 pecie-

388 688 448 761 Eas
466 727 499 761 in
513 725 669 770 cerebro,
692 739 747 762 aut
763 730 795 762 in
814 740 905 776 parte
920 727 1215 776 sentiente‚species
1230 727 1382 775 quasdam
1393 729 1426 762 in
1439 738 1549 762 mente
1563 725 1625 761 else
1645 725 1803 775 supersti-.

390 784 437 808 tes
460 789 468 810 ε
496 775 529 809 id
546 775 675 810 videtur
692 778 808 811 rationi
824 779 928 825 magis
942 777 1212 819 consentaneum,
1232 775 1402 812 habituum
1429 788 1578 811 naturam
1606 788 1644 810 ex
1669 778 1707 811 iis
1721 788 1804 823 quae*

387 825 536 858 novimus
548 852 557 867 ‚
578 824 679 871 quam
693 837 732 860 ex
751 824 868 860 abditis
882 854 892 869 ‚
921 838 982 862 nec
1004 825 1075 861 satis
1091 824 1266 875 perspeetis
1283 823 1449 872 speciebus
1463 853 1472 868 ‚
1487 823 1541 859 vel
1558 824 1724 873 impressis,
1741 825 1796 860 vel

388 870 539 919 expresfis
553 885 712 922 repetere.
729 873 872 909 Tametsi
883 888 950 910 non
962 887 1116 924 negamus
1131 876 1211 922 quin
1226 873 1345 921 poffint
1359 876 1390 908 in
1405 884 1518 908 mente
1530 873 1636 908 nostra
1648 875 1803 921 quaedam.

389 919 584 957 affectiones
597 952 606 966 ,
629 934 683 957 aut
694 922 813 970 species
823 935 1010 960 remanere:
1027 923 1080 958 sed
1095 922 1178 957 fieas
1194 921 1408 957 adhibeamus
1427 921 1545 969 species
1562 949 1573 964 ‚
1596 933 1634 957 ut
1644 935 1794 960 naturam

390 968 560 1006 habituum
571 971 792 1019 explicemu5‚
805 972 1020 1007 metuendum
1033 970 1130 1007 nobis
1142 971 1185 1005 est
1202 982 1245 1005 ne
1263 982 1331 1006 rem
1353 969 1425 1006 satis
1441 969 1646 1019 perspicuam
1666 984 1724 1020 per
1743 975 1802 1009 in-

389 1030 479 1053 certa
494 1021 644 1066 quaedam
658 1026 692 1057 ὃ(
704 1018 838 1055 obscura
851 1032 1012 1056 tentemus
1031 1019 1216 1069 explanare.

422 1070 562 1115 Vrgent.
578 1071 707 1116 Species
719 1069 782 1104 illae
794 1080 850 1104 aut
862 1071 897 1104 in
909 1067 1045 1104 cerebro
1058 1097 1067 1111 ,
1083 1070 1183 1102 autin
1205 1078 1318 1102 mente
1328 1067 1395 1115 ipsa
1408 1067 1561 1115 impreffae
1586 1067 1715 1104 habitus
1731 1070 1794 1107 esse

388 1127 455 1150 non
465 1114 610 1161 possunt,
635 1129 706 1151 cum
716 1116 845 1151 habitus
860 1129 900 1151 ex
912 1118 1060 1166 repetitis
1087 1115 1214 1151 actibus
1231 1127 1428 1164 generentur
1446 1131 1454 1152 ε
1475 1116 1530 1152 illa
1548 1116 1627 1153 vero
1643 1118 1804 1167 impressa.

387 1163 524 1199 cerebro
542 1165 670 1214 vestigia
689 1167 908 1214 cogitationes
919 1166 1037 1200 nostras
1054 1176 1276 1200 antevertunt.
1303 1165 1437 1200 Deinde
1462 1165 1592 1201 habitus
1612 1167 1651 1200 ad
1668 1180 1792 1216 poten..

390 1215 469 1248 tiam
480 1216 643 1262 pertinet,
662 1227 760 1263 quam
770 1218 884 1263 juvat,
905 1219 940 1252 &
957 1215 997 1249 ad
1008 1214 1170 1264 agendum
1192 1214 1388 1249 determinat
1408 1233 1417 1259 3
1437 1214 1556 1263 species
1576 1214 1730 1252 veroillae
1748 1217 1801 1253 ab·

390 1261 527 1312 objectis
538 1263 716 1311 profluunt,
744 1269 778 1301 δι
793 1263 833 1299 ad
851 1276 887 1298 ea
906 1266 1086 1313 pertinent.
1104 1262 1206 1301 Unde
1220 1262 1340 1312 species
1358 1263 1506 1312 express'ae
1520 1277 1597 1312 quas
1616 1267 1801 1314 cogitando»

390 1314 599 1361 exprimimus
610 1343 619 1358 ‚
634 1327 772 1362 quaeque
789 1315 823 1350 in
832 1314 999 1350 intellectu
1011 1314 1084 1350 sunt
1097 1313 1274 1364 superstites
1286 1342 1297 1357 ‚
1316 1315 1416 1362 magis
1427 1312 1556 1350 habitus
1567 1315 1629 1348 dici
1642 1314 1768 1353 debent
1779 1345 1792 1362 ‚

391 1361 644 1409 quium-obscura
659 1363 796 1398 cerebro
809 1364 911 1399 inusta
931 1365 1067 1414 vestigia
1085 1393 1095 1408 ‚
1120 1375 1176 1399 aut
1187 1362 1306 1412 species
1321 1366 1424 1398 menti
1438 1362 1552 1400 infixae.

418 1411 504 1457 R'esp.
524 1413 605 1448 Non
624 1411 688 1447 sola
706 1413 836 1462 vestigia
849 1413 1108 1462 cerebri‚sedjea
1119 1415 1196 1448 trita
1212 1418 1246 1449 &
1257 1425 1295 1448 ex
1304 1415 1451 1460 repetitis
1469 1412 1595 1449 :ustibus
1610 1413 1792 1460 inculcata‚.

386 1458 514 1495 habitus
531 1464 640 1495 vocari
656 1475 663 1495 :
684 1474 757 1496 cum
772 1461 973 1497 intellectum
986 1463 1027 1497 ad
1040 1462 1252 1510 cogitandum
1263 1464 1423 1505 excitent,
1446 1467 1480 1498 δε
1494 1461 1624 1509 objefiia
1638 1462 1703 1509 ipsa
1713 1476 1800 1500 cum·v

386 1507 545 1543 facultate
562 1514 760 1558 conjungant
775 1539 785 1553 ‚
814 1515 848 1546 &
865 1509 975 1546 fistant.
995 1510 1143 1546 Habitus
1160 1511 1296 1544 nomine
1309 1509 1519 1558 intelligimus
1539 1511 1618 1559 quid
1637 1510 1737 1547 fixum
1754 1517 1797 1550 δι’

387 1557 553 1600 constans,
573 1555 698 1592 firmam
709 1559 859 1593 nimirum
882 1558 1076 1594 facilitatem
1092 1589 1101 1603 ,
1122 1571 1191 1606 quae
1206 1560 1261 1593 vix
1274 1558 1355 1594 alibi
1381 1561 1518 1594 inveniri
1537 1561 1643 1608 potest
1656 1590 1666 1605 ‚
1688 1561 1799 1608 quarm

386 1608 420 1639 in
433 1605 502 1653 ipso
513 1608 560 1640 vis
571 1608 802 1656 imaginatricis
813 1620 946 1656 organo.
959 1610 1083 1656 Siquid
1102 1620 1213 1643 autem
1232 1610 1335 1643 menti
1356 1606 1412 1657 ips:
1431 1611 1642 1658 imprimitur,
1662 1611 1694 1645 id
1704 1610 1801 1648 forte·

384 1666 453 1689 non
464 1655 507 1690 est
521 1657 630 1702 imago
644 1658 692 1690 rei
701 1669 878 1706 corporeae:
893 1656 946 1692 sed
959 1670 1009 1693 res
1023 1657 1088 1706 ipsa
1099 1657 1259 1707 spiritali8‚
1270 1669 1306 1692 ut
1319 1669 1524 1694 numerorum
1535 1657 1797 1696 dimensionum--

382 1715 448 1750 que
459 1707 598 1740 rationes
612 1733 622 1747 ‚
639 1705 772 1755 &leges
787 1705 1039 1742 innumerabiles
1053 1736 1063 1750 ‚
1086 1719 1238 1754 quarum,
1252 1707 1360 1754 inquit
1370 1707 1495 1755 August.
1510 1708 1634 1743 nullam
1643 1712 1791 1757 corporis·

374 1754 481 1798 senfin
496 1753 646 1803 impreffit
664 1784 674 1799 ‚
695 1759 773 1796 quia
796 1768 851 1789 nec
869 1756 934 1804 ilfi!
950 1757 1089 1791 colormae
1101 1757 1182 1802 fimt
1195 1783 1204 1794 ‚
1234 1767 1290 1790 aut
1298 1758 1434 1803 sonant,
1454 1767 1517 1791 aur
1532 1757 1634 1796 olent,
1655 1768 1716 1792 aut
1725 1770 1806 1807 gns

378 1801 463 1845 stata
476 1830 485 1841 ,
502 1814 563 1837 aut
577 1805 871 1851 contrel‘basaefiam.
888 1805 965 1839 Nec
979 1807 1137 1854 imagines«
1153 1817 1260 1839 earum
1288 1805 1574 1840 rerumvreconditae
1582 1808 1657 1851 fiant
1670 1809 1704 1841 in
1722 1820 1785 1842 me·
1803 1822 1806 1824 ·

381 1853 501 1890 mor7ae‚
511 1852 572 1897 sed
589 1865 636 1886 res
654 1855 718 1901 ipsse
733 1882 743 1897 ‚
762 1867 832 1888 cum
849 1866 901 1887 cas
925 1866 979 1889 nos
996 1854 1183 1900 intellexisse
1199 1855 1408 1890 meminimus.
1425 1856 1516 1891 Nam
1530 1856 1597 1901 ipsit
1612 1857 1796 1903 cogitatio„

382 1910 418 1934 ut
432 1900 519 1936 idern
531 1900 672 1949 explicat
686 1901 746 1938 lib.
759 1917 799 1940 12.
814 1903 855 1938 de
868 1904 960 1938 Trin.
974 1902 1125 1948 transiens
1133 1912 1192 1950 per
1206 1902 1389 1948 difiiplinas
1402 1931 1412 1946 ,
1430 1900 1543 1948 quibus
1555 1902 1786 1938 erudituram‘.

381 1961 471 1987 mus,
487 1952 634 1984 memoriae
649 1952 889 1987 commendatur
901 1979 909 1991 ‚
930 1962 967 1986 ut
975 1952 1021 1997 stt
1030 1951 1090 1997 quo
1104 1951 1209 1984 redire
1214 1949 1307 1997 poffit
1320 1977 1331 1989 ,
1355 1962 1419 1996 quae
1444 1952 1569 1999 cogitur
1594 1952 1668 1986 inde
1681 1954 1791 2000 tranfi

381 2000 427 2031 ire
449 2013 460 2030 .·
476 2001 626 2044 quamvis
634 2000 665 2044 fi
677 2000 722 2034 ad
736 2001 918 2034 memoriam
931 2001 1080 2048 cogitatio
1090 2012 1151 2033 non
1161 1998 1281 2033 rediret
1291 2027 1299 2037 ‚
1320 2010 1420 2045 atque
1434 1998 1523 2045 quod
1538 2001 1789 2037 commendam.

381 2058 453 2085 rat,
483 2060 542 2082 non
561 2049 745 2092 inveniret,
767 2050 821 2092 id,
843 2050 966 2095 inquit,
989 2050 1170 2086 inveniret,
1196 2045 1253 2082 ubi
1274 2049 1412 2097 primum
1435 2051 1604 2083 invenerat
1625 2064 1637 2084 .·
1662 2052 1696 2085 in
1719 2052 1791 2087 illa:

368 2097 493 2139 scilicet
505 2099 687 2142 incorporea
696 2099 819 2130 veritat
827 2110 849 2135 2,
873 2098 956 2130 unde
970 2098 1074 2142 rmfits
1088 2096 1178 2143 quast
1197 2097 1384 2145 dqsbriptum
1399 2099 1432 2131 in
1451 2100 1601 2132 memoria
1612 2097 1789 2148 figeretur,
1836 2099 1837 2102 '

379 2144 427 2178 Ac
441 2144 571 2179 videtur
589 2144 643 2179 ille
660 2145 826 2192 quandam
845 2147 880 2180 in
897 2157 1009 2180 mente
1023 2147 1215 2181 memoriam
1241 2158 1348 2180 rerum
1376 2144 1633 2193 intelligibilium
1645 2176 1656 2190 ,
1676 2160 1714 2184 ut
1731 2148 1784 2184 af-

378 2191 561 2228 fectionum
572 2194 753 2229 nostrarum
764 2199 797 2231 &
811 2196 1048 2243 cogitationum
1060 2207 1234 2244 reponere:
1249 2194 1302 2230 ubi
1315 2208 1384 2230 non
1398 2206 1466 2229 tam
1482 2207 1588 2231 terum
1601 2199 1758 2246 imagines
1767 2226 1783 2243 ,

380 2242 480 2286 quiim
491 2255 540 2276 res
557 2242 630 2290 ipsae
652 2245 879 2280 reconduntur.
908 2242 1035 2279 Verum
1049 2244 1111 2279 hoc
1130 2243 1205 2279 loco
1222 2244 1351 2280 habitus
1371 2256 1409 2279 ex
1424 2256 1528 2279 rerum
1551 2257 1779 2294 corporearum

379 2293 570 2336 cognitione
585 2291 754 2339 acquisitos
776 2294 1017 2341 persequimur,
1041 2292 1161 2342 eosque
1186 2296 1218 2328 in
1249 2292 1421 2328 substantia
1438 2293 1560 2328 cerebri
1575 2293 1781 2342 potiffimfim

379 2339 489 2384 vigere
504 2343 731 2377 contendimus
743 2372 753 2386 ,
778 2348 811 2380 δι
835 2355 908 2377 cum
924 2345 1084 2378 memoria
1099 2355 1183 2390 pene
1197 2342 1439 2378 confundimus.
1461 2343 1561 2379 Unde
1580 2343 1662 2379 nihil
1683 2356 1778 2392 aeque

377 2386 432 2420 vel
450 2399 583 2436 augetur
602 2393 675 2427 cui-a
692 2420 703 2436 ,
730 2391 785 2431 vel
811 2391 1016 2442 negligentia
1036 2392 1214 2433 intercidit.
1235 2394 1402 2429 Memoria
1426 2404 1538 2432 autem
1556 2393 1599 2430 de
1616 2406 1681 2444 qua
1693 2405 1778 2437 nunc

1854 432 1857 476 l
