1857 2745
361 118 407 151 218
803 111 1297 150 PHILOSOPI-HA

358 177 464 213 neque
481 164 563 197 hunc
578 162 678 198 finem
697 160 922 209 consequimur
939 160 995 196 nili
1009 159 1099 196 fimus
1119 161 1204 196 bene
1229 161 1357 197 morati.

403 216 486 260 Opp.
505 227 530 248 2.
548 211 728 261 Objechim
742 209 914 259 disciplinae
927 211 1075 258 prafficae
1088 211 1130 245 est
1143 223 1224 259 opus
1237 209 1337 259 ipsum
1351 239 1360 254 ,
1377 222 1444 246 non
1456 213 1604 258 operatio
1619 225 1627 248 :
1650 223 1684 249 ut
1694 211 1758 248 ob-

358 266 481 314 jcCtum
497 261 720 296 architectum:
738 260 785 294 est
804 259 994 304 aedificium‚
1014 273 1080 295 non
1099 260 1272 296 aedificatio
1291 273 1298 296 ε
1331 260 1381 296 sed
1404 260 1541 296 Moralis
1559 260 1689 297 scientia
1708 262 1757 298 est

359 313 521 362 praefica,
536 323 571 346 ut
582 311 695 360 postea
713 311 857 345 dicemus
874 324 881 346 z
901 322 980 359 ergo
993 309 1163 359 objedhim
1172 309 1257 345 illius
1273 323 1341 347 non
1358 309 1429 346 sunt
1440 311 1586 346 actiones
1604 310 1758 357 honestae,

358 363 410 398 sed
423 359 489 410 ipsa
504 373 617 410 opera,
638 362 670 395 in
684 359 804 407 quibus
823 360 971 395 honestas
982 359 1139 395 elucescit.

393 413 431 447 R.
450 409 520 455 dist.
533 414 609 455 maj.
633 409 814 458 Objeffiim
844 408 920 443 disci
946 407 1016 444 linae
1038 412 1187 458 prasticae
1205 422 1278 458 quae
1291 412 1373 445 circa
1383 422 1463 459 opus
1487 410 1633 447 senfibile
1652 410 1759 446 verei-

362 475 411 498 tur
425 492 435 506 ‚
453 460 567 508 quales
582 459 654 495 sunt
665 461 881 495 archudium
895 488 905 503 ‚
921 422 944 494 ἓ

361 524 428 549 non
444 512 604 554 operatio,
626 509 667 545 C.
681 512 714 546 in
732 509 905 558 disciplinis
922 521 994 557 quae
1012 511 1094 544 circa
1106 522 1154 544 res
1170 509 1327 545 sensibiles
1339 522 1406 545 non
1422 522 1637 559 occupantur,
1659 510 1761 560 cujus..

942 458 1060 502 ibrilis,
1076 465 1110 497 &
1124 472 1206 495 artes
1225 471 1308 508 pene
1326 472 1440 494 omnes
1455 488 1465 503 ,
1481 461 1527 495 est
1544 474 1623 510 opus
1642 459 1759 509 ipsum,
1808 463 1822 495 .’
1836 474 1837 479 ’

360 562 453 597 modi
471 559 539 595 sunt
552 561 673 609 Logica
696 565 728 596 &
745 558 881 594 Motalis
895 588 905 603 ‚
922 558 1090 608 objeEtum
1108 560 1155 593 est
1173 572 1254 608 opus
1269 558 1393 608 ipsum,
1412 571 1478 594 non
1511 562 1659 608 operatio
1674 589 1685 603 ,
1711 562 1760 597 N.

361 614 425 647 Hae
439 613 561 659 quippe
573 609 711 645 scientiae
721 611 804 643 circa
819 609 964 644 actiones
977 610 1078 645 animi
1097 606 1249 658 spiritales
1262 638 1272 652 ,
1287 614 1320 645 &
1334 620 1391 657 per
1406 606 1436 642 se
1459 610 1660 658 expetendas
1677 621 1754 644 ver-

360 662 477 698 santur.
497 658 624 696 Contrit
639 657 728 694 resse
741 657 844 693 habet
853 660 886 694 in
899 658 1058 707 plerisque
1070 658 1193 694 artibus
1205 687 1213 703 ‚
1225 671 1298 706 quae
1319 659 1351 692 in
1369 669 1450 706 opus
1460 658 1592 707 aliquod
1604 659 1755 695 tendunt:

359 714 394 747 in
408 712 456 747 his
470 711 555 745 enirn
569 709 648 758 quid
673 707 729 743 fiat
744 738 754 752 ‚
775 721 842 743 non
858 721 924 756 quo
942 711 1052 745 animo
1067 709 1099 743 id
1114 707 1170 743 fiat
1184 738 1193 751 ,
1208 707 1404 742 attendimus
1421 721 1430 742 ε
1446 705 1499 743 sed
1518 711 1551 744 in
1579 708 1760 753 moralibus

361 763 466 810 magis
484 759 644 808 specstatur
656 771 721 807 quo
731 756 866 807 quisque
878 760 989 794 animo
1003 787 1014 804 ‚
1031 770 1139 806 quave
1155 759 1339 793 intentione
1358 767 1433 805 agat
1444 785 1454 800 ,
1473 758 1573 806 quum
1587 759 1667 807 quid
1690 756 1762 795 effi.

361 822 436 846 ciat.

402 861 486 909 Opp.
503 866 532 906 3⁰
546 856 683 893 Moralis
699 856 764 905 ipsa
780 857 967 908 Theologia
982 861 1017 895 in
1031 858 1179 894 humanis
1196 856 1322 893 afflbus
1338 868 1375 892 ut
1394 855 1436 891 ad
1455 856 1656 892 honestatem
1680 856 1763 893 diri-

361 910 473 958 gendis
491 906 631 943 versatur
648 924 656 950 ;
674 919 780 942 mores
799 907 939 951 format,
957 908 1090 942 morbos
1109 909 1209 942 animi
1233 908 1375 955 detegit,
1395 911 1430 942 &
1450 904 1578 940 sanandi
1598 909 1762 943 tationem

361 957 557 1008 praescribit:
578 970 656 1006 ergo
667 959 755 992 aetus
769 957 900 991 humani
910 968 945 991 ut
965 958 1006 991 ad
1023 956 1224 992 honestatem
1237 956 1399 1005 dirigendi
1421 966 1489 990 non
1504 953 1575 989 sunt
1595 958 1762 1004 proprium

362 1008 579 1055 Philosophiae
604 1006 742 1042 Moralis
767 1005 959 1053 objedlum:
983 1004 1159 1054 praesertim
1193 1017 1265 1040 cum
1297 1004 1501 1039 instituendae
1521 1005 1595 1039 vitae
1619 1007 1702 1040 ratio
1725 1010 1762 1043 <Sc

363 1070 490 1092 morum
509 1067 668 1104 praecepta
686 1056 703 1090 ὲ
721 1057 822 1088 Sacris
834 1057 950 1089 Literis
966 1083 976 1097 ‚
992 1060 1024 1091 &
1037 1057 1093 1090 SS.
1113 1056 1247 1088 Patrum
1262 1053 1387 1088 coelesti
1399 1054 1546 1088 doolrina
1561 1056 1659 1089 tutius
1668 1067 1764 1103 repe-

359 1118 486 1148 tantur,
500 1117 600 1152 quam
609 1103 649 1137 ab
661 1103 803 1138 Ethnicis
820 1103 1020 1150 Philosophis
1032 1132 1040 1147 ‚
1053 1104 1110 1151 qui
1129 1114 1237 1149 neque
1251 1102 1374 1138 inflic'ta
1389 1114 1508 1137 naturae
1523 1101 1673 1137 humanae
1694 1103 1764 1140 vul-

366 1168 454 1198 nera,
469 1166 528 1190 nec
552 1152 715 1188 malorum
736 1152 940 1200 originem&
952 1151 1219 1200 fontem,neque
1238 1163 1349 1187 eorum
1370 1153 1571 1187 curationem
1594 1165 1764 1202 cognove-

366 1216 450 1240 runt.

403 1254 445 1289 R.
465 1251 534 1298 dist.
549 1254 625 1297 maj.
639 1251 826 1301 Theologia
840 1251 971 1286 moi-alis
986 1253 1071 1285 circa
1081 1253 1168 1286 aolus
1188 1250 1346 1285 humanos
1362 1250 1401 1284 ad
1429 1249 1636 1286 honestatem
1653 1251 1764 1300 stiper-

366 1302 548 1340 natumlem
560 1302 748 1337 formandos
759 1314 798 1336 ex
811 1303 977 1350 principiis
991 1300 1233 1336 divinolumine
1253 1299 1403 1334 revelatis
1427 1313 1610 1349 occupatur,
1624 1302 1665 1338 C.
1679 1313 1764 1335 circa

367 1366 474 1388 mores
489 1352 698 1387 instituendos
711 1365 751 1386 ex
769 1351 940 1386 honestatis
955 1349 1108 1386 naturalis
1128 1349 1326 1398 praescripro,
1341 1354 1374 1385 3:
1392 1361 1433 1384 ex
1457 1352 1620 1398 principiis
1641 1351 1764 1386 lumine

367 1401 507 1439 naturali
522 1404 607 1436 notis
622 1431 633 1445 ‚
656 1403 701 1434 N.
724 1404 841 1448 Itaque
859 1413 988 1435 morum
1003 1400 1167 1435 institutio
1186 1400 1227 1434 :id
1252 1397 1474 1447 Theologiam
1495 1404 1529 1436 δε
1549 1400 1590 1433 ad
1615 1399 1764 1435 Philoso-

367 1452 478 1500 phiam
493 1454 655 1499 pertinet:
675 1449 872 1496 sedutraque
884 1450 994 1484 iisdem
1011 1462 1079 1483 non
1097 1451 1199 1484 utitur
1220 1449 1381 1496 principiis
1393 1477 1402 1491 ,
1421 1461 1482 1482 nec
1493 1450 1576 1482 circa
1594 1449 1684 1484 idem
1701 1447 1766 1482 ob-

367 1502 491 1550 jectum
504 1499 643 1534 formale
658 1498 812 1533 versatur.
837 1498 1050 1546 Philosophus
1064 1500 1154 1533 enim
1168 1497 1306 1532 Moralis
1315 1509 1353 1531 ex
1370 1499 1536 1545 principiis
1550 1497 1667 1546 agendi
1678 1496 1766 1532 &na-

369 1562 441 1585 tura
455 1551 637 1598 congenitis
649 1546 867 1583 conclusiones
876 1550 957 1582 eruit
973 1561 981 1582 ε
1000 1546 1136 1596 Religio
1152 1546 1347 1589 Christiana,
1364 1557 1419 1580 aut
1429 1545 1566 1581 Moralis
1579 1546 1767 1595 Theologia

369 1613 438 1636 non
454 1597 554 1633 solum
573 1611 610 1632 ea
633 1599 790 1646 principia
807 1598 884 1646 juris
901 1596 1053 1632 naturalis
1075 1600 1108 1632 in
1127 1608 1243 1646 magna
1261 1596 1430 1631 hominum
1453 1607 1544 1645 parte
1569 1595 1638 1630 fere
1656 1596 1766 1631 deleta

370 1649 512 1684 restituit
533 1647 604 1683 :sed
618 1648 696 1695 quid
717 1646 906 1682 faciendum
918 1645 1014 1682 nobis
1034 1644 1070 1681 fit
1084 1676 1093 1690 ‚
1108 1647 1186 1693 quid
1199 1645 1385 1695 eligendum
1404 1675 1413 1689 ,
1429 1657 1468 1680 ex
1491 1645 1601 1680 divina
1618 1645 1767 1680 authori<

363 1710 437 1733 -tate
452 1696 622 1746 praescribit
637 1715 646 1740 ·,
665 1709 727 1731 nec
742 1696 918 1731 humanam
931 1697 1088 1731 duntaxat
1105 1694 1299 1729 felicitatem
1311 1723 1321 1737 ,
1337 1694 1390 1729 sed
1410 1706 1564 1730 aeternam
1588 1695 1699 1731 divino
1711 1694 1766 1730 ad-

367 1751 491 1795 jutorio
502 1747 732 1794 acquirendam
743 1745 917 1794 pollicetur
926 1775 936 1789 ,
954 1751 988 1782 ὃς
1005 1746 1044 1780 ad
1060 1757 1133 1779 earn
1143 1757 1201 1779 nos
1213 1744 1309 1778 ducit.

402 1798 601 1843 anquam
622 1797 654 1830 id
671 1794 759 1829 ultro
780 1795 988 1830 concedimus
1011 1807 1095 1829 verte
1115 1793 1275 1842 sapientiae
1301 1804 1463 1841 praecepta
1492 1794 1593 1841 magis
1612 1805 1651 1828 ex
1669 1791 1764 1827 sacris

369 1845 570 1882 Authoribus
582 1873 591 1888 ,
602 1858 701 1892 quam
715 1857 754 1879 ex
768 1843 970 1894 Philosophis
985 1844 1106 1879 desumi
1119 1855 1285 1891 oportere.
1323 1844 1414 1878 Nam
1434 1843 1488 1875 ille
1507 1842 1706 1890 estfhp'ew,
1727 1853 1765 1877 ut

369 1897 463 1931 aits.
480 1896 653 1931 Bernardus
667 1923 677 1937 ,
698 1896 746 1928 cui
766 1896 855 1927 Dens
867 1896 971 1943 sapit,
992 1894 1059 1927 Sed
1089 1894 1198 1929 Deus,
1219 1894 1324 1937 inquit
1347 1893 1479 1938 Regum
1497 1888 1762 1936 sapientissimus,

371 1946 628 1994 datsszpientiasn
640 1972 648 1981 ,
671 1945 709 1976 θ’
722 1955 761 1975 ex
772 1955 824 1975 ore
844 1948 910 1988 ejus
920 1943 1108 1989 prudentia,
1127 1938 1319 1984 &scientim
1350 1951 1443 1986 prov.
1466 1952 1493 1974 2.
1521 1940 1640 1986 Neque
1652 1941 1674 1973 ii
1693 1939 1764 1975 liin:

370 1995 521 2029 doum-es
535 2005 663 2027 morum
683 1989 845 2034 habendi,
870 1993 930 2038 qui
947 1990 1134 2037 relinquunt
1154 1989 1217 2022 iter
1228 1988 1345 2022 reelum
1368 1986 1406 2022 ὠ·
1429 1986 1598 2022 ambulant
1613 1998 1674 2037 per
1688 1991 1763 2023 vias

369 2043 556 2089 tenebrofits.
579 2041 660 2078 ibid.

405 2096 449 2128 Ex
468 2095 505 2126 iis
517 2090 678 2139 colligitur
689 2092 759 2138 quis
772 2089 808 2124 sit
820 2087 892 2124 finis
901 2087 1030 2124 Ethices
1043 2115 1052 2129 ‚
1063 2088 1189 2135 optima
1206 2097 1328 2134 nempe
1346 2097 1474 2121 morum
1495 2085 1676 2122 institutio:
1689 2097 1763 2121 eam

370 2154 607 2191 praeceptorum
630 2153 698 2188 quae
712 2141 746 2174 in
768 2139 827 2174 hac
842 2137 972 2173 scientia
993 2136 1160 2171 traduntur
1183 2137 1330 2184 cognitio
1343 2132 1455 2170 efficit.
1478 2135 1668 2183 Subjc&um
1683 2147 1764 2169 vero

372 2192 454 2225 illius
473 2205 538 2226 non
554 2189 640 2223 aliud
652 2190 695 2224 est
703 2201 803 2237 quam
818 2187 1004 2223 intellectus
1014 2216 1023 2230 ‚
1039 2188 1071 2220 in
1084 2199 1151 2233 quo
1164 2184 1337 2233 disciplinae
1348 2196 1462 2218 omnes
1480 2185 1669 2218 dianoeticae
1681 2214 1690 2228 ‚
1705 2195 1762 2219 aut

373 2242 621 2275 ratiocinati-mes
641 2238 805 2273 versantur
822 2250 830 2272 :
848 2235 972 2272 tametsi
988 2237 1076 2271 enim
1092 2235 1157 2270 haec
1169 2233 1330 2283 disciplina
1349 2231 1555 2268 voluntatem
1568 2235 1671 2281 regit,
1693 2246 1762 2270 non

373 2287 452 2323 alibi
475 2301 582 2324 tamen
595 2290 738 2336 quamin
746 2299 867 2330 mente,
887 2285 937 2321 seu
956 2289 987 2321 in
1000 2285 1067 2333 ipso
1086 2284 1256 2320 intelledhi
1273 2279 1367 2318 inesse
1381 2283 1487 2330 potest
1501 2300 1508 2325 3
1525 2285 1571 2317 uti
1587 2295 1648 2318 nec
1659 2282 1762 2319 scien-

376 2340 425 2373 tiae
442 2350 552 2372 omnes
569 2366 578 2381 ,
597 2350 650 2373 aut
663 2349 746 2373 artes
761 2349 829 2386 quae
840 2335 917 2371 alias
928 2335 1096 2371 facultates
1109 2334 1283 2384 perficiunt
1294 2362 1305 2377 ,
1329 2343 1382 2366 aut
1397 2343 1524 2381 regunt.
