1857 2745
422 149 482 185 ²50
874 135 1379 176 PHILOSOPHIA

419 198 456 221 ea
470 183 528 220 fibi
543 195 635 232 parat
649 212 658 226 ,
679 193 749 219 tum
765 194 884 232 magna
904 184 1075 235 voluptate
1086 186 1291 237 completur:
1312 187 1364 225 sed
1379 186 1552 237 postquam
1569 188 1622 224 vel
1639 188 1816 229 honoribus

413 240 481 283 jam
497 232 543 266 est
562 230 696 267 assuetus
708 262 719 276 ‚
741 232 794 269 vel
808 232 976 271 scientiam
988 234 1122 285 adeptus
1133 265 1143 280 ‚
1160 248 1230 274 tum
1246 250 1332 274 nova
1342 236 1525 286 cupiditate
1539 238 1728 275 accenditur
1742 268 1753 284 ,
1778 251 1815 276 ut

417 294 504 318 nova
518 281 637 317 itidem
657 281 831 331 voluptate
848 286 1000 332 potiatur.

453 332 617 379 roitca
628 345 696 367 non
708 344 775 367 tam
785 345 821 367 re
830 361 839 377 ,
858 346 957 382 quam
967 332 1077 369 verbis
1091 337 1236 384 Epicurus
1256 337 1275 373 ὲ
1289 337 1514 386 Peripateticis
1530 336 1660 372 videtur
1673 336 1818 376 diffenth
1846 335 1849 338 ⁴

416 393 461 418 re.
513 383 639 416 uamvis
650 383 739 417 enim
749 382 928 431 voluptatis
938 397 1059 420 nomen
1076 384 1112 419 fit
1123 385 1311 422 hominibus
1326 385 1503 433 belluisque
1515 398 1691 423 commune
1704 417 1714 432 ‚
1729 388 1816 426 aliud
1856 399 1857 402 ’

417 443 529 467 tamen
537 430 717 479 voluptatis
731 444 833 481 genus
844 432 888 467 est
901 433 1027 471 homini
1041 437 1208 483 proprium
1218 465 1229 480 ‚
1247 437 1334 484 quod
1347 436 1431 471 illius
1446 435 1640 472 felicitatem
1662 449 1718 474 aut
1741 435 1818 474 effi-

415 482 477 525 cit,
493 494 549 516 aut
559 483 742 518 comitatur.
755 486 971 532 Qaecunque
984 496 1093 520 autern
1104 486 1241 534 Epicuro
1259 485 1301 520 ab
1312 485 1381 520 aliis
1394 485 1551 520 tribuatur
1564 486 1605 520 de
1619 485 1744 522 summo
1752 486 1816 523 bo-

414 543 461 566 no
471 531 655 575 sententia,
679 531 746 581 ipse
759 532 867 581 palam
884 532 1075 582 profitetur,
1098 533 1203 570 beatae
1222 538 1296 570 vitae
1316 535 1416 571 finem
1431 548 1498 570 non
1519 534 1620 570 alium
1637 533 1700 571 effe
1717 537 1819 585 quam

414 578 588 617 sanitatem
598 583 742 631 corporis
753 612 763 627 ,
783 588 818 620 δε
828 583 1101 632 tranquillitatem
1111 587 1240 622 mentis.
1264 585 1438 632 Qidquid
1448 613 1458 628 ‚
1471 586 1574 631 inquit
1588 612 1599 627 ,
1614 587 1741 633 agimus
1751 613 1762 625 ,
1784 586 1818 621 εὸ

401 631 550 678 speflat,
567 641 604 666 ut
612 644 713 679 neque
728 632 890 668 doleamus
905 661 915 677 ,
927 646 1030 681 neque
1047 632 1279 683 perturbemur.
1309 633 1409 671 Unde
1424 639 1457 671 &
1476 636 1645 683 Diogenes
1669 636 1818 672 La'e'rtius

412 682 540 729 Epicuri
559 680 752 717 sententiam
763 682 850 719 male
863 695 937 719 cum
953 684 1108 733 Aristippi
1127 686 1284 732 opinione
1302 683 1462 720 confundi
1479 695 1538 718 nos
1559 684 1724 720 admonet.
1756 684 1818 721 lile
1852 703 1857 733 ᾗ

413 732 504 765 enim
519 729 683 768 bonorum
694 731 795 768 finem
812 733 976 769 constituit
991 746 1063 768 eam
1082 732 1309 781 voluptatem,
1327 747 1398 782 quae
1414 736 1448 769 in
1463 731 1636 768 stabilitate
1656 738 1689 769 δε
1703 735 1817 782 quiete
1852 743 1857 764 ’-

412 778 577 826 consistit,
595 784 629 817 in
642 781 880 832 tranquillitate
892 784 1090 819 nimirum&
1105 782 1308 827 indolentia3
1338 783 1514 831 Aristippus
1535 780 1616 817 vero
1635 781 1733 818 finem
1754 796 1819 833 po-

411 827 472 865 suit
496 842 569 865 eam
581 830 787 879 voluptatem
799 845 870 881 quae
891 833 981 868 estin
994 845 1087 868 motu
1099 861 1109 876 ‚
1125 845 1189 879 qua
1207 831 1307 868 sensus
1329 834 1403 868 astu
1416 842 1576 868 movetur.
1606 832 1697 866 Hinc
1712 834 1816 869 Sene-

412 890 449 912 ca
466 881 588 915 Sto'i'cae
607 879 826 930 Philosophiae
839 884 923 918 inter
940 884 1073 919 Latinos
1092 884 1240 931 princeps
1253 911 1262 926 ,
1279 882 1370 930 apud
1378 883 1553 930 Epicurum
1567 909 1578 923 ‚
1596 882 1706 928 inquit
1720 909 1731 925 ‚
1754 882 1818 919 duo

418 926 599 975 bormfinn,
612 943 653 964 ex
664 929 778 978 quibus
791 932 879 966 illud
877 933 1037 977 summum
1051 930 1243 976 beatumque
1253 933 1456 979 componitur.
1477 929 1511 961 V
1511 940 1525 963 t
1534 939 1646 978 corpus
1647 929 1717 975 stne
1727 931 1817 966 dolo.

413 990 448 1011 re
449 977 495 1023 fit
505 1005 514 1017 ,
529 981 656 1013 animus
658 979 728 1025 stne
743 978 1000 1029 perturbatione.
1024 979 1287 1027 Tranquillitatis
1299 991 1407 1015 autem
1424 981 1559 1015 nomine
1570 991 1638 1014 non
1656 979 1814 1030 intelligit

412 1028 562 1074 Epicurus
576 1030 678 1064 vitam
692 1028 832 1065 otiosam
847 1034 881 1066 &
895 1031 1046 1065 inertem.
1074 1029 1164 1078 Qd
1178 1031 1266 1064 enim
1277 1058 1287 1072 ‚
1310 1040 1345 1063 ut
1360 1031 1405 1064 ait
1417 1029 1506 1063 idem
1523 1029 1646 1062 Seneca
1660 1057 1670 1072 ,
1689 1031 1815 1075 otiosms

410 1088 522 1109 verme
536 1078 550 1107 ?
564 1076 628 1111 Sed
642 1077 691 1112 illi
705 1076 838 1113 similem
855 1076 1011 1124 intelligit
1023 1106 1033 1119 ,
1050 1090 1150 1124 quam
1163 1077 1349 1112 Aristoteles
1364 1089 1403 1112 ex
1414 1090 1521 1113 rer-um
1529 1076 1814 1126 contemplatione

411 1126 532 1173 percipi
544 1125 661 1168 tradit3
679 1125 865 1173 voluptates
883 1136 993 1159 autern
1007 1138 1077 1173 quae
1095 1128 1128 1160 in
1148 1137 1240 1161 motu
1255 1125 1362 1175 pofitae
1373 1124 1446 1163 sunt
1461 1156 1471 1171 ‚
1500 1139 1535 1162 ut
1552 1125 1674 1161 alienas
1693 1125 1713 1162 ὲ
1732 1127 1815 1166 sum-

407 1187 469 1210 mo
484 1172 576 1209 bono
593 1176 697 1222 rejicit
710 1176 865 1224 Epicurus
883 1187 890 1210 :
909 1185 1007 1222 atque
1025 1187 1063 1211 ut
1080 1188 1154 1211 eam
1176 1175 1370 1217 calumniam
1395 1176 1570 1232 repelleret
1581 1203 1592 1219 ,
1624 1175 1813 1228 apologiam

404 1222 602 1272 conscripsit.

447 1271 556 1307 Multa
575 1275 609 1308 in
623 1273 706 1309 hanc
722 1272 915 1309 sententiam
931 1273 1103 1310 Gaffendus
1116 1272 1242 1322 colligit
1253 1305 1262 1319 ‚
1288 1287 1323 1310 ut
1332 1277 1506 1324 Epicurum
1519 1274 1561 1309 ab
1572 1278 1609 1311 iis
1620 1288 1692 1324 quae
1702 1277 1734 1312 ei
1746 1276 1811 1312 fal-

410 1321 443 1357 so
458 1321 663 1365 tribuuntur,
684 1323 851 1367 vindicet3
871 1323 955 1371 quasi
980 1323 1021 1359 eo
1034 1321 1212 1359 deveniffet
1234 1323 1385 1369 insaniae,
1410 1337 1445 1360 ut
1464 1326 1618 1361 virtutem
1642 1339 1709 1366 non
1720 1325 1765 1361 ob
1778 1326 1811 1362 se
1848 1354 1849 1358 ,

412 1372 510 1420 ipsam
520 1401 531 1415 ,
547 1371 601 1407 sed
614 1383 747 1420 propter
765 1376 908 1421 corporis
920 1373 1120 1422 voluptatem
1131 1372 1303 1410 colendam
1312 1372 1372 1409 effe
1386 1373 1574 1409 credidiffet.
1638 1376 1701 1410 uod
1709 1378 1810 1411 meri·
1845 1387 1848 1390 ’

414 1420 449 1456 to
466 1422 584 1457 Cicero
593 1434 628 1457 ur
638 1420 838 1471 Philosopho
851 1423 1019 1473 indignum
1038 1422 1159 1458 refellit
1174 1437 1181 1459 :
1202 1425 1290 1472 Quid
1305 1425 1418 1470 necesse
1430 1423 1489 1466 est,
1508 1425 1634 1470 inquit,
1651 1435 1810 1471 tanquam
1846 1427 1848 1429 ’

412 1474 607 1505 meretricem
623 1475 655 1505 in
668 1483 887 1506 matronarum
897 1484 1007 1506 coetum
1020 1500 1031 1512 ‚
1043 1472 1092 1517 fic
1103 1473 1305 1521 voluptatem
1318 1474 1351 1505 in
1368 1474 1528 1506 virtutum
1545 1483 1654 1507 coetum
1671 1473 1810 1508 adduce.
1846 1493 1847 1521 j

410 1522 465 1553 re?
479 1523 594 1567 Itaque
611 1519 791 1568 voluptatis
805 1522 940 1556 nomine
955 1534 1023 1557 non
1038 1532 1232 1556 moventem
1250 1551 1260 1565 ‚
1277 1521 1329 1556 sed
1354 1521 1491 1556 stantem
1507 1519 1549 1555 ab
1562 1523 1699 1570 Epicuro
1708 1521 1809 1558 intel.

408 1569 466 1618 ligi
477 1570 608 1613 constat,
619 1582 692 1617 quae
702 1569 823 1605 scilicet
833 1571 868 1606 in
887 1570 1121 1617 tranquillitate
1135 1573 1235 1606 animi
1249 1569 1349 1620 posita
1363 1569 1422 1614 fit3
1445 1584 1513 1606 non
1525 1572 1664 1607 inertem
1677 1576 1710 1608 &
1721 1573 1810 1606 otio-

408 1618 474 1654 sam
494 1647 504 1662 ‚
527 1617 581 1654 sed
600 1632 671 1668 quae
690 1618 783 1657 firma
799 1622 927 1655 tatione
942 1618 1081 1661 efficitur
1098 1648 1107 1663 ,
1127 1633 1227 1667 quarn
1243 1633 1396 1656 emovere
1409 1619 1615 1659 nihileorum
1631 1633 1701 1668 quae
1719 1620 1808 1659 mala

406 1670 574 1714 dicuntur,
590 1668 784 1718 poffit3quae
804 1682 940 1706 omnem
952 1672 1052 1705 animi
1067 1672 1251 1719 &corporis
1265 1670 1490 1719 aegritudinem
1507 1670 1617 1716 pellar.
1645 1672 1734 1706 Nam
1750 1670 1807 1705 illa
1841 1698 1844 1710 .

407 1718 562 1767 aegritudo
576 1720 679 1754 animi
691 1720 734 1754 est
749 1719 840 1755 velut
858 1719 1018 1768 generalis
1034 1718 1128 1754 dolor
1140 1749 1149 1762 ‚
1177 1732 1216 1755 ex
1225 1733 1291 1768 quo
1308 1721 1413 1759 caereri
1430 1718 1538 1756 morbi
1552 1718 1693 1763 habent,
1715 1718 1806 1767 quod
1840 1723 1843 1766 j

408 1767 468 1803 fint
484 1767 630 1812 molesti,
648 1781 703 1804 aut
720 1771 847 1817 ingrati.
866 1770 980 1816 Qare
998 1782 1063 1805 non
1079 1771 1239 1817 corporis,
1257 1768 1307 1804 sed
1322 1771 1420 1805 animi
1439 1768 1534 1804 dolor
1554 1768 1712 1804 summum
1732 1781 1805 1807 rna-
1840 1773 1842 1775 '

409 1819 476 1853 lum
488 1831 528 1853 ex
537 1821 674 1868 Epicuro
686 1819 751 1853 dici
764 1817 843 1854 solet
858 1836 868 1863 ;
886 1821 933 1854 uti
953 1832 1015 1856 nec
1034 1821 1178 1867 corporis
1193 1849 1203 1863 ,
1220 1818 1273 1853 sed
1289 1821 1387 1854 animi
1405 1818 1554 1867 voluptas
1568 1817 1724 1852 summum
1741 1817 1804 1854 bo.
1838 1832 1842 1859 .'

363 1907 367 1911 ,
406 1881 487 1903 ῃιιπι
502 1868 645 1903 futurum
662 1869 715 1904 est.
728 1869 889 1917 Voluptas
901 1870 982 1903 enim
992 1872 1129 1916 corpo-ris
1140 1896 1150 1910 ‚
1164 1871 1211 1903 ait
1235 1871 1357 1903 Seneca
1370 1897 1380 1911 ,
1396 1881 1465 1902 cum
1490 1870 1628 1899 maxime
1647 1866 1802 1906 delee‘lat,
1839 1872 1841 1877 ’

291 1907 396 1962 3:212*
414 1922 619 1966 extinguitur
636 1934 645 1953 ,-
668 1921 776 1966 itaque
789 1920 848 1952 cito
860 1919 990 1966 implet,
1003 1917 1041 1952 ό·
1053 1918 1140 1950 tedio
1151 1917 1202 1961 est,
1227 1916 1266 1951 (θ’
1275 1916 1342 1965 post
1353 1919 1491 1965 primum
1503 1916 1654 1963 impetum
1666 1925 1803 1950 marcet.-

290 1977 303 1992 c
323 1983 345 2004 7-
408 1968 509 2005 necid
522 1980 663 2013 unquam
681 1979 799 2002 certum
812 1966 853 2010 est
866 1993 873 2004 ‚
903 1971 993 2011 cujus
1007 1968 1038 1998 in
1051 1975 1137 1997 motu
1153 1976 1270 1998 natura
1289 1965 1336 2008 est.

450 2019 532 2064 Qae
542 2028 650 2051 autem
662 2029 774 2051 contra
789 2018 958 2064 Epicurum
972 2013 1086 2062 objicit
1096 2015 1231 2057 Cicero,
1258 2014 1323 2049 haec
1335 2013 1484 2048 adversus
1498 2010 1711 2060 voluptatem
1725 2025 1800 2048 cor.

401 2071 489 2117 poris
501 2068 646 2101 dicuntur
658 2095 668 2109 ‚
682 2078 818 2113 quaeque
830 2064 878 2100 est
896 2067 928 2099 in
948 2075 1040 2100 motu
1061 2081 1070 2107 ;
1091 2077 1157 2099 non
1172 2064 1306 2099 solidam
1323 2063 1412 2098 illam
1426 2062 1678 2097 delectationem
1690 2075 1758 2109 quae
1775 2062 1799 2099 ἐι
1836 2095 1838 2097 ,

403 2119 523 2153 virtute
539 2115 653 2150 divelli
663 2129 729 2151 non
766 2115 866 2157 otest,
880 2114 1091 2150 labefaciant.
1114 2115 1160 2149 Ac
1171 2127 1212 2148 ne
1222 2115 1327 2149 Sto‘ici
1341 2113 1472 2160 quidem
1485 2111 1548 2146 hoc
1562 2123 1662 2160 genus
1677 2111 1798 2160 volup-

402 2169 477 2202 tatis
493 2164 599 2201 abeffe
612 2175 728 2215 putant
746 2179 766 2202 a
790 2164 933 2214 sapiente
947 2195 957 2209 ,
974 2176 1072 2212 quem
1086 2163 1185 2199 solum
1199 2163 1329 2199 felicem
1345 2161 1469 2197 volunt.
1491 2163 1562 2194 Hoc
1579 2173 1666 2207 erqo,
1689 2162 1796 2209 inquit

289 2235 353 2264 tpzst
366 2237 387 2259 ς,
405 2218 529 2251 Seneca
541 2245 551 2259 ‚
570 2219 686 2264 cogita,
700 2214 783 2250 hunc
801 2217 1013 2264 effisapientis
1025 2213 1167 2261 affi’cfium
1178 2241 1185 2252 ‚
1206 2212 1550 2262 gaudiiaequalitatem,
1567 2208 1664 2243 Ta‘is
1690 2209 1797 2255 estfh-

399 2269 514 2312 pientis
533 2268 678 2304 animus,
696 2266 802 2311 qualis
827 2264 939 2299 mundi
961 2264 1060 2306 status
1072 2265 1170 2308 super
1196 2265 1305 2297 lunam
1326 2277 1336 2295 .·
1351 2262 1478 2308 semper
1497 2261 1567 2292 illic
1585 2260 1724 2297 sirenum
1737 2258 1790 2304 est.

402 2313 516 2348 Habes
530 2328 599 2362 crgo
608 2329 708 2362 quare
717 2316 801 2349 velis
810 2316 937 2363 fhpiens
948 2316 1020 2361 effe,
1036 2316 1114 2360 quia
1130 2310 1365 2362 nunquamfine
1375 2309 1496 2362 gaudio
1507 2307 1558 2354 est.
1573 2308 1724 2344 Gaudiun
1734 2308 1792 2344 hae

396 2376 462 2400 *non
479 2365 616 2410 nascitur
631 2365 692 2413 m'fi
711 2378 751 2400 ex
763 2367 924 2401 virtutum
942 2365 1137 2411 conscientia-

293 908 401 941 ipistsss
