1857 2745
597 120 638 154 M
657 121 691 155 O
713 121 747 155 R
774 120 804 156 A
828 121 856 155 L
874 120 889 155 1
908 121 944 157 S.
1379 138 1436 172 297

32 173 179 216 temtaoe
192 200 203 216 ,
227 168 317 207 nulla
334 171 505 220 peregrina
515 171 731 218 praeceptione
746 199 756 213 ‚
770 169 820 204 sed
832 171 934 205 Patris
944 168 1109 213 mandato,
1122 169 1154 204 id
1171 168 1229 214 est,
1246 169 1296 206 sua
1311 170 1435 220 sponte,

35 226 126 262 'Hinc
139 222 257 258 meruit
267 249 278 264 ‚
296 233 352 255 aut
365 219 386 255 fi
398 219 505 262 malis,
515 219 631 267 dignus
642 218 704 253 fuit
715 230 750 253 ut
766 222 857 255 Deus
868 219 963 253 illum
977 217 1144 255 exaltaret.

37 306 42 311 ,
74 273 149 308 Nec
166 270 273 306 defuit
290 268 458 306 consensus
481 267 627 303 hunianae
640 268 818 303 voluntatis
834 267 915 303 liber
927 274 961 305 &
978 266 1168 303 indifferens
1184 268 1225 302 ad
1245 268 1313 304 haec
1333 284 1391 319 per
1404 271 1435 306 se

35 320 177 370 [pediam
190 349 200 363 ‚
226 321 293 354 imo
306 324 340 356 &
358 319 550 354 meritorius.
583 318 646 352 Sed
661 317 715 352 illa
740 317 961 354 indifferentia
985 316 1211 352 indeclinabili
1238 317 1435 356 obedientiae

35 383 102 407 non
113 367 283 405 officiebat
304 385 312 411 3
329 381 405 404 nam
415 367 506 402 aliter
525 366 631 402 servus
642 369 789 402 Domino
802 372 822 410 ‚'
834 370 926 401 aiiter
939 366 1019 401 filius
1033 365 1221 414 obsequitur
1236 369 1322 402 Patri
1336 384 1343 404 2
1360 369 1436 406 hinc

33 419 128 456 fiervo
145 416 353 460 merces,fili0
365 417 535 452 haeteditas
551 416 720 452 addicitur.
732 419 850 450 Servus
863 415 1028 464 ambigue,
1041 421 1073 453 &
1084 415 1255 451 voluntate
1265 418 1299 452 in
1310 429 1436 455 utrum-

33 480 99 516 que
107 465 243 503 flexibili
255 494 264 508 ,
278 464 362 501 filius
379 464 515 501 amabili
526 465 669 513 quadarn
683 464 867 502 necessitate
877 464 1078 512 obsequitur.
1097 465 1238 499 Chi-istus
1255 471 1436 513 promeruit

33 517 183 566 gloriam,
193 527 228 550 ut
240 514 322 551 filius
339 515 562 551 haereditatem
580 544 589 558 ,
612 528 681 552 non
694 527 731 549 ut
747 515 930 551 mercedem
947 513 1050 549 servus
1068 532 1075 556 3
1095 516 1212 548 meruit
1222 525 1256 547 ut
1271 515 1436 560 indubius,

33 577 70 601 ut
81 564 218 601 secutus,
234 563 426 600 consultare
444 577 485 599 an
495 566 644 600 Domino
659 563 885 613 obtemperet,
903 564 987 599 servi
1003 563 1045 597 est
1061 562 1136 597 fidei
1153 565 1303 610 ancipitis
1321 581 1330 607 ς
1350 564 1435 602 filius

32 627 100 651 non
120 613 280 649 deliberat
303 626 344 650 an
362 615 447 662 patri
466 626 590 648 morem
614 623 724 662 gelat,
744 615 795 649 led
815 612 866 647 sua
884 612 1016 661 sponte,
1036 609 1164 659 &quasi
1183 615 1437 661 naruraeimpetu

33 663 101 712 ipse
112 662 294 710 impellitur
320 676 328 698 :
351 675 410 698 nec
426 661 564 697 humana
578 663 696 698 Christi
711 663 861 698 voluntas
873 664 956 697 inter
969 661 1190 696 obedientiam
1213 666 1246 697 &
1265 674 1436 698 contuma-

32 713 119 747 ciam
135 710 232 746 dubia
244 711 448 747 consultabat
461 740 470 751 ,
490 711 543 746 sed
558 723 627 746 tota
646 715 677 747 in
693 711 920 747 obedientiam
944 708 1192 760 propendebat,
1213 710 1253 744 ad
1266 722 1314 745 res
1325 723 1434 750 tamen

33 765 68 797 δε
79 762 224 796 admones
238 773 293 808 per
310 759 340 794 se
360 759 603 796 indiffirentes..

67 809 152 844 Haec
166 811 391 859 utiqueHugo
402 810 593 845 vidiminus
610 813 719 859 paucis
733 810 960 859 conipleffitur
981 823 1014 856 q.
1034 825 1094 859 ¹50·
1118 812 1150 844 in
1168 808 1262 858 Epist.
1275 810 1315 844 ad
1333 812 1433 848 Rom.

32 857 91 896 ubi
105 859 224 906 quaerit
235 870 277 894 an
289 859 434 895 Christus
446 858 635 894 obediendo
646 863 722 896 Deo
737 862 825 897 Patri
840 860 962 907 aliquid
980 862 1205 908 promeruerit.
1218 861 1350 894 Mereri
1364 889 1370 898 ‚
1384 864 1435 896 in-

30 911 105 955 quit
120 937 129 951 ‚
141 909 299 955 gemt'nam
319 906 413 941 habet
422 906 702 955 significationem.
730 911 866 943 Dicitur
889 912 971 943 em'm
991 912 1127 947 mereri,
1156 920 1222 942 cum
1238 919 1297 956 per
1321 907 1436 944 bonnm

32 967 108 1002 opus
121 955 255 1000 efficitur
265 957 380 1005 dignus
392 954 500 1001 aliquo
514 981 523 992 ‚
544 969 604 1002 quo
614 955 702 1005 priits
714 970 773 992 non
789 968 858 990 erat
871 957 987 1004 dignus
1007 972 1018 990 .·
1026 955 1200 1002 secundt‘zm
1224 969 1321 1003 quam
1332 958 1436 1007 figm’..

27 1004 214 1050 ficationem
233 1004 367 1039 videtur
379 1003 466 1038 nobis
475 1002 560 1051 qubd
573 1005 806 1050 necsecnndt‘zm
817 1005 1025 1039 divinitatem
1038 1033 1047 1043 ,
1069 1019 1123 1039 nec
1133 1004 1304 1052 secundiem
1326 1005 1435 1041 huma—

31 1056 169 1089 nitatem
181 1052 324 1097 Christus
332 1054 462 1099 aliquid
477 1056 702 1091 mer-ninnium
717 1057 749 1088 in
762 1055 829 1100 ipsa
847 1065 957 1089 morte.
974 1054 1111 1087 Dicitur
1120 1056 1216 1086 etiam
1236 1055 1356 1099 aliquis
1368 1068 1434 1088 me-

31 1103 98 1137 reri
107 1129 117 1141 ,
132 1114 200 1136 cum
212 1099 325 1136 bonum
335 1101 470 1148 aliquod
475 1101 563 1145 facit
575 1101 662 1147 quod
667 1101 712 1146 stt
723 1101 853 1149 dignum
866 1103 1119 1134 remuneratione
1129 1115 1140 1134 :
1148 1100 1322 1145 secundam
1347 1105 1434 1149 quod

31 1151 130 1185 ,Deus
142 1150 262 1185 dicitur
280 1153 377 1184 etiam
389 1152 502 1184 merem·
513 1177 521 1187 ,
542 1162 611 1183 cum
621 1147 769 1195 beneficia
781 1147 903 1196 prastat
925 1159 987 1196 pro
1005 1147 1120 1196 quibus
1147 1161 1289 1184 tenemur
1305 1163 1373 1185 eum
1397 1155 1433 1187 in

32 1210 186 1234 eternum
201 1199 338 1234 laudare
349 1197 417 1233 (7
440 1197 585 1243 Christus
607 1197 776 1243 secundltm
793 1196 1026 1232 humanitatem
1044 1200 1147 1243 [nsua
1161 1198 1301 1247 paffione
1315 1204 1433 1235 meruit

31 1246 120 1283 nobis
140 1246 306 1282 intro'itum
331 1249 404 1282 vita
427 1259 543 1282 aeternae
562 1261 572 1279 :
606 1244 697 1295 priks
720 1246 850 1294 quidem
883 1245 969 1280 nobis
993 1247 1099 1280 multa
1122 1250 1239 1282 meruit
1265 1250 1432 1295 ²fi'ds01'0'

27 1296 125 1345 paffio
137 1295 306 1343 nonsblicm
319 1298 477 1346 pretiose'z,
499 1296 559 1341 fid
566 1299 661 1329 etiam
671 1297 809 1344 pretium
827 1296 942 1329 mnndi
955 1294 1029 1335 fuit.
1047 1294 1238 1331 Guillelmus
1256 1296 1353 1333 Paris.
1364 1311 1431 1346 pan

30 1360 52 1384 ιι
63 1345 104 1382 de
115 1345 352 1396 vnivetsopar.
374 1358 406 1390 3.
422 1358 449 1382 c.
463 1358 509 1382 21.
520 1343 696 1389 Neceffltas
713 1343 891 1379 obedienti-z
906 1345 1091 1379 voluntarios
1109 1357 1170 1380 non
1181 1347 1373 1382 contradicit
1390 1349 1430 1381 li,

42 1395 174 1431 hertati.

64 1445 159 1479 Idem
172 1445 277 1479 docet
288 1444 442 1492 Magister
455 1444 534 1480 sent.
547 1442 567 1478 l.
591 1456 623 1487 3.
637 1443 704 1480 dist.
718 1448 759 1483 18.
776 1449 809 1480 &
821 1447 1081 1480 &Bonaventura
1095 1447 1128 1479 in
1140 1443 1255 1479 eadem
1269 1445 1383 1493 dist.'q.
1402 1463 1429 1484 2,

30 1491 97 1527 'Ad
113 1492 200 1527 illud
221 1492 307 1538 quod
319 1506 333 1525 o
354 1495 488 1540 ponitur
501 1519 511 1528 .
526 1492 611 1538 quini
620 1495 763 1541 potentia
784 1492 999 1527 determinata
1012 1492 1057 1525 ad
1069 1505 1163 1526 unum
1187 1505 1248 1526 non
1255 1493 1339 1536 facit
1353 1505 1428 1542 opus

32 1542 74 1576 de
86 1553 203 1589 genere
217 1540 319 1575 lauda
343 1541 437 1575 ilium
448 1568 457 1583 ‚
474 1540 732 1586 dicendumqubd
745 1540 971 1575 determinatio
985 1540 1030 1573 ad
1046 1541 1244 1588 unumpatest
1257 1543 1308 1588 effe
1320 1542 1429 1590 dupli-

33 1591 112 1624 citer
124 1617 133 1628 ,
151 1590 304 1624 videlicet
314 1600 373 1637 per
387 1587 595 1633 neceffitatem
608 1599 743 1627 naturae,
773 1589 811 1623 (θ’
825 1599 885 1636 per
907 1588 1169 1634 confirmationem
1191 1593 1312 1637 gratie.
1337 1593 1376 1624 Si
1385 1592 1429 1637 fit

30 1648 92 1688 per
101 1636 311 1682 neceffitatem
318 1649 455 1676 nature,
469 1648 544 1671 tunc
560 1639 645 1672 tollit
659 1636 787 1672 arbitrii
800 1637 981 1672 libertatem
993 1663 1001 1674 ,
1022 1649 1061 1671 ac
1069 1648 1129 1684 per
1149 1637 1208 1672 hocv
1220 1639 1306 1673 tollit
1323 1640 1429 1688 digni-

35 1698 137 1722 tatem
153 1689 268 1722 meriti.
294 1687 333 1720 Si
348 1698 455 1721 autem
465 1687 745 1732 fit·determinatio
753 1697 812 1734 per
828 1685 1219 1734 confirmationemgratiae
1233 1714 1242 1724 ‚
1262 1700 1332 1722 cum
1351 1690 1427 1723 talis

34 1734 230 1781 confirmatio
243 1737 341 1781 fimul
358 1735 419 1781 stet
430 1748 497 1770 cum
511 1734 611 1770 libera
620 1736 791 1770 voluntate
805 1762 814 1774 ‚
829 1735 876 1779 fic
889 1747 950 1769 non
959 1734 1046 1768 tollit
1059 1732 1100 1767 ab
1118 1735 1182 1782 ipso
1200 1746 1288 1783 opere
1307 1735 1428 1771 henim<

33 1794 98 1819 tem
112 1787 205 1818 moris
221 1813 229 1824 ‚
248 1797 317 1820 cnm
327 1784 372 1830 fit
388 1784 608 1818 voluntarium
621 1812 628 1822 ‚
658 1796 695 1817 ac
705 1794 763 1832 per
779 1784 836 1818 hoc
847 1797 901 1818 nec
915 1784 1106 1830 qualitatem
1118 1785 1234 1819 meriti.
1251 1786 1290 1818 In
1303 1785 1432 1830 Christo

33 1833 219 1878 autemfm't
237 1831 372 1867 libemm
389 1830 561 1867 arbitrium
578 1833 827 1866 determinatum
843 1833 888 1866 ad
914 1844 1011 1867 unum
1027 1860 1038 1875 ‚
1066 1844 1126 1865 mn
1141 1841 1198 1879 per
1219 1832 1431 1875 neceffitatem

31 1892 149 1917 naturae
167 1909 177 1924 ,
190 1882 252 1928 sed
264 1892 323 1931 per
345 1880 614 1926 confirmationem
632 1883 755 1929 gratie.
784 1880 909 1917 Verum
931 1881 962 1914 id
981 1880 1230 1928 intelligendum
1254 1881 1301 1915 est
1324 1883 1363 1917 de
1384 1895 1431 1917 eo⁴

32 1931 139 1965 metiti
150 1942 288 1979 genere,
308 1943 374 1978 quo
385 1932 473 1965 Deus
487 1928 614 1965 laudem
628 1929 816 1977 cultumque
834 1930 974 1965 nostrum
984 1932 1102 1964 merito
1111 1928 1166 1964 suo
1180 1929 1324 1978 deposcit
1336 1944 1425 1978 ;·quo

33 1977 138 2014 beatae
166 1991 290 2015 mentes
312 1990 400 2015 tanta
418 1978 515 2013 nobis
537 1977 626 2014 bona
648 1978 669 2014 ὲ.
689 1981 765 2014 Deo
781 1981 955 2027 impetrant
978 1984 990 2024 (
1015 1992 1081 2014 non
1099 1980 1187 2013 enim
1206 1981 1296 2014 Deus
1318 1979 1425 2015 minus

31 2027 247 2063 exaudit'vota
256 2031 361 2076 magis
374 2030 582 2072 amantiumg)
602 2040 667 2075 quo
680 2040 791 2064 recens
808 2030 1009 2063 initiatorum
1023 2028 1145 2076 justitia
1169 2040 1322 2063 aetetnam
1341 2041 1426 2064 mer-

34 2077 148 2111 cedem
160 2076 296 2125 flagitat.
320 2081 521 2125 Qianquam
543 2083 576 2114 δε
588 2076 737 2112 voluntas
756 2077 873 2113 Chi-isti
888 2076 926 2112 fic
937 2078 977 2111 ad
995 2090 1090 2112 unum
1102 2089 1171 2111 etat
1191 2073 1426 2122 determinata,

37 2135 74 2159 ut
88 2137 143 2172 per
158 2125 188 2161 se
201 2124 278 2161 effe:
294 2125 482 2165 indiffems
498 2126 538 2160 ad
557 2128 763 2173 operationes
774 2129 806 2162 in
818 2126 847 2161 se
860 2126 1015 2174 specstatas
1028 2155 1037 2169 ,
1062 2132 1096 2162 &
1107 2138 1145 2160 ex
1157 2124 1249 2160 solius
1268 2125 1429 2161 obedien-

38 2173 91 2206 tiae
101 2175 222 2209 virtute
233 2204 242 2219 ‚
265 2187 320 2211 aut
332 2175 452 2210 summa
470 2175 626 2209 charitate
642 2175 682 2208 ad
695 2187 747 2208 eas
762 2176 1039 2211 determinaretur.
1064 2177 1110 2208 Et
1128 2175 1207 2212 ideo,
1224 2175 1425 2220 inquitidem

0 2265 5 2272 -
39 2222 166 2256 Doum-
180 2251 191 2266 ,
210 2224 293 2268 ficut
305 2227 410 2273 potuit
420 2224 473 2269 effe
486 2226 518 2259 in
527 2224 613 2269 stam
631 2226 771 2257 viatoris
779 2224 877 2269 fimul
891 2224 930 2258 &⁴
952 2222 1211 2272 comprehensoris
1224 2249 1232 2261 ‚
1248 2223 1295 2267 fic
1311 2222 1426 2258 habuit

32 2271 178 2318 gratiam
188 2272 232 2305 ad
245 2272 569 2319 comprehendendum
581 2301 588 2310 ,
611 2272 649 2307 (ᾗ
665 2274 808 2320 gratiam
823 2273 868 2306 ad
879 2272 1075 2306 merendum.

79 2317 179 2353 Unde
192 2318 375 2366 Vasquefius
390 2322 423 2355 in
438 2335 465 2364 3.
479 2335 510 2370 p.
524 2321 601 2369 disp.
617 2336 670 2368 74.
684 2333 708 2354 c-
728 2335 756 2356 2.
771 2321 891 2355 multos
912 2323 991 2355 citat
1006 2320 1155 2359 docitores
1171 2348 1180 2362 ‚
1207 2325 1242 2357 &
1264 2324 1423 2370 praecipue

43 2365 462 2451 exfamiliaq'fhomistarum
476 2399 487 2416 ,
508 2372 565 2419 qui
579 2369 709 2409 censent
728 2369 892 2407 Christum
909 2370 1092 2406 Dominum
1111 2369 1148 2404 ea
1167 2370 1234 2416 ipsa
1250 2370 1424 2407 dilefflone

242 2429 299 2450 om.
312 2420 344 2452 J.
1199 2421 1223 2453 P
1236 2431 1256 2467 p
