1857 2745
109 169 212 209 fertur
224 181 372 220 accepta:
387 180 423 204 ut
436 168 538 204 sensus
549 169 603 204 ille
617 172 674 217 qui
689 169 776 204 calor
787 173 975 206 nominatur
986 199 996 214 ‚
1019 176 1053 208 ὅ(
1073 171 1222 219 voluptas
1240 182 1312 218 quae
1325 170 1409 206 hunc
1435 135 1492 208 en7-

109 223 178 258 surn
192 224 375 257 comitatur.
401 219 454 253 sic
471 217 628 267 spiritales
652 221 796 254 actiones
818 218 1111 263 sunt-intellectus,
1146 232 1201 255 aut
1223 220 1397 255 voluntatis
1418 223 1494 264 3ni-

109 270 156 307 hil
178 269 257 306 veto
275 268 457 305 intellectus
491 269 630 316 percipit
656 268 768 303 saltem
797 267 935 317 spiritale
953 296 963 311 ,
981 268 1042 304 'nisi
1059 273 1170 317 prirnae
1191 272 1336 304 veritatis
1362 269 1429 304 luce
1454 271 1494 305 il-

109 321 259 355 lustretur
286 336 295 362 ·‚
319 320 356 353 in
381 329 419 351 ea
438 319 706 353 rerumrat'iones
721 346 730 360 ,
750 330 813 352 aui:>
829 318 915 353 ideas
935 317 1014 352 cons
1035 318 1281 354 icinVoluntas
1309 331 1349 353 ex
1365 319 1503 366 impres<⁷

107 368 194 404 fione
218 368 329 404 summi
351 365 431 401 boni
452 377 627 409 movetur;
649 367 731 402 hanc
747 369 856 413 utique
878 369 983 415 impre
1011 378 1120 401 ionem
1149 368 1365 403 determinare
1389 370 1494 415 potest

107 417 260 453 voluntas
277 446 286 461 ‚
303 429 379 451 cuni
388 417 420 450 in
439 417 591 449 creaturis
618 414 711 451 sistit:
739 414 858 450 verum
883 416 916 450 id
938 428 1004 450 non
1026 427 1092 450 tam
1115 417 1158 451 est
1178 428 1294 465 agere,
1323 417 1422 464 quam
1438 419 1495 452 de-

108 465 206 509 ficere
221 484 231 510 3
251 478 288 501 ac
304 463 398 501 tanto
415 466 518 513 magis
538 463 687 500 voluntas
707 466 799 513 agit,
817 462 1053 513 quantomagis
1066 465 1262 514 impressioni
1282 465 1394 502 summi
1412 465 1493 503 boni

108 513 309 564 obsequitur.

136 567 244 612 Atque
260 575 296 598 ut
309 573 422 599 natura
443 561 773 611 spiritalisveritatem
796 564 989 613 cognoscat,
1003 569 1037 602 ἃ
1054 563 1180 599 bonum
1198 575 1308 598 amore
1323 563 1496 612 prosequa-

107 622 159 648 tur
172 642 181 658 ,
206 614 238 648 id
250 615 363 659 utique
377 611 579 647 manifestum
590 612 634 646 est
646 612 728 647 nihil
737 611 931 649 extrinsecus
941 627 980 648 ex
992 614 1022 648 se
1040 612 1183 656 efficere,
1204 625 1311 660 neque
1323 625 1396 647 eam
1409 627 1496 650 vetat

109 667 144 699 ὅτ
155 664 301 709 genuinae
317 660 522 696 causaesstitulo
539 660 640 696 ullum
662 674 775 710 corpus
796 675 930 698 movere
941 662 1028 710 posse
1041 693 1050 707 ‚
1067 674 1121 697 aut
1133 673 1320 710 procreares
1336 662 1384 697 1³.st
1409 666 1495 701 enim

107 714 193 747 inter
208 724 319 746 veram
330 709 454 745 causam
470 740 480 754 ,
500 716 534 746 &
549 709 884 746 effecmrnneceisaria
906 714 1068 747 connexio
1087 726 1094 747 :
1114 710 1167 746 sed
1189 723 1225 746 ea
1240 739 1250 754 ,
1274 722 1311 745 ut
1338 711 1495 758 diximus,

107 760 197 796 nulla
209 759 270 795 effe
283 759 482 808 potest-inter
495 759 701 794 voluntatem
714 761 828 808 Angeli
839 784 859 805 ‚-
870 766 1014 810 v.-gr.-&
1028 760 1176 809 cujusque
1194 762 1339 808 corporis
1352 773 1493 799 motum.

106 809 188 846 Vult
200 809 334 856 quidem
353 811 442 843 Deus
455 820 490 842 ut
499 808 538 842 ad
549 820 664 843 nutum
679 809 797 857 Angeli
807 822 923 858 corpus
940 810 1074 858 aliquod
1091 821 1263 856 moveatur
1281 824 1289 845 :
1308 821 1382 844 cum
1396 812 1495 859 igitur

107 857 242 894 volente
254 857 380 905 Angelo
398 869 512 905 corpus
524 856 601 892 illud
617 870 796 901 movetur,v
808 862 873 894 utri
886 859 937 895 hic
954 871 1061 895 motus
1076 858 1265 893 tribuendus
1282 859 1344 902 est,
1363 862 1441 903 Dei,
1454 874 1496 898 an

107 906 199 956 ipsius
219 906 527 955 Angelivoluntati÷
551 906 640 941 Cum
655 909 736 941 inter
755 910 821 942 Dei
835 908 1040 943 voluntatem
1053 937 1063 952 ,
1085 913 1118 945 &
1134 906 1286 955 effectum
1303 906 1339 942 fir
1359 909 1496 945 neceffa-

107 958 155 990 ria
172 954 354 999 connexio',
376 955 481 1003 palam
492 954 535 989 est
544 967 652 990 motus
663 955 745 990 illius
761 968 872 992 veram
887 956 1011 993 causam
1026 955 1088 993 else
1096 985 1108 1002 ,
1121 970 1189 994 non
1204 956 1323 1006 Angeli
1337 985 1348 1001 ‚
1364 957 1417 992 sed
1430 961 1497 994 Dei

107 1004 323 1041 voluntatem.
463 1047 471 1050 ,
744 1047 747 1048 ⁷
920 1049 921 1052 Ἴ
1031 1047 1034 1050 .

142 1052 343 1102 Responsum
359 1057 426 1099 jam
442 1052 504 1088 fuit
527 1065 566 1088 ex
581 1055 617 1089 iis
633 1052 784 1089 omnibus
803 1063 871 1090 non
879 1054 965 1090 aliud
983 1054 1092 1100 effici,
1117 1054 1218 1103 quarn
1233 1056 1266 1091 id
1289 1055 1390 1105 ipsum*
1408 1058 1497 1104 quod

105 1102 193 1138 ultro
211 1102 420 1137 concedimus
435 1129 444 1144 ,
467 1104 641 1150 praecipu'as
657 1105 734 1138 Deo
751 1105 784 1138 in
801 1105 892 1138 omni
915 1106 1051 1140 actione·
1062 1116 1167 1151 partes
1185 1102 1246 1149 effe
1272 1104 1460 1140 tribuendas
1485 1120 1494 1142 :

107 1165 180 1187 cum
189 1156 279 1200 juxta
294 1150 376 1185 illius
392 1150 479 1199 leges
493 1157 526 1188 ὅ(
542 1151 745 1186 voluntatem
763 1163 877 1186 cuncta
892 1165 1096 1188 moveantur.
1113 1151 1239 1188 Verum
1253 1154 1285 1187 id
1306 1156 1418 1202 negari
1429 1168 1497 1191 non

107 1201 212 1250 potest
224 1225 246 1243 ‚—
260 1199 428 1235 hominem
442 1212 513 1234 cum
531 1201 623 1235 videt
634 1229 644 1243 ,
666 1213 739 1235 cum
754 1200 911 1250 intelligit
924 1230 933 1245 ,
954 1214 1027 1237 cum
1037 1202 1108 1238 vult
1119 1202 1242 1250 aliquid
1253 1232 1262 1246 ,
1283 1215 1361 1237 vere
1375 1210 1408 1240 ὅ(
1419 1216 1497 1252 pro-

107 1252 176 1299 prie
188 1260 285 1298 agere
298 1277 308 1292 ,
325 1259 359 1283 ut
371 1247 622 1284 demonstratum
642 1248 861 1285 anobisfuit.
892 1254 965 1287 Nec
990 1254 1165 1299 quicquam
1193 1251 1238 1285 est
1263 1252 1351 1299 quod
1368 1254 1509 1288 animus-

106 1300 207 1348 magis
230 1296 383 1346 respuat·‚
397 1296 504 1345 *quam
521 1310 654 1333 omnem
672 1298 721 1333 illi
738 1301 905 1334 actionem
930 1302 1075 1348 eripere,
1100 1312 1174 1335 cum
1200 1300 1384 1346 cognoscit,
1420 1314 1495 1338 cum

107 1347 270 1389 discurrit,
285 1359 357 1381 curn
378 1344 559 1389 bene,-aut
575 1346 662 1381 male
681 1358 830 1394 operatur
850 1360 858 1381 :
877 1349 966 1393 quod
987 1361 1073 1383 certe
1101 1351 1122 1382 ii
1141 1347 1195 1397 ipli
1218 1342 1274 1395 qui
1298 1353 1510 1386 contrariam³

108 1398 299 1445 opinionem
313 1394 461 1428 videntur
475 1394 652 1429 defendere
667 1424 676 1438 ‚
688 1397 825 1430 omnino
841 1395 982 1430 fatentur
994 1425 1004 1439 ‚
1023 1409 1060 1431 ac
1069 1397 1153 1433 forte
1164 1396 1269 1433 verbis
1285 1401 1386 1447 magis
1396 1400 1511 1446 quam*

107 1443 208 1493 reipsa
220 1443 262 1478 ab
272 1443 339 1477 aliis
354 1441 557 1492 Philosophis
571 1441 764 1479 dissentiunt.
790 1444 853 1478 Sed
866 1444 906 1478 de
923 1445 971 1480 his
986 1448 1105 1482 cumin
1127 1448 1224 1480 tertio
1243 1457 1407 1492 tractatu,
1426 1457 1510 1483 ωιτν

108 1497 143 1530 in
153 1491 282 1543 Physica
294 1489 406 1541 paffim
427 1497 460 1528 &
481 1491 612 1528 uberius
627 1492 799 1528 dicendum
812 1493 879 1529 est,⁴

574 1585 872 1640 QUAEsi-io
912 1587 1021 1631 νηξ-

516 1689 572 1724 De
592 1693 630 1726 v'i'
650 1692 761 1726 afliva
787 1691 876 1737 cause
899 1682 1089 1737 efficientia·

114 1788 267 1874 Causa
281 1790 424 1826 effectrix
446 1788 639 1825 considerari
655 1790 758 1836 potest
778 1788 831 1825 vel
850 1792 880 1824 in
905 1799 977 1822 aetii
995 1794 1024 1823 10
1037 1817 1047 1832 ,
1074 1799 1230 1836 quatenus
1259 1791 1360 1838 potest
1378 1798 1507 1839 agere,‹

198 1837 328 1875 seuvini
343 1838 442 1874 habet
455 1840 492 1873 iis
504 1838 657 1873 omnibus
676 1838 857 1872 instructam
869 1867 878 1880 ‚
905 1849 975 1884 quae
987 1839 1026 1872 ad
1045 1838 1204 1885 agendum
1224 1842 1394 1887 exiguntur
1411 1857 1419 1882 ·‚
1437 1840 1491 1885 vel

110 1890 143 1922 in
159 1899 231 1923 actu
252 1898 285 1924 20
298 1918 307 1932 ,
331 1900 490 1935 quatenus
504 1900 615 1922 revera
627 1889 714 1934 agit:
733 1887 773 1921 de
789 1888 959 1934 potentia,
982 1885 1036 1931 seu
1047 1888 1086 1920 de
1104 1885 1258 1922 facultate
1273 1890 1388 1935 agendi
1405 1890 1490 1936 prius

110 1937 281 1972 dicendum
299 1939 340 1972 est
354 1967 362 1980 ‚
378 1948 447 1971 tum
465 1937 505 1971 ad
518 1938 680 1971 actionem
692 1934 793 1983 ipsam
804 1936 1061 1982 veniemus-Iam
1074 1946 1109 1969 ut
1122 1947 1212 1970 certo
1230 1937 1343 1972 ordine
1358 1949 1504 1986 progre-·

111 1985 252 2030 diamur,
268 2000 340 2034 quae
353 1989 396 2020 ita
411 1998 497 2020 certa
515 1985 589 2020 sunt'
600 1997 635 2019 ut
651 1986 883 2033 principiorum
901 1983 975 2019 loco
992 1983 1033 2018 ab
1048 1984 1200 2020 omnibus
1222 1983 1426 2035 usurpentur,
1447 1985 1503 2021 ab*

113 2036 149 2068 iis
159 2046 229 2081 quae
242 2035 310 2070 sunt
326 2033 530 2070 controversa
549 2033 739 2083 separemus.

145 2097 168 2119 1.
187 2083 268 2118 Illud
280 2096 404 2119 certum
417 2084 565 2126 videtur,
588 2085 771 2132 potentiam
786 2082 903 2131 agendi
923 2081 1087 2129 quandam
1108 2080 1336 2119 habitudinem
1367 2085 1406 2118 ad
1436 2078 1501 2128 id,

113 2132 199 2178 quod
213 2133 343 2180 produci
356 2133 462 2180 potest
477 2161 486 2175 ,
500 2132 552 2167 suo
564 2131 733 2167 intellecfihi
743 2131 1018 2178 comprehendere
1038 2144 1046 2166 ε
1070 2134 1118 2165 vis
1135 2145 1166 2167 v.
1182 2145 1211 2174 g.
1231 2133 1441 2168 calefaciendi
1457 2136 1505 2169 in·

115 2182 188 2227 igne
206 2208 214 2222 ,
232 2188 346 2229 p'raeter
360 2184 468 2230 ignem
480 2211 490 2226 ,
502 2180 692 2216 relationem
702 2179 900 2215 effenti'alem
913 2180 992 2213 adid
1004 2180 1092 2227 quod
1111 2180 1253 2215 calefieri
1268 2183 1372 2228 potest
1387 2180 1426 2216 fic
1441 2184 1490 2216 in-

115 2227 243 2272 volvit,
268 2242 303 2264 ut
316 2244 413 2265 unum
424 2230 488 2266 fine
507 2230 609 2265 altero
626 2232 753 2276 concipi
767 2232 934 2275 nequeat':
963 2229 1046 2262 unde
1057 2232 1203 2276 potentia
1211 2231 1318 2265 activa
1334 2232 1375 2266 est
1393 2229 1505 2267 causae'

115 2276 171 2326 ipsi
189 2277 354 2312 intrinseca
368 2307 376 2322 ,
398 2279 535 2316 &realis
555 2294 562 2316 :
583 2292 658 2315 nam
677 2277 764 2327 poffe
778 2289 874 2326 agere
893 2277 936 2311 est
948 2276 1025 2323 quid
1038 2276 1133 2312 reale.

152 2342 176 2363 2-
191 2328 278 2361 Hinc
291 2329 356 2360 erui
369 2326 491 2373 potsunt
503 2328 604 2363 multa
628 2330 807 2370 axiomata,
827 2338 898 2374 quae
914 2324 956 2359 ab
981 2324 1047 2359 aliis
1062 2325 1157 2361 fusius
1169 2326 1385 2376 explicantur,
1402 2335 1500 2378 quae'ae

117 2378 228 2424 quein
244 2374 380 2423 Physicis
391 2403 403 2420 ,
426 2381 460 2413 ὅ(
471 2375 668 2416 in-omnibus
683 2389 766 2426 pene
781 2374 952 2423 disciplinis
965 2374 1157 2426 magni-sunt
1171 2375 1248 2412 usus.

1165 2427 1196 2460 V
1211 2438 1233 2460 u
1247 2438 1266 2461 u
1300 2428 1330 2473 ij?
