1857 2745
382 142 437 173 154
734 121 1305 163 -fTRACTATUS
1745 149 1748 150 ν

399 173 550 224 ‘Triplex
567 172 609 207 est
620 172 745 207 duratio
762 189 771 216 ·‚
786 174 1044 219 :eternitasgquae
1057 177 1214 225 principio
1234 182 1266 213 δε
1285 175 1349 211 fine
1365 187 1470 220 caret,
1490 188 1526 212 ac
1547 177 1612 212 Dei
1623 182 1711 215 unius
1726 183 1770 217 est

380 224 570 261 attributum
584 240 592 265 3
605 235 720 265 aevum,
736 223 825 267 quod
843 223 1035 271 principium
1049 223 1149 260 habet
1161 255 1170 270 ‚
1185 226 1236 261 sed
1257 239 1325 262 non
1337 224 1455 271 finem
1475 231 1508 263 ὅ(
1527 238 1667 277 tempuS,
1679 231 1771 279 quod

379 274 574 323 principium
585 270 687 306 habet
697 277 729 308 ἃ
741 269 851 308 finem.

403 323 510 358 Simili
527 322 655 355 ratione
671 321 790 369 duplex
808 319 878 355 Vbi
887 321 985 370 vulgo
999 322 1201 373 distinguitur
1218 342 1227 368 3
1242 337 1342 360 unum
1362 326 1408 358 rei
1425 326 1624 374 incorporeae
1646 339 1772 363 conve.

376 375 437 416 nit,
453 371 589 406 alterum
603 383 614 403 e
624 369 650 404 st
664 373 711 404 rei
724 383 905 419 corporeae:
918 371 996 406 illud
1017 372 1226 409 definitivum
1238 386 1358 409 vocant
1369 403 1378 417 ,
1393 387 1460 421 quo
1472 386 1520 408 res
1543 377 1588 409 ita
1605 376 1651 410 est
1673 379 1704 412 in
1721 377 1771 412 lo-

366 435 417 457 ¹co
428 449 436 460 ,
454 433 490 456 ut
500 432 570 455 tota
583 418 619 454 fit
630 422 662 454 in
679 418 830 467 qualibet
847 421 910 455 loci
923 433 1014 468 parre
1025 437 1032 458 :
1044 435 1109 471 quo
1123 425 1256 471 quidem
1275 424 1375 458 modo
1391 425 1500 457 anima
1514 424 1559 458 est
1576 426 1608 458 in
1627 425 1772 461 humano

368 483 523 520 corpore.
547 472 622 505 Hoc
641 481 720 503 vero
734 469 1041 519 circumscriptivum
1054 473 1220 523 appellant
1234 503 1242 517 ‚
1263 487 1330 520 quo
1346 473 1480 519 quidem
1496 485 1609 522 corpus
1623 472 1662 508 fic
1677 475 1720 508 est
1736 477 1770 511 in

378 521 473 563 loco,
495 531 529 555 ut
547 521 579 554 ei
600 518 875 556 commensuretur
889 548 899 565 ‚
915 524 948 556 &
967 533 1038 568 pars
1053 522 1139 557 illius
1158 526 1300 572 corporis
1321 524 1405 572 parti
1429 522 1546 559 itidem
1563 524 1628 558 loci
1645 523 1773 573 respon-

370 571 464 606 ‘dean

894 622 950 657 De
957 622 1024 670 situ
1031 651 1041 667 ,
1060 621 1099 657 ὠ
1117 619 1239 656 habim.

409 719 496 752 Situs
512 717 556 753 est
570 718 735 769 dispositio
759 722 899 769 partium
918 723 1059 770 corporis
1081 722 1114 756 in
1135 721 1249 755 ordine
1269 721 1309 754 ad
1327 720 1436 757 locum
1454 735 1461 757 ι
1478 733 1514 756 ut
1529 719 1638 755 sedere
1651 721 1776 768 ‚stare,·

365 772 490 815 jacere.
506 767 649 805 Habitus
661 772 791 819 proprie
807 771 850 805 est
865 774 1010 818 corporis
1021 781 1200 818 ,quatenus
1219 770 1250 803 id
1265 782 1423 805 connotat
1439 783 1509 807 rem
1521 768 1725 806 artificialem
1734 770 1775 806 si..

366 815 412 851 :bi
427 817 799 868 adjestamzcujusmodi
821 821 864 855 est
879 821 989 863 vcstis,
1002 826 1035 857 &
1056 821 1088 854 id
1106 832 1206 855 omne
1225 819 1314 867 quod
1340 819 1516 855 humanum
1545 832 1659 867 corpus
1679 821 1774 856 vesti.

376 876 447 904 tum
467 879 524 903 aur
545 880 694 904 ornatum
717 870 918 906 denominat.
938 870 1039 906 Unde
1053 868 1156 904 solent
1167 869 1221 903 has
1235 868 1442 904 conditiones
1455 867 1635 905 adhibere:
1653 881 1774 904 uteor-

376 926 436 964 pus
451 915 529 952 illud
541 917 691 965 adjacens
710 917 745 952 fit
764 918 843 952 utile
859 946 868 957 ‚
891 918 933 952 ab
955 918 1088 953 animali
1102 917 1171 965 ipso
1185 916 1452 961 circumferatur,
1471 931 1533 953 nec
1551 916 1586 952 fit
1604 921 1634 952 ei
1655 921 1773 955 intime

376 968 596 1012 conjunstum.
615 969 704 1002 Hinc
716 966 1040 1016 compedes‚defe6tu
1052 969 1163 1015 primae
1175 967 1372 1003 conditionis
1389 984 1398 1012 3
1413 968 1531 1011 leetus,
1550 978 1604 1002 aut
1621 968 1774 1017 stragula,

377 1012 514 1049 secunda
526 1015 702 1051 deficiente
716 1033 725 1058 3
737 1016 795 1064 pili
808 1022 841 1053 δε
859 1016 1106 1063 plumae,quibus
1125 1019 1218 1050 tertia
1231 1016 1320 1050 deest
1331 1018 1478 1051 c-onditio
1488 1046 1497 1059 ‚
1510 1017 1773 1064 apraedicamew

379 1073 413 1095 to
431 1062 559 1097 habitus
572 1064 792 1099 excluduntur.
815 1065 916 1110 Qod
932 1065 1019 1099 forte
1030 1077 1097 1099 non
1114 1067 1225 1111 magni
1249 1064 1295 1098 est
1313 1064 1381 1099 usus
1397 1066 1437 1099 ad
1457 1065 1641 1100 distinctam
1663 1078 1771 1102 rerum

377 1113 604 1158 cognitionem
625 1111 820 1149 habendam.
838 1116 923 1148 Situs
941 1112 1006 1162 ipse
1018 1124 1074 1147 aut
1090 1116 1234 1161 corporis
1253 1115 1340 1148 inter
1361 1114 1424 1149 alia
1447 1112 1561 1162 positio
1580 1114 1650 1162 plus
1669 1113 1772 1150 habet

375 1159 541 1204 utilitatis,
563 1161 845 1209 quemadmodum
859 1163 899 1196 de
919 1161 1019 1211 figura
1035 1163 1183 1198 diximus.
1203 1162 1305 1199 Unde
1326 1165 1359 1198 in
1379 1163 1537 1199 machinis
1557 1176 1710 1214 magnum
1722 1164 1771 1200 est

378 1210 414 1245 in
432 1208 487 1246 fitu
499 1210 568 1259 ipso
580 1223 788 1248 momentum
803 1224 858 1255 ,ut
873 1211 927 1246 suo
941 1212 1015 1247 loco
1037 1212 1152 1246 distrui
1172 1211 1286 1248 sumus.

780 1293 1237 1335 DISPUTATIO
1288 1293 1391 1334 III.

862 1383 918 1416 De
943 1382 1273 1431 Postpraedicamentis.

381 1456 755 1540 POstpraedicamenta
772 1455 920 1490 dicuntur
932 1468 1121 1492 communes
1133 1456 1284 1501 quaedam
1299 1454 1489 1491 affl-&iones
1504 1484 1513 1498 ,
1533 1468 1590 1491 aut
1604 1456 1695 1492 modi
1713 1457 1774 1505 qui

447 1507 690 1551 praedicamenta
708 1502 960 1550 consequuntur,
976 1510 1008 1540 δε
1022 1505 1062 1537 ad
1081 1503 1182 1538 multa
1193 1503 1273 1551 scepe
1284 1508 1457 1551 pertinent.
1478 1507 1541 1539 Sex
1554 1505 1596 1539 ab
1617 1506 1774 1541 Aristote-

379 1555 409 1589 le
422 1564 647 1595 numerantur,
658 1564 778 1599 nempe
787 1551 948 1601 oppositio
958 1582 966 1596 ‚
981 1553 1071 1587 modi
1084 1554 1196 1601 prioris
1212 1558 1244 1589 δε
1254 1554 1439 1601 posterioris
1452 1570 1460 1597 ·,
1478 1555 1568 1589 modi
1582 1553 1685 1597 simul,
1696 1568 1773 1590 mo-

381 1615 428 1639 tus
443 1633 451 1645 ,
466 1609 498 1639 ὃ(
518 1603 609 1637 modi
622 1600 765 1636 habendi
779 1616 865 1650 :quae
884 1604 998 1637 omnia
1012 1614 1084 1636 cum
1105 1604 1138 1638 in
1150 1603 1347 1650 compendio
1359 1602 1418 1638 fint
1435 1603 1614 1651 explicata3
1633 1616 1772 1652 perpau-

377 1665 415 1687 ca
427 1653 579 1686 duntaxat
596 1652 635 1685 de
653 1648 806 1698 oppositis
820 1681 829 1695 ,
844 1664 985 1699 quorum
1007 1650 1076 1685 usus
1100 1652 1143 1686 est
1165 1651 1369 1698 frequentior
1388 1682 1397 1695 ,
1418 1654 1599 1699 adjicienda
1619 1652 1771 1690 hocloco

378 1701 569 1736 arbitramur
582 1714 588 1736 ε
600 1712 636 1734 ac
650 1702 791 1750 primum
801 1701 843 1736 de
854 1703 892 1736 iis
906 1699 1076 1736 univerfim
1086 1729 1096 1744 ,
1116 1711 1184 1735 tum
1205 1699 1342 1736 seorsum
1355 1714 1499 1751 agemus-

822 1785 1108 1832 =QUAESTIO
1159 1784 1226 1818 PR
1242 1784 1352 1820 lOR.

825 1867 880 1899 De
899 1876 975 1915 oppa
991 1858 1045 1899 tiis
1070 1867 1103 1899 in'
1125 1866 1317 1908 univwsttm.

481 1945 699 1996 Ppofitionem
710 1946 806 1980 aliam
817 1939 878 1979 effe
893 1944 1080 1991 (implicem,
1101 1954 1156 1977 aut
1170 1942 1409 1989 incomplexam
1424 1972 1432 1986 ‚
1445 1943 1543 1979 aliam
1554 1945 1771 1994 complexam,

477 2003 543 2046 jam
562 1997 743 2030 identidem
758 1996 965 2036 monuimus·‚
985 1993 1024 2026 de
1037 1992 1090 2026 illa
1113 2005 1198 2027 nunc
1214 1994 1347 2040 agimus.
1378 1994 1469 2028 Nam
1497 1995 1615 2043 compl·
1629 2009 1667 2030 xa
1688 1998 1771 2031 inter

377 2046 629 2097 propofitioneS,
640 2044 846 2093 incomplexa
859 2045 943 2078 inter
961 2054 1009 2076 res
1023 2041 1102 2090 ipsas
1116 2054 1186 2089 quae
1199 2044 1340 2077 terminis
1351 2042 1563 2091 incomplexis
1577 2047 1767 2093 exprimun-

379 2109 439 2141 tur,
452 2095 631 2131 intercedit.
650 2092 825 2142 Oppofitio
838 2095 935 2141 igitur
951 2092 998 2126 est
1013 2093 1096 2126 inter
1109 2092 1172 2126 duo
1185 2090 1294 2138 aliqua
1306 2105 1376 2139 quae
1393 2095 1436 2126 ita
1453 2095 1537 2127 inter
1557 2094 1586 2127 le
1606 2106 1767 2142 pugnant,

377 2159 416 2182 ut
433 2157 586 2181 neutrum
608 2143 701 2179 simili
717 2144 816 2179 modo
826 2154 948 2192 pugnet
961 2155 1034 2176 cum
1050 2140 1114 2175 alio
1128 2140 1259 2175 diversae
1282 2139 1408 2190 speciei.
1427 2144 1478 2176 Sic
1488 2142 1575 2176 calor
1596 2145 1640 2176 ita
1653 2143 1768 2191 frigori

381 2206 539 2244 repugnat
552 2223 561 2237 ,
575 2206 610 2228 ut
621 2206 693 2228 cum
708 2193 772 2227 alio
783 2195 898 2241 quovis
909 2191 1043 2226 similem
1055 2204 1122 2225 non
1139 2189 1258 2225 lubeat
1274 2193 1531 2239 repuzxnantiam.
1554 2194 1590 2226 ln
1608 2204 1676 2238 quo
1698 2195 1769 2239 qui-

382 2245 456 2277 dem
479 2241 784 2290 terminioppofitia
798 2242 960 2291 disparatis
973 2242 1223 2288 distinguuntur,
1244 2243 1298 2286 qui
1319 2238 1377 2274 fibi
1400 2251 1447 2274 ita
1469 2240 1537 2275 sum
1561 2239 1709 2288 oppositi,
1726 2251 1764 2276 ut

383 2291 578 2328 consnnilem
592 2292 736 2327 habeant
753 2291 907 2326 cum'aliis
922 2291 1170 2340 repugnantiam
1183 2303 1190 2325 ε
1202 2301 1237 2325 ut
1249 2288 1361 2332 homo,
1381 2302 1481 2337 equus
1493 2296 1525 2326 &
1542 2290 1596 2325 leo
1614 2289 1683 2324 siint
1698 2301 1764 2324 ter-

382 2343 461 2376 mini
479 2354 534 2383 ‚ut
552 2342 744 2388 loquuntur,
761 2341 919 2389 disparati.

420 2390 488 2427 Uni
503 2392 635 2439 quidem
646 2393 755 2426 virtuti
774 2391 837 2426 duo
856 2392 932 2427 vitia
941 2389 1212 2439 suntplerumque
1231 2387 1374 2438 oppofira
1388 2418 1398 2434 ,
1421 2387 1473 2424 sed
1501 2403 1568 2426 non
1583 2400 1622 2425 ex
1649 2400 1763 2435 aequo,
