1857 2745
383 170 444 202 i4o
808 150 1272 190 *TRACTATUS

381 203 420 238 'co
431 232 439 245 ,
455 204 603 250 inquiunt
614 229 622 242 ‚
633 202 807 246 paternitas
824 200 933 236 divina
948 200 994 235 est
1009 213 1086 236 vera
1100 207 1133 238 δε
1146 202 1238 238 realis
1259 201 1376 238 relatio
1395 216 1403 238 ε
1418 203 1496 252 quia
1510 204 1606 239 Pater
1623 214 1763 241 aeternus

381 263 516 299 generat
527 248 693 285 Verbum:
709 261 786 298 ergo
799 255 832 285 δε
843 251 875 284 in
888 247 985 284 rebus
1000 251 1113 286 creatis
1126 263 1218 300 pater
1228 281 1238 294 ,
1250 255 1308 298 qui
1324 251 1427 287 filium
1436 253 1569 300 genuit,
1583 265 1640 301 per
1654 266 1765 290 veram

382 307 416 337 &
430 299 552 334 realem
562 298 757 335 relationem
769 299 810 333 ad
825 311 898 334 eum
912 298 1061 336 refertur.
1085 300 1284 347 Qanquam
1297 315 1366 336 non
1385 301 1509 337 inficior
1532 302 1619 349 hujus
1636 305 1765 352 generis

381 349 579 396 argumentis
593 359 688 395 parce
704 348 861 383 utendum
879 345 961 382 effe:
981 360 1054 383 cum
1066 349 1181 384 relatio
1190 350 1298 385 divina
1312 350 1346 385 fit
1370 349 1540 385 substantia
1553 379 1563 394 ,
1579 363 1646 386 non
1669 352 1766 399 quid-

381 398 456 431 dam
477 409 596 433 naturae
611 397 728 432 divinae
749 397 966 432 adventitium
977 425 987 441 ,
1002 409 1037 433 ut
1049 397 1224 433 relationes
1235 427 1245 442 ‚
1265 400 1305 433 de
1316 399 1433 447 quibus
1445 412 1531 435 nunc
1546 401 1683 448 agimus,
1693 403 1768 438 Nec

381 448 453 483 satis
464 459 537 482 tuto
550 445 592 481 ab
607 445 816 481 inenarrabili
825 446 979 494 mysterio
992 474 1002 488 ,
1019 447 1110 495 quod
1127 447 1192 482 fide
1208 449 1367 484 credimus
1379 479 1388 493 ,
1405 455 1439 486 δε
1455 450 1625 484 adoramus
1637 477 1647 492 ,
1661 449 1703 484 ad
1716 462 1767 485 res

382 495 625 545 Philosophicas
643 507 832 544 argumenta
852 496 1018 531 ducuntur.

418 547 636 596 Opponnnt1⁰
664 547 732 597 Qi
745 557 857 580 contra
870 544 1008 580 sentiunt
1022 574 1032 588 ‚
1051 544 1242 581 relationem
1256 546 1337 582 nihil
1348 545 1408 581 esse
1420 558 1533 596 praeter
1551 549 1770 596 comparatio-

380 609 458 633 nem
472 596 648 643 quandam:
669 608 746 629 nam
762 594 860 629 relata
871 600 903 631 δι
913 606 1100 643 comparata
1112 608 1213 631 unum
1229 601 1260 632 &
1275 597 1363 631 idem
1381 595 1450 631 sunt
1466 610 1473 632 z
1493 596 1545 630 secl
1560 599 1664 631 omnis
1677 610 1771 632 com-

382 647 507 695 paratio
519 643 556 680 fit
571 643 612 679 ab
630 643 800 680 intellectu
812 644 938 680 nostro:
952 657 1030 693 ergo
1040 643 1157 680 relatio
1169 647 1275 681 omnis
1289 646 1333 680 est
1341 645 1450 680 nostrae
1467 646 1691 693 rationisopus
1706 673 1716 689 ‚
1731 657 1771 682 ac

381 694 470 731 nulla
485 695 529 729 est
546 693 650 731 realis.

421 745 507 791 Resp,
529 743 615 788 Dist.
633 747 711 785 maj.
723 743 858 779 Relatio
873 743 916 778 est
925 746 1125 791 comparatio
1135 744 1278 791 quaedam
1297 742 1475 790 objeffiva,
1487 743 1528 780 C.
1540 743 1689 779 forma-lis
1699 774 1709 788 ‚
1726 746 1773 782 N.

382 796 435 830 Sic
450 807 622 830 numerum
631 791 692 828 effe
703 796 805 828 etiam
823 794 952 828 nemine
969 794 1134 841 cogitante
1153 793 1345 828 ostendimus
1357 807 1365 828 :
1379 791 1502 827 tametsi
1515 796 1697 828 numeratio
1707 793 1774 842 ipra

383 843 426 879 ab
454 843 625 880 intellestu
645 843 758 879 nostro
790 842 943 890 pendeat.
971 844 1053 878 Non
1083 840 1224 876 diffimili
1254 843 1383 877 ratione
1412 841 1494 876 ordo
1518 843 1651 890 quidam
1674 843 1721 877 est
1739 845 1775 877 in

384 891 481 928 rebus
498 906 564 941 quae
578 892 647 928 sunt
660 890 917 940 comparabiles:
936 890 990 925 sed
1011 891 1141 926 adtualis
1160 894 1361 938 comparatio
1382 890 1403 926 ἓν.
1421 902 1534 926 mente
1556 890 1774 938 proficiscitur.

385 944 464 976 Huc
481 943 564 976 adde
579 942 727 976 ordinem
741 952 831 976 unius
842 941 887 973 rei
900 940 941 974 ad
954 939 1091 974 alteram
1102 953 1169 975 non
1179 939 1331 988 cognosci
1342 938 1398 974 nifi
1412 951 1470 987 per
1482 943 1777 989 comparationem,

385 1003 459 1039 qua’.
473 989 511 1025 fit
524 1003 581 1039 per
594 1002 752 1025 mentem.

423 1041 508 1088 Opp.
519 1050 551 1076 2,n
567 1040 668 1087 Qod
688 1040 735 1073 est
748 1037 835 1073 reale
850 1066 860 1080 ‚
885 1036 987 1072 habet
998 1036 1121 1072 causam
1137 1038 1277 1073 realem:
1289 1037 1342 1071 sed
1359 1036 1448 1072 nulla
1463 1036 1570 1072 afferri
1581 1039 1688 1086 potest
1701 1051 1777 1073 cau-

387 1087 418 1122 sa
433 1089 598 1123 relationis
613 1116 622 1131 ‚
641 1086 695 1121 nisi
705 1099 795 1122 mens
806 1086 889 1134 ipsa,
905 1087 983 1120 dum
1003 1098 1052 1120 res
1067 1088 1150 1121 inter
1169 1086 1198 1121 se
1209 1098 1394 1134 comparat:
1412 1098 1489 1134 ergo
1504 1087 1592 1121 nulla
1613 1088 1656 1122 est
1680 1087 1777 1122 realis

388 1141 422 1173 &
442 1139 574 1172 nemine
593 1138 769 1184 cogitante.

426 1186 512 1234 Resp.
534 1198 601 1220 non
611 1185 707 1219 aliam
725 1184 785 1219 effe
797 1184 960 1219 relationis
978 1183 1104 1219 causam
1118 1196 1231 1231 praeter
1246 1184 1518 1230 fundamentum,
1539 1184 1559 1220 a
1575 1197 1642 1233 quo
1667 1197 1778 1222 tamen

390 1233 455 1282 ipsa
474 1247 541 1269 non
557 1235 773 1282 distinguitur:
794 1233 847 1268 sed
868 1234 908 1268 de
923 1234 971 1268 his
991 1234 1109 1281 postea.

427 1282 500 1318 Alia
513 1281 584 1318 sunt
594 1296 663 1330 quae
673 1283 774 1318 solent
789 1295 959 1331 opponere
968 1313 976 1326 ‚
991 1295 1125 1329 quaeque
1138 1282 1207 1317 satis
1220 1282 1311 1319 firma
1321 1283 1392 1319 sunt
1401 1284 1551 1320 adversus
1567 1295 1640 1327 eos,
1662 1287 1717 1332 qui
1727 1296 1779 1319 re-

391 1331 549 1367 lationem
573 1346 640 1367 non
658 1333 759 1368 modo
778 1332 900 1367 realem
923 1331 983 1367 else
998 1359 1009 1373 ,
1042 1330 1094 1365 sed
1121 1334 1220 1366 etiam
1238 1333 1257 1367 a
1287 1333 1502 1370 fundamento
1524 1332 1676 1382 distingui
1705 1345 1781 1383 per·

393 1382 532 1417 tendunt
551 1397 558 1418 ι
583 1383 672 1430 quod
688 1384 799 1429 utique
816 1384 968 1431 proximo
982 1380 1117 1415 articulo
1137 1383 1199 1416 erit
1217 1381 1458 1419 discutiendum.

851 1463 1220 1500 ARTICULUS
1276 1467 1324 1499 11.

674 1544 832 1589 Qomodo
852 1546 967 1579 relatio
994 1543 1211 1592 dzstt‘nguatur
1230 1543 1250 1577 lt
1263 1544 1484 1588 fitna'amenw.

492 1625 569 1662 Unc
578 1635 649 1672 quae
659 1625 699 1658 ad
715 1637 863 1660 naturam
881 1624 1047 1660 relationis
1066 1627 1248 1674 pertinent,
1269 1628 1348 1661 &in
1365 1637 1432 1672 quo
1449 1627 1594 1661 maxime
1608 1624 1709 1673 pofita
1725 1623 1785 1668 fit,

495 1674 591 1723 paulo
609 1677 781 1709 accuratius
795 1677 977 1710 intueamur
998 1689 1006 1710 ε
1027 1686 1064 1708 ac
1078 1676 1216 1722 primum
1238 1687 1279 1709 an
1295 1673 1410 1708 relatio
1427 1672 1464 1709 sit
1480 1675 1629 1721 quaedam
1644 1677 1784 1718 entitas,

399 1739 467 1773 quae
491 1724 702 1759 fundamento
719 1722 907 1766 succrescat,
924 1729 957 1760 δε
973 1723 1016 1758 ab
1034 1736 1072 1757 ea
1094 1722 1260 1770 plusquam
1278 1725 1403 1758 ratione
1418 1722 1453 1758 fit
1468 1723 1618 1757 distincta
1633 1752 1642 1766 ,
1657 1735 1787 1770 expen-

399 1778 522 1809 damus,
546 1775 590 1807 Ex
610 1785 676 1819 quo
687 1775 773 1808 enim
785 1775 935 1808 entitates
945 1771 1096 1820 quasdam
1106 1771 1125 1807 a
1134 1771 1283 1817 subjectis
1297 1770 1445 1806 discretas
1459 1801 1469 1814 ,
1484 1783 1623 1819 quaeque
1637 1784 1698 1807 nec
1711 1771 1786 1806 sub-

400 1825 518 1859 stantia:
536 1821 626 1864 sunt,
649 1834 709 1856 nec
733 1823 927 1865 accidentia,
954 1823 1151 1856 recentiores
1172 1820 1358 1868 Philosophi
1382 1823 1606 1870 excogitarunt
1620 1849 1630 1863 ,
1651 1819 1785 1856 infinitae

397 1873 657 1908 concertationes
674 1873 755 1904 circa
771 1872 829 1905 hos
853 1871 968 1906 modos
985 1869 1142 1905 emersere
1156 1900 1164 1913 ‚
1183 1868 1300 1916 quibus
1329 1883 1379 1903 res
1406 1869 1478 1904 satis
1503 1860 1609 1904 olSviae
1631 1874 1664 1905 ὅ(
1687 1868 1785 1903 intel-

399 1923 484 1957 lectu
506 1919 616 1954 faciles
636 1931 751 1966 magna
767 1919 963 1954 obscuritate
979 1919 1049 1953 sunt
1069 1919 1232 1952 involutae.
1253 1920 1325 1953 Nos
1349 1930 1428 1951 vero
1453 1930 1524 1950 eam
1540 1915 1600 1950 else
1623 1920 1784 1963 optimam

399 1967 646 2019 philosophandi
660 1970 820 2001 rat-ionem
846 1969 983 2001 omnino
999 1964 1128 2013 persuali
1141 1995 1149 2008 ‚
1171 1978 1243 2011 quse
1254 1965 1348 2013 plana
1359 1966 1404 2000 est
1415 1995 1424 2007 ‚
1442 1964 1658 2001 &intellectu
1672 1965 1785 2009 facilis,

400 2030 537 2068 qur-que
561 2017 581 2051 ἐι
598 2018 764 2051 communi
779 2015 950 2050 hominum
958 2013 1047 2049 sensu
1062 2016 1165 2049 minus
1178 2013 1353 2058 abhorret,
1369 2013 1527 2058 ejusmodi
1544 2017 1698 2050 entitates
1716 2027 1784 2050 non

401 2070 422 2104 a
431 2068 587 2103 relatione
600 2075 747 2106 tantum,
777 2064 829 2099 sed
849 2066 950 2099 etiarn
966 2063 987 2099 ὲ
1010 2063 1138 2111 reliquis
1162 2064 1418 2112 praedicamentis
1448 2064 1583 2099 omnino
1599 2064 1789 2111 rejiciendas

402 2118 605 2154 arbitramur.
628 2115 675 2147 Sit
691 2115 804 2161 itaque

951 2163 1066 2196 'Unica
1079 2160 1236 2206 conclufio.

439 2260 571 2297 Relatio
583 2276 651 2299 non
667 2262 714 2297 est
734 2262 839 2297 forma
850 2290 859 2304 ,
885 2262 939 2297 vel
962 2264 1077 2296 entitas
1093 2259 1112 2295 ὲ
1127 2260 1340 2296 fundamento
1354 2260 1483 2295 realiter
1502 2260 1666 2294 distincta.

443 2308 604 2345 Probatur
613 2312 771 2358 conclufio.
784 2320 810 2348 ι’*
820 2311 942 2346 Inutilis
956 2313 1093 2346 omnino
1103 2310 1149 2343 est
1170 2308 1222 2343 illa
1241 2312 1356 2344 entitas
1375 2338 1383 2351 ‚
1417 2321 1472 2344 aut
1504 2309 1609 2344 forma
1628 2308 1649 2343 a
1672 2306 1790 2343 funda..>

408 2370 522 2394 mento
533 2359 696 2403 distincta,
715 2374 788 2395 cum
801 2363 878 2395 citra
896 2361 985 2396 illam
995 2359 1110 2394 relatio
1127 2358 1190 2398 ips-a
1204 2361 1290 2394 redte
1307 2362 1432 2406 concipi
1455 2364 1486 2395 ἃς
1501 2355 1560 2392 effe
1572 2356 1665 2405 possit
1682 2371 1689 2392 :
1711 2369 1788 2403 ergo

407 2421 494 2444 nova
508 2406 561 2442 illa
574 2413 705 2454 entitas,
715 2422 770 2446 aut
783 2410 917 2455 modus,
931 2422 967 2446 ut
977 2413 1086 2452 aiunt,
1104 2407 1298 2456 respectivus
1309 2408 1354 2442 est
1367 2411 1500 2444 omnino
1513 2406 1712 2455 rejiciendus,
1721 2406 1790 2440 An-
