1857 2745
367 160 425 185 202
886 176 889 178 ,
932 139 960 176 L
977 139 1012 174 Ο
1027 140 1056 173 G
1075 140 1088 172 1
1104 139 1134 175 C
1145 141 1185 174 AE

371 195 410 230 ad
424 190 675 239 intelligentiam
687 188 787 231 vero,
811 198 847 226 ut
864 187 1021 231 diximus,
1037 190 1141 236 prima
1154 198 1259 223 rerum
1272 188 1429 236 principia
1448 189 1637 237 pertinent:
1651 189 1790 242 sapiens}

373 246 417 278 tia
435 253 484 276 res
497 237 659 275 altissimas
671 250 728 288 pet
738 236 844 273 causas
853 236 1019 275 altissimas
1030 236 1227 286 persequitur
1240 265 1250 280 ‚
1263 248 1298 271 ut
1316 238 1407 273 Meta
1435 237 1557 288 hylica:
1571 238 1700 276 scientia
1713 249 1788 277 ve..:¹

372 290 409 329 to
422 319 432 335 ,
456 301 491 324 ut
506 287 669 337 sapientiae
688 289 884 336 opponitur,
902 300 952 324 tes
975 287 1147 323 inferiores
1164 298 1222 336 per
1245 284 1351 322 causas
1366 250 1480 324 itidem
1505 288 1677 326 inferiores
1692 320 1702 336 ‚
1720 291 1774 328 sed

372 337 561 377 neceffanas
584 337 836 387 contemplatur.

408 393 456 426 Ac
473 388 634 437 triplicem
649 387 737 422 illam
757 390 930 430 virtutem,
948 385 1151 422 intelleetum
1162 388 1396 437 principiorum
1408 415 1418 430 ‚
1429 385 1777 435 sapientiam&scien..'

375 442 453 475 tiam
466 441 501 474 in
516 451 553 473 ea
570 449 660 486 parte
679 439 796 472 mentis
815 449 886 484 quae
904 438 988 470 circa
1011 448 1061 471 res
1083 435 1266 472 neceffiuias
1280 448 1458 486 occupatur
1472 465 1482 479 ,
1509 440 1648 480 omn-ino
1661 441 1780 475 consti-

373 492 434 525 tuit
450 506 460 532 ·,
473 500 508 524 ur
522 499 627 523 artem
639 493 671 524 ὃ(
683 488 890 535 prudentiam
899 486 938 521 ad
952 498 1079 534 partem
1090 486 1272 522 eledtricem
1285 493 1318 524 &
1329 487 1508 535 logisticam
1518 490 1681 535 pertinere
1689 488 1778 526 idem

372 537 589 585 Philosophus
601 538 755 572 decernit.
766 539 880 572 Artem
902 534 922 570 a
936 535 1109 584 prudentia
1123 538 1157 571 in
1186 537 1248 572 hoc
1266 537 1481 578 disterminat,
1502 538 1590 582 quod
1608 549 1657 571 ars
1678 536 1714 574 iit
1727 539 1780 574 fa-

376 591 484 632 &iva‚
504 587 555 622 seu
566 588 693 635 poetica
708 614 715 625 ,
735 587 905 635 prudentia
922 585 1142 630 verantiva3
1166 586 1220 621 illa
1238 586 1445 628 industriam,
1469 585 1534 619 haec
1555 588 1784 624 intentionem*

373 640 476 688 magis
494 637 638 685 spediet3
660 635 716 670 illa
730 636 856 672 bonum
871 634 1049 672 secundum
1067 637 1166 684 quid,
1187 648 1221 672 ut
1239 635 1364 671 bonum
1384 634 1638 684 pi&0rem‚haec
1652 635 1780 674 bonum

374 687 559 736 {impliciter
576 686 778 722 denominet.

418 740 462 773 Ex
478 737 527 773 his
547 735 652 784 liquet
668 735 833 771 scientiam
852 747 985 771 ornnem
1001 733 1061 779 esse
1074 734 1317 783 speculatricem
1328 764 1337 778 ,
1355 733 1377 769 fi
1388 746 1438 768 res
1449 732 1513 782 ipsa
1533 746 1572 769 ex
1586 748 1696 772 mente
1705 738 1785 773 Ari.

377 786 501 822 stotelis
512 815 522 830 ,
536 798 636 833 quam
645 784 734 821 sexto
745 786 935 821 Ethicorum
945 783 1089 832 exposuit
1099 812 1110 827 ,
1133 783 1168 818 sit
1184 784 1395 833 dijudicanda.
1410 785 1474 818 Sed
1492 796 1567 818 curn
1582 783 1624 819 eo
1635 785 1698 820 loci
1715 788 1785 821 vir..

377 848 462 872 tutes
474 835 660 872 intellectus
670 864 680 878 ,
703 835 755 870 seu
770 833 897 870 habitus
911 836 970 882 qui
987 833 1190 869 intellectum
1201 835 1242 868 ad
1260 835 1435 869 veritatem
1449 832 1605 868 inclinant
1618 862 1627 876 ,
1638 847 1677 870 ex
1691 847 1786 870 occa·

376 885 463 922 sione
482 896 610 922 tantum
631 883 781 928 delibet,
804 896 841 919 ut
858 884 899 918 ad
919 883 1127 931 prudentiam
1145 883 1298 926 accedat,
1315 884 1356 917 de
1370 895 1436 930 qua
1457 880 1549 916 fusius
1567 880 1614 917 ibi
1635 883 1786 933 disputaq

375 947 515 983 cumque
527 937 564 970 in
573 933 801 983 posterioribus
814 932 995 981 Analyticis
1015 945 1084 967 tem
1102 934 1207 981 magis
1219 933 1380 980 explicate
1398 931 1660 969 tradideritmon
1678 932 1785 969 solum

377 985 456 1033 quid
468 984 584 1020 sentiat
596 984 785 1019 Aristoteles
797 1012 806 1028 ‚
825 981 878 1018 sed
895 984 997 1017 etiam
1010 982 1091 1029 quid
1109 981 1315 1017 sentiendum
1329 980 1365 1016 fit
1379 1008 1391 1024 ,
1416 982 1524 1029 potius
1542 993 1580 1017 ex
1603 982 1787 1032 Analyticis

381 1033 485 1082 quam
496 1047 536 1069 ex
554 1032 642 1069 libris
655 1033 844 1069 Ethicorum
863 1032 1022 1066 :estimare
1040 1030 1209 1067 debemus,
1750 1044 1756 1050 ·

416 1083 504 1117 Cum
523 1084 619 1130 igitur
637 1085 670 1117 in
684 1081 772 1116 calce
786 1079 844 1116 lib.
859 1095 885 1117 2.
901 1080 1117 1127 posteriorum
1127 1079 1242 1114 diserte
1253 1080 1407 1115 decernat
1419 1080 1499 1114 duos
1515 1078 1576 1114 effe
1586 1091 1713 1116 tantum
1726 1079 1789 1115 hau

381 1130 469 1166 bitus
481 1159 491 1174 ,
513 1133 570 1177 qui
581 1129 706 1179 semper
718 1131 757 1164 ad
777 1131 950 1165 veritatem
960 1140 1018 1162 nos
1029 1128 1252 1164 determinant
1267 1158 1275 1172 ,
1299 1128 1553 1178 intelligentiam
1571 1131 1732 1165 videlicet
1751 1134 1789 1167 δε

381 1181 568 1223 scientiam,
586 1179 674 1215 illam
688 1182 768 1213 circa
781 1180 940 1227 principia
954 1205 964 1220 ,
985 1176 1069 1212 hanc
1084 1179 1166 1211 circa
1183 1176 1402 1213 conclusiones
1431 1177 1546 1213 versati
1567 1196 1576 1222 3
1601 1179 1710 1227 palam
1739 1179 1787 1214 est

381 1228 488 1278 primo
506 1228 694 1278 sapientiam
706 1242 772 1264 non
791 1226 852 1262 else
869 1226 1019 1263 habitum
1032 1226 1052 1261 it
1065 1226 1198 1262 scientia
1207 1227 1402 1265 distinetum.
1430 1243 1446 1264 2
1475 1227 1640 1263 Habitum
1652 1241 1788 1265 omnem

383 1279 680 1314 demonstrativum
701 1277 760 1313 effe
775 1274 1042 1321 scientiam,>s1ve
1067 1278 1099 1310 in
1121 1276 1405 1325 contemplatione
1423 1276 1467 1312 sui
1483 1276 1607 1326 objeeti
1620 1276 1790 1326 conquies-

383 1341 454 1372 cat,
469 1327 534 1364 five
543 1328 663 1375 aliquid
676 1327 836 1363 moliatur.
855 1328 945 1362 Hinc
968 1337 1032 1361 tres
1047 1324 1116 1360 sunt
1127 1327 1282 1361 duntaxat
1291 1339 1329 1360 ex
1342 1327 1516 1361 Aristotele
1529 1326 1791 1375 syllogismorum

383 1377 502 1426 species
520 1394 528 1420 3
550 1377 841 1420 demonstrativus,
867 1378 921 1423 qui
939 1386 1073 1424 generat
1087 1374 1255 1409 scientiam
1273 1391 1281 1417 3
1299 1377 1444 1422 Topicus
1462 1403 1470 1417 ,
1498 1378 1555 1423 qui
1574 1379 1766 1424 opinionem
1775 1393 1791 1422 .;

386 1433 421 1465 δε
435 1427 649 1475 sophisticus,
675 1428 732 1474 qui
746 1438 901 1461 errorem.
919 1425 1020 1462 Unde
1039 1426 1140 1458 virtus
1158 1427 1263 1459 omnis
1274 1424 1500 1460 intellectualis
1513 1454 1522 1468 ‚
1544 1423 1607 1460 five
1619 1437 1657 1459 ea
1669 1424 1705 1461 {it
1720 1425 1792 1474 spe.

385 1476 526 1511 culativa
536 1505 546 1519 ,
560 1475 622 1510 live
661 1478 777 1511 raetica
792 1504 801 1518 ‚
825 1488 899 1509 cum
910 1485 1057 1510 mentem
1072 1474 1113 1506 ad
1132 1486 1247 1508 verum
1270 1472 1393 1522 semper
1407 1474 1539 1509 inclinet
1554 1503 1564 1517 ‚
1584 1486 1691 1522 neque
1706 1476 1792 1510 adeo

386 1538 478 1562 mere
491 1527 619 1573 Topica
631 1489 689 1568 (it,
707 1536 762 1559 aut
780 1523 977 1571 Sophffiica,
996 1524 1131 1556 omnino
1159 1522 1199 1556 ad
1217 1521 1385 1558 scientiam
1399 1522 1590 1571 pertinebit-

436 1573 669 1619 Confirmatur.
690 1576 735 1609 Ex
750 1571 927 1608 Aristotele
939 1601 949 1616 ,
970 1574 1028 1619 qui
1047 1573 1079 1607 in
1093 1570 1145 1606 lib.
1171 1573 1277 1620 primo
1296 1571 1655 1621 posteriorum,habitus
1673 1575 1794 1609 mentis

386 1622 503 1671 quibus
521 1626 640 1657 veritas
650 1624 773 1671 acquiri
783 1622 891 1671 potest
901 1651 912 1666 ,
925 1622 966 1656 ad
977 1623 1038 1656 tria
1047 1623 1153 1669 capita
1164 1633 1299 1656 revocat
1311 1651 1320 1665 ‚
1337 1621 1588 1670 intelligentiam
1599 1651 1608 1665 ,
1623 1621 1791 1660 scientiam

389 1679 423 1709 ἃ
438 1675 629 1721 opinionem
645 1679 754 1721 :cujus
778 1669 938 1707 divisionis
953 1672 1117 1706 rationem
1131 1669 1220 1718 supra
1232 1670 1418 1707 attulimus:
1439 1674 1523 1720 Ergo
1535 1670 1674 1706 scientiae
1683 1675 1794 1707 nomi.

390 1734 432 1756 ne
448 1721 676 1770 complectitur
688 1734 823 1757 omnem
833 1723 985 1757 virtutem
1000 1721 1120 1755 mentis
1134 1717 1333 1756 discurfivam
1345 1749 1355 1765 ,
1379 1732 1478 1769 quam
1491 1723 1642 1769 opinioni
1658 1723 1792 1758 incertae
1839 1743 1842 1745 ·

389 1773 527 1820 opponit
541 1788 550 1815 3
564 1770 627 1807 live
637 1784 674 1806 ea
691 1770 727 1806 (it
741 1769 948 1820 speculatrix,
966 1767 1029 1804 [ive
1043 1771 1217 1817 operatrix.

423 1823 566 1856 Scientia
577 1823 674 1870 igitur
688 1824 815 1869 optime
833 1818 986 1855 definitur
996 1817 1125 1854 habitus
1139 1819 1411 1856 demonstrativus
1428 1838 1436 1865 3
1450 1831 1486 1855 ut
1500 1831 1548 1854 ars
1563 1817 1718 1854 definitur
1729 1818 1793 1854 ha-

389 1869 476 1905 bitus
494 1882 570 1905 vera
580 1883 652 1905 cum
666 1873 793 1906 tatione
804 1869 986 1905 effeetivus.

421 1920 502 1962 Sed,
520 1920 662 1966 inquies.
678 1919 767 1954 nulla
786 1932 872 1966 pene
893 1931 943 1954 ars
962 1918 1101 1951 scientiae
1111 1928 1232 1950 nomen
1248 1921 1281 1952 &
1302 1919 1464 1951 rationein
1480 1930 1547 1952 non
1565 1915 1624 1951 fibi
1639 1915 1796 1959 alsumet,

390 1967 411 2003 ii
432 1967 563 2003 scientia
581 1968 620 2001 ad
631 1970 752 2015 praxim
764 1967 854 2002 illam
863 1966 1034 2001 descendat
1046 1969 1097 2007 ,&
1114 1964 1184 1999 satis
1198 1963 1234 1999 {it
1248 1965 1288 1999 ad
1304 1969 1467 2001 rationem
1477 1965 1615 2001 scientiae
1631 1977 1665 2001 ut
1682 1963 1796 2007 firma,

392 2031 458 2055 uon
471 2029 596 2053 tantum
611 2015 775 2065 probabili
789 2019 915 2051 ratione
928 2017 1063 2050 nitatur.

428 2069 514 2117 Resp.
530 2068 621 2102 Artes
634 2077 747 2101 omnes
767 2067 929 2114 principes
949 2068 982 2100 δέ
996 2062 1276 2098 Architezstonicas
1287 2091 1296 2106 ‚
1321 2074 1393 2110 quae
1411 2061 1461 2099 sua
1480 2076 1638 2114 praecepta
1652 2069 1687 2101 ὃς
1700 2075 1795 2113 regu⁴

394 2115 462 2159 las,
485 2115 602 2164 easque
625 2114 844 2150 immutabiles
862 2111 1091 2163 praescribunt,
1116 2117 1149 2147 &
1165 2111 1344 2147 rationibus
1368 2111 1488 2157 firmis,
1524 2126 1579 2148 aut
1605 2111 1795 2149 inconcussis

392 2178 542 2209 utuntur,
552 2165 693 2200 scientias
707 2166 769 2199 dici
784 2162 871 2213 posse
884 2180 893 2206 3
921 2161 1096 2210 cujusmodi
1111 2161 1153 2195 est
1165 2163 1339 2197 Medicina.
1356 2162 1516 2207 Qamvis
1529 2165 1617 2198 enim
1631 2164 1713 2196 circa
1724 2174 1797 2196 ma.

395 2220 512 2252 teriam
533 2217 801 2264 contingenrem,
815 2212 925 2260 quoad
945 2211 1146 2246 existentiam
1162 2239 1171 2253 ,
1199 2210 1385 2246 versentur:
1405 2223 1515 2247 tamen
1534 2240 1539 2248 ‚
1563 2223 1600 2246 ut
1617 2210 1697 2245 alibi
1714 2211 1797 2245 dixi..

397 2279 467 2301 mus
480 2296 488 2309 ,
501 2266 540 2300 ad
558 2267 718 2299 rationem
737 2263 875 2299 scientiae
890 2259 1004 2296 sufficit
1018 2257 1187 2296 neceffims
1207 2259 1364 2303 essentiae,
1391 2259 1445 2295 seu
1466 2264 1583 2296 veritas
1603 2258 1797 2309 propositio-

400 2317 449 2349 nis
466 2313 688 2350 immutabilis.

430 2365 528 2398 Circa
542 2376 686 2398 naturam
704 2360 840 2396 scientiae
857 2359 1049 2408 quaerisolet
1062 2373 1101 2397 an
1115 2360 1244 2409 simplex
1257 2357 1293 2394 iit
1305 2363 1337 2395 &
1351 2370 1414 2393 una
1428 2358 1574 2406 qualitas,
1592 2357 1642 2393 vel
1655 2357 1793 2400 habitus,

398 2424 435 2448 ut
446 2414 571 2448 videtur
583 2411 757 2449 Tliomistis
770 2423 828 2455 ,an
844 2412 954 2459 potius
965 2423 1003 2447 ca
1014 2409 1049 2446 [it
1060 2410 1187 2446 habitus
1201 2422 1240 2444 ex
1249 2410 1342 2445 variis
1357 2407 1689 2444 demonstrationibus
1703 2420 1792 2442 coma
