1857 2745
305 142 365 184 564
752 129 1274 170 METAPHYSIGAE·

311 184 494 234 principem
508 194 521 216 2v
535 180 588 217 sed
604 181 778 229 quominus
797 180 833 215 id
852 177 971 216 efficiat
982 191 1018 214 ut
1033 179 1278 215 instrumentum
1293 206 1304 223 ,
1331 179 1410 228 quid
1441 178 1570 215 obstare
1593 177 1717 227 pellit,

312 246 382 270 non
400 231 511 269 video„
1128 235 1130 237 ’
1502 265 1504 267 .

354 281 417 316 Sed
432 308 442 323 ,
466 281 636 325 inquiunt.
657 289 756 313 omne
769 278 1015 314 instrumentum
1037 277 1147 325 habet
1161 279 1326 313 aimonem
1349 275 1407 312 sibi
1435 279 1624 326 propriam,
1650 291 1718 326 qua

315 329 454 378 disponit
468 327 647 376 subjeetum
658 328 697 361 ad
708 328 872 362 a&ionem
883 328 978 363 causae
993 330 1147 376 principis
1159 328 1394 374 excipiendam.
1418 329 1542 361 Securis
1566 330 1634 363 vim
1658 328 1716 364 ha-

316 379 378 414 bet
394 377 539 413 secandi:
555 378 641 412 unde
659 377 785 411 in'hunc
797 376 883 412 usum
895 376 938 411 ab
953 377 1077 412 artifice
1094 375 1243 411 adhiberi
1258 377 1366 424 potest
1383 387 1416 410 ut
1430 375 1603 411 artificiose
1621 376 1726 412 secet..

318 428 383 464 Sed
398 426 526 475 Angelo
537 425 622 461 nulla
634 426 680 460 est
696 427 782 461 aritio
794 428 923 474 propria
937 438 999 473 qua
1019 424 1169 474 disponat
1181 423 1285 473 ipsum
1295 425 1434 460 nihilum
1449 453 1458 467 ,
1478 426 1565 473 quod
1582 426 1628 460 est
1645 424 1719 460 sub„

320 478 444 526 jedtum
465 477 640 511 creationis
657 489 664 510 :
684 476 768 524 Ergo
788 474 932 524 Angelus
956 474 1134 523 nequidem
1159 485 1199 510 ut
1217 472 1307 509 causa
1330 473 1580 510 instrumentalis
1606 485 1725 508 creare

319 525 439 576 potest.
832 564 834 567 ,

364 576 454 623 Resp.
465 576 628 611 astionem
644 574 732 609 illam
744 573 952 609 instrumento
963 586 1033 609 non
1052 571 1114 607 este
1125 570 1332 607 necessariam
1344 601 1354 615 ,
1366 583 1440 607 cum
1455 572 1488 606 id
1506 574 1637 621 proprie
1650 585 1726 608 non:

319 635 396 673 agat
408 623 486 660 :sed
503 623 576 659 satis
595 625 637 659 est
649 635 685 659 ut
704 626 770 658 vitn
786 622 883 658 causae
901 624 1054 672 principis
1069 619 1156 669 quasi
1173 620 1370 657 transmittat
1384 650 1395 663 ,
1416 633 1474 656 aut
1499 623 1720 668 quodammo-
1739 619 1749 631 ⁸

321 674 366 708 do
381 674 598 709 determinet:
619 677 722 720 major
743 676 852 721 itaque
873 683 1025 709 remanet
1035 670 1201 719 quaestio,
1221 682 1262 707 an
1283 681 1426 706 creatura
1441 681 1479 706 ut
1497 669 1588 706 causa
1601 673 1724 719 princi,-

324 722 411 771 palis
429 734 537 757 creare
548 720 652 770 poffit.

831 769 980 814 Secunda
996 769 1183 816 Conclufioa

358 868 567 906 Probabilius
584 869 713 905 videtur
725 867 931 904 substantiam
948 867 969 904 ὲ
983 880 1018 903 re
1033 879 1141 903 creata
1155 895 1164 911 ,
1179 878 1215 902 ut
1229 865 1249 902 ὲ
1266 865 1355 901 causa
1369 867 1515 914 principe
1532 869 1635 902 creati
1650 881 1725 904 non·

324 918 411 969 poffe
424 948 432 963 ‚
447 918 570 954 tametsi
588 919 621 954 id
634 919 674 953 de
685 919 854 953 accidente
896 921 1000 954 enitus
1023 915 1220 966 impossibile
1235 929 1301 950 non
1315 916 1368 949 vid
1375 926 1455 950 etur.

358 969 446 1004 Cum
464 969 504 1003 de
519 968 614 1003 rebus
628 981 699 1015 quae
713 966 784 1002 fieri
797 930 925 1015 possgnt
945 969 1069 1015 agimus
1082 995 1092 1009 ,
1117 965 1310 1000 sententiam
1324 964 1462 999 nostram
1483 965 1629 1001 timidius
1643 978 1722 1015 pro-

324 1019 479 1066 ponimns
493 1031 500 1053 t
521 1020 592 1065 quis
609 1019 697 1053 enim
710 1015 805 1066 poffit
813 1016 855 1050 de
864 1017 906 1051 iis·
917 1013 1013 1050 rebus
1025 1015 1104 1062 quid
1114 1015 1522 1062 certirdecernereepartem
1532 1017 1729 1064 igitur.con-'

328 1065 477 1102 clufionis
501 1069 643 1115 priorem
668 1078 704 1101 ut
728 1063 988 1101 verisimiliorem
1004 1063 1191 1113 probamus.

359 1114 471 1150 Primo
486 1143 496 1157 ,
516 1115 581 1150 haec
606 1115 656 1149 est
682 1114 773 1149 velut
784 1125 884 1157 nota,
896 1114 948 1149 hic
961 1114 1147 1157 charaeter,
1166 1125 1232 1160 quo
1246 1116 1357 1149 Deum
1379 1110 1400 1147 ὲι
1417 1115 1569 1148 creaturis
1588 1112 1724 1162 sejungi-

327 1175 399 1199 mus
411 1192 420 1207 ,
442 1164 532 1210 quod
548 1167 638 1199 Deus
652 1175 690 1197 ex
705 1163 809 1198 nihilo
819 1162 1020 1198 substantiam
1029 1174 1085 1196 aut
1095 1165 1266 1198 materiam
1279 1161 1362 1196 solus
1377 1161 1616 1198 eduxerit.Hoc
1627 1174 1724 1211 argu·
1769 1172 1771 1174 '

328 1224 442 1248 mento
453 1241 462 1256 ,
481 1223 516 1246 ut
527 1210 710 1247 inconcusso
724 1209 1170 1247 SS..PP..adversus⁴Arianos
1181 1210 1306 1258 semper
1315 1209 1358 1244 usi
1369 1210 1438 1245 sunt
1449 1238 1459 1253 ,
1473 1222 1512 1246 ut
1520 1211 1622 1247 Verbi
1631 1223 1722 1246 aeter-

329 1264 363 1297 ni
381 1263 588 1296 divinitatem
607 1259 807 1309 probarent,
837 1260 933 1307 quod
945 1259 1051 1293 verbo
1067 1259 1184 1294 cuneta
1209 1258 1296 1293 faeta
1319 1258 1377 1293 fint
1394 1264 1548 1296 &creata
1560 1289 1570 1305 ,
1596 1273 1634 1296 ac
1656 1259 1721 1296 sme

329 1309 434 1345 verbo
450 1309 530 1345 nihil
544 1309 668 1344 faCkum
688 1307 723 1343 sit
743 1323 751 1344 :
777 1311 861 1357 Ergo
884 1320 992 1343 creare
1006 1306 1215 1343 substantiam
1232 1309 1277 1341 ita
1294 1311 1371 1343 Deo
1387 1311 1543 1344 convenit
1561 1338 1570 1352 ‚
1594 1320 1629 1344 ut
1649 1309 1725 1344 nul-

330 1360 353 1393 li
366 1371 516 1394 creaturae
530 1360 763 1393 communicari
777 1357 885 1405 possit.
904 1360 1002 1391 Secus
1015 1359 1101 1390 enim
1113 1356 1207 1391 faciQ:
1216 1355 1409 1403 excepissent
1425 1357 1535 1393 Ariani
1550 1361 1660 1394 Deum
1673 1356 1723 1392 so-

330 1409 397 1443 lum
413 1406 474 1442 effe
486 1408 699 1450 Creatorem,
727 1406 874 1453 hancque
897 1403 923 1440 ὲ.
943 1402 1042 1453 seipso
1062 1403 1184 1439 habere
1204 1406 1449 1453 praerogativam
1462 1433 1473 1449 ,
1498 1419 1598 1455 quam
1612 1417 1722 1443 tamen

330 1459 429 1492 etiam
446 1456 652 1492 nobilissimae
679 1466 839 1490 creaturae‘
857 1455 1014 1503 impertiri
1029 1453 1157 1502 potest..

367 1506 523 1552 Confirm.
539 1504 620 1552 Qo
636 1504 783 1539 causa-est
796 1503 964 1539 sublimior
973 1503 997 1551 ,ᾖ
1017 1509 1051 1541 δέ
1071 1501 1167 1538 laticis
1193 1514 1286 1552 patet
1300 1533 1309 1548 ,
1334 1503 1397 1539 hoc
1423 1503 1601 1554 subjeetum
1622 1509 1726 1543 minus

332 1557 585 1590 determinatum
611 1553 769 1602 postulat..
812 1555 865 1588 Sic
896 1565 945 1587 ars
973 1554 1079 1588 omnis
1107 1551 1286 1600 subjeerum
1318 1553 1490 1600 definitum
1509 1585 1520 1600 ‚
1566 1558 1724 1604 quodque

331 1611 398 1652 jam
422 1602 739 1652 existitisimpliciter
758 1605 860 1651 exigit
880 1617 888 1639 ε
921 1613 1035 1638 natura
1051 1605 1085 1637 in
1102 1601 1281 1650 {materiam
1307 1615 1378 1651 quae
1416 1603 1463 1639 est
1498 1608 1724 1650 communior,

332 1652 530 1690 &omnibus
543 1653 658 1688 formis
670 1651 901 1696 substernitur,
925 1653 993 1687 vim
1012 1651 1099 1687 suam
1118 1654 1230 1688 exerit.
1247 1654 1291 1687 At
1304 1651 1399 1687 solius
1418 1653 1467 1688 est·
1480 1656 1546 1690 Dei
1567 1666 1607 1688 ex
1621 1655 1725 1691 nihilo

332 1715 382 1737 res
392 1701 470 1750 ipsas
483 1702 654 1737 extrahere
664 1731 674 1746 ,
684 1707 718 1739 δε
730 1703 901 1737 mater-iam
912 1700 1022 1750 ipsam,
1034 1700 1278 1750 vel-subjefitum
1289 1701 1438 1737 omnibus
1452 1703 1565 1737 formis
1584 1702 1724 1740 substra-

333 1763 403 1786 tum
422 1763 610 1799 procreare:
631 1752 730 1798 idque
743 1751 826 1785 adeo
838 1752 922 1786 vires
933 1762 1056 1786 naturae
1072 1750 1213 1797 superat,
1233 1761 1268 1785 ut
1283 1753 1408 1799 antiqui
1422 1751 1609 1801 Philosophi
1618 1765 1726 1789 mate-

332 1805 412 1835 riam
427 1803 502 1835 Deo
512 1813 657 1836 coaevam
671 1801 843 1835 statuerint<
859 1814 867 1835 :
889 1800 980 1847 quod
990 1802 1101 1834 animo
1110 1798 1261 1848 consequi
1272 1813 1339 1835 non
1350 1799 1476 1849 possent
1490 1829 1499 1842 ‚
1519 1813 1585 1849 qua
1601 1804 1723 1838 virtute

334 1862 372 1884 ea
381 1847 484 1898 poffer
501 1861 540 1884 ex
551 1848 654 1885 nihilo
670 1850 813 1898 prodire.
827 1849 917 1883 Cum
937 1850 1025 1884 enim
1042 1848 1131 1884 nulla
1150 1851 1183 1883 in
1200 1848 1304 1884 nihilo
1324 1847 1359 1884 fit
1382 1848 1545 1899 dispositio
1560 1879 1570 1893 ,
1598 1849 1723 1886 infinita

333 1901 453 1933 virtute
463 1911 544 1948 opus
559 1899 684 1933 videtur
697 1927 706 1942 ‚
721 1903 755 1935 δι
765 1903 888 1947 maJore
902 1897 1002 1945 quam
1022 1900 1152 1945 concipi
1163 1897 1279 1946 possit,
1295 1910 1330 1933 ut
1346 1911 1384 1935 ex
1403 1899 1496 1934 nullo
1510 1898 1653 1947 subJecto
1671 1910 1722 1933 res

333 1959 554 1996 procreentur.
570 1949 778 1996 Cumitaque
794 1949 948 1997 potentia·
963 1946 1092 1983 infinita
1103 1951 1179 1983 Deo
1200 1950 1257 1984 uni
1278 1950 1455 1983 convenire
1474 1947 1592 1997 possit,
1613 1946 1721 1995 palam

334 1998 378 2032 est
396 1996 515 2032 nullam
536 2009 713 2032 creaturam
724 2027 734 2041 ‚
746 2009 782 2032 ut
791 1996 914 2032 causam
933 1999 1112 2045 principem
1127 1999 1225 2032 etiam
1240 2009 1298 2045 per
1310 1997 1496 2032 miraculum
1510 2007 1616 2030 creare
1623 1995 1721 2044 poise-

370 2049 446 2082 Pars
457 2046 558 2080 altera
571 2045 780 2082 conclusionis
799 2047 875 2081 hinc
894 2045 1011 2080 suaderi
1027 2046 1144 2093 potest.
1172 2045 1299 2090 Primo,
1329 2047 1418 2094 quod
1444 2044 1588 2080 accidens
1608 2044 1644 2080 sit
1658 2059 1722 2094 pcr-

334 2097 394 2129 tius
410 2095 523 2129 modus
534 2097 616 2129 entis
627 2123 636 2137 ‚
656 2093 709 2129 seu
727 2095 805 2142 quid
817 2097 900 2129 entis
913 2093 1012 2142 quam
1023 2107 1079 2128 ens
1090 2095 1191 2142 ipsum
1206 2123 1215 2138 ‚
1234 2107 1289 2129 aut
1299 2107 1358 2131 res.
1377 2091 1526 2130 Secundo
1538 2122 1547 2136 ‚
1573 2095 1659 2140 quod
1678 2107 1719 2130 ex

335 2144 480 2191 subjecito
491 2155 647 2191 tanquam
661 2156 699 2177 ex
712 2146 844 2179 materia
861 2156 927 2178 non
941 2143 1071 2179 constet,
1083 2145 1219 2179 Produci
1233 2144 1366 2190 quidem
1387 2141 1486 2178 debet
1505 2143 1535 2176 in
1553 2140 1697 2191 suhjesto
1709 2172 1722 2187 ,

338 2204 405 2227 tum
418 2195 498 2228 utin
509 2206 549 2228 eo
561 2192 752 2228 sustentetur
765 2223 774 2237 ,
794 2205 861 2228 turn
878 2206 913 2227 ut
927 2193 1159 2228 determinetur
1174 2222 1183 2237 ,
1207 2192 1258 2227 sed
1275 2203 1445 2238 utrumque
1467 2193 1556 2227 Deus
1575 2190 1721 2240 supplere

337 2243 444 2289 potest
463 2256 470 2277 :
492 2254 568 2290 ergo
584 2242 664 2277 nihil
679 2242 787 2277 obstat
808 2244 978 2289 quominus
995 2246 1069 2278 Deo
1083 2245 1127 2277 ita
1145 2242 1299 2284 volente,
1327 2242 1413 2275 causa
1442 2239 1575 2275 secunda
1592 2269 1602 2284 ,
1621 2252 1655 2276 ut
1673 2240 1720 2276 sol

337 2290 551 2335 calorem‚vel
570 2291 678 2327 lumen
696 2295 774 2327 citra
788 2292 964 2339 sublatum
982 2303 1130 2339 procreet
1143 2321 1154 2337 ,
1166 2302 1296 2340 tumque
1311 2289 1364 2325 illa
1385 2289 1558 2339 produstio
1579 2303 1646 2326 non
1657 2291 1720 2326 erit

290 2347 293 2349 ·
338 2338 468 2375 eduaio
485 2369 496 2384 ,
517 2341 573 2378 vel
585 2344 754 2390 generatio
766 2371 777 2387 ,
799 2341 850 2377 sed
864 2342 994 2377 creatio.

1533 2388 1718 2436 «Solvuntmg
