1857 2745
482 122 839 159 TRACTATUS
881 121 1154 157 TERTIUS.
1454 127 1516 158 60·

179 175 299 220 Neque
310 171 340 206 id
351 183 468 220 negare
481 170 641 221 poffumus
655 199 665 214 ,
677 173 819 206 animam
830 169 1008 219 separatam
1023 169 1080 206 fibi
1089 168 1150 205 e-sle
1163 168 1372 218 perspedhim,
1381 181 1418 204 ac
1431 148 1517 208 muli

135 231 176 257 to
187 223 286 256 etiam
298 223 398 269 magis
410 249 421 265 ,
436 222 534 269 quam
548 233 621 256 cum
633 222 760 268 corpori
772 221 814 255 est
825 219 955 268 illigata.
980 221 1062 256 Non
1070 222 1159 255 enim
1172 221 1280 254 anima
1295 221 1395 254 minus
1408 220 1455 255 est
1467 223 1522 257 ina

134 271 209 306 telli
233 269 319 305 ibilis
331 299 341 314 ,
364 270 465 317 quam
485 283 553 317 quae
569 272 650 304 circa
662 281 721 304 nos
736 268 804 306 sunt
817 281 960 317 corpora.
983 271 1055 304 Irno
1076 267 1198 304 nullum
1219 280 1331 316 corpus
1350 281 1442 304 mens
1453 282 1517 304 .c0-

136 284 265 370 gnoffcit
277 347 287 362 ,
307 321 387 366 quin
401 318 431 353 se
449 330 612 364 utcunque
635 317 812 365 cognoscat.
835 319 903 352 Scit
923 319 1012 352 enim
1025 316 1055 352 se
1070 320 1155 365 perci
1181 328 1255 359 ere,
1279 322 1312 353 ὅ(
1330 320 1434 352 omnis
1448 332 1516 366 per.

135 370 250 416 ceptio
259 367 487 403 intelleetualis
502 367 549 401 est
562 368 594 402 in
604 365 634 401 se
644 366 760 402 reflexa
772 396 782 409 ,
806 366 919 402 saltem
929 365 1107 401 virtualiter
1119 379 1128 400 ε
1147 330 1278 412 (gipsam
1291 367 1384 413 igitur
1399 368 1433 401 in
1445 381 1517 403 om.

139 416 233 457 nibus
254 417 408 452 intuetur.
428 419 508 453 Non
519 413 606 462 quod
620 427 709 450 mens
721 415 842 451 habeat
851 415 957 450 ideam
972 414 1017 450 sui
1026 415 1226 461 adaequatam
1235 425 1310 457 ,aut
1326 427 1438 449 omnes
1454 416 1518 453 [uas

140 463 401 500 modificationes
416 467 522 501 norit:
538 463 578 498 sic
595 466 680 499 enim
694 463 782 499 nulla
792 467 927 499 omnino
937 476 987 498 res
1001 463 1096 498 nobis
1106 464 1148 498 est
1165 461 1338 511 perspeERa.
1357 464 1420 497 Sed
1435 464 1521 501 clare

139 515 299 562 percipit„
317 512 348 548 se
360 513 473 549 dolore
484 543 493 558 ‚
515 525 567 548 aut
581 512 766 561 voluptate,
783 525 839 549 aut
851 513 919 548 aliis
932 511 1101 549 affectibus
1116 511 1249 560 percelli
1264 541 1274 555 ‚
1297 511 1327 546 se
1346 514 1521 560 percipere,

137 561 400 602 ·velle‚dubitare.
417 564 503 610 Qiae
518 560 699 598 enimsensu
711 564 827 598 intimo
839 591 849 606 ,
864 567 898 598 &
915 560 1000 609 quafi
1017 573 1057 596 ex
1071 559 1266 596 conscientia
1278 563 1438 604 novimus,
1452 561 1520 597 haec

139 609 256 646 clarius
264 609 492 659 cognoscimus,
510 613 562 646 Sic
577 622 686 645 autem
699 614 824 647 animus
838 616 872 648 &
887 609 917 645 se
927 639 936 654 ,
953 617 988 649 &
1000 608 1051 646 sua
1061 608 1215 645 attributa
1226 639 1236 653 ‚
1251 614 1285 646 δε
1300 608 1519 645 modificatio-

141 671 199 694 nes
216 662 328 704 novit,
345 664 414 695 non
426 674 490 696 uno
505 662 646 702 intuitu,
663 659 716 695 sed
728 659 805 708 saepe
816 659 948 696 discursu
969 665 1004 696 ὅ(
1028 660 1198 694 ratiocinio
1214 675 1223 701 3
1249 671 1315 694 non
1333 670 1390 707 per
1409 660 1517 695 ideam

142 707 440 756 comprehensivam
455 709 696 755 &adaequatam
721 722 729 745 :
751 709 813 744 hoc
831 712 918 744 enim
936 709 1036 744 modo
1056 707 1138 744 nihil
1154 708 1290 743 omnino
1312 719 1516 754 compertum

140 756 189 790 est
206 785 216 799 ,
242 755 294 791 sed
309 752 365 805 per
375 759 461 792 ideas
476 757 574 792 claras
588 763 621 794 ὃς
635 758 811 793 distinctas.
835 759 915 803 Quo
925 758 1059 805 quidem
1069 757 1170 792 modo
1185 757 1260 791 teste
1273 755 1402 804 August.
1419 756 1521 793 fidem

136 805 277 840 nostram
285 806 370 841 idem
384 807 424 841 de
437 806 507 840 aliis
521 805 782 854 perceptionibus
798 807 982 848 dicendum,
990 808 1141 842 novimus
1159 803 1326 848 certiffimd
1335 804 1517 848 scientid,&

139 853 300 888 clamante
312 853 507 900 consrientii.
525 854 558 888 Id
568 853 646 889 vero
657 866 778 890 certum
793 854 854 890 effe
872 857 987 902 nequit
998 884 1009 898 ‚
1033 854 1088 890 nisi
1123 855 1175 889 uia
1195 854 1241 888 est
1257 854 1398 889 evidens.
1427 856 1517 891 Nam

135 913 175 936 ut
193 900 266 936 scite
285 903 440 938 admonet
465 906 525 939 Vir
546 902 654 938 clariffi
677 905 734 951 qui
745 904 805 939 boc
818 915 1046 953 argumentum
1061 867 1129 938 suile
1147 901 1366 950 prosequitur,
1391 914 1521 939 natura-

141 949 180 984 lis
191 953 384 998 cognitionis
398 952 559 987 certitudo
572 963 608 986 ex
622 951 688 999 ipsa
697 953 859 987 evidentia
869 951 1084 1000 proficiscitur.
1105 951 1197 998 Qid
1210 963 1317 986 autem
1335 952 1519 987 evidentius

141 1001 350 1047 perceptione
367 1027 378 1043 ‚
401 1013 542 1036 maxime
571 1013 644 1035 cum
663 1012 736 1035 eam
751 1002 881 1036 afflone
900 1000 1017 1037 reflexa
1034 1003 1203 1036 intuemur.
1228 1000 1311 1050 Q
1325 1002 1421 1049 igitur
1433 1000 1521 1038 sensu

142 1049 298 1082 interiore
312 1076 322 1091 ,
340 1053 374 1084 &
391 1048 583 1085 conscientia
599 1051 777 1093 intuemur,
798 1050 915 1085 eadem
929 1050 1013 1085 clare
1030 1056 1064 1087 &
1085 1050 1251 1085 evidenter
1265 1051 1373 1097 aliqua
1393 1052 1520 1085 ratione

137 1096 372 1145 cognoscimus·

186 1146 317 1180 Deinde
327 1158 399 1193 quae
411 1151 446 1182 &
457 1158 579 1194 quanta
590 1148 630 1182 de
646 1147 746 1182 animi
757 1146 1021 1190 immortalitate,
1046 1146 1198 1182 libertate
1214 1150 1247 1182 ὃ(
1269 1145 1338 1180 aliis
1356 1144 1520 1181 attributis

139 1193 406 1231 demonstramus.
433 1196 495 1230 Sed
505 1196 804 1231 nihilde-monstrari
811 1196 916 1243 potest
929 1196 970 1230 de
981 1208 1022 1230 eo
1032 1196 1118 1242 quod
1133 1193 1264 1230 confuse
1279 1206 1405 1230 tanturn
1418 1200 1451 1231 δι
1460 1194 1520 1229 ob-

143 1240 229 1276 scure
241 1245 433 1291 percipimus
452 1258 460 1279 :
481 1256 556 1280 nam
574 1245 804 1280 demonstratio
819 1244 862 1278 est
875 1245 1010 1279 evidens
1024 1243 1175 1292 probatio
1193 1258 1201 1279 ε
1224 1255 1302 1291 ergo
1319 1246 1443 1279 animus
1460 1243 1520 1279 sui-

142 1289 234 1338 ipfius
244 1290 361 1327 claram
373 1298 406 1329 &
417 1292 601 1329 &stimans
610 1293 713 1329 habet
725 1295 897 1329 notionem
908 1322 918 1337 ,
936 1295 1035 1328 etiam
1046 1305 1120 1327 cum
1131 1293 1178 1327 est
1192 1294 1225 1327 in
1239 1303 1424 1340 corpore,ac
1437 1292 1521 1327 mul-

142 1350 178 1373 to
188 1342 289 1388 magis
307 1353 379 1375 cum
394 1341 440 1375 est
458 1339 628 1387 separatus,

176 1389 240 1422 Sed
252 1416 261 1430 ‚
275 1391 424 1434 inquiunt
440 1415 448 1426 ‚
464 1390 548 1423 unde
565 1392 597 1424 in
612 1391 753 1424 animam
768 1387 944 1437 separatam
956 1389 1184 1436 perceptiones
1195 1388 1522 1433 commeabuntmon

141 1438 211 1484 agit
222 1435 277 1469 illa
290 1448 361 1471 cum
378 1439 530 1484 percipit,
547 1436 598 1472 sed
616 1440 728 1485 recipit
739 1448 887 1472 tantum:
902 1449 964 1471 una
979 1437 1025 1471 est
1043 1438 1142 1471 animi
1159 1437 1434 1480 a&io‚volunratis
1444 1451 1518 1483 pro-

143 1483 253 1532 pensio
274 1487 306 1518 in
323 1485 385 1519 hoc
403 1484 454 1519 vel
471 1486 548 1520 illud
569 1485 695 1520 bonum
714 1502 723 1528 3
743 1498 817 1520 cum
839 1487 964 1520 animus
982 1487 1110 1531 corpori
1129 1485 1218 1518 adest
1232 1513 1242 1528 ‚
1267 1497 1334 1520 tum
1354 1485 1521 1521 occafione

142 1544 291 1567 motuum
301 1535 355 1580 qui
368 1531 448 1568 fiunt
462 1536 494 1568 in
509 1536 635 1582 organis
648 1562 657 1576 ‚
671 1536 766 1568 variae
783 1536 817 1568 in
831 1533 925 1569 nobis
946 1536 1093 1568 oriuntur
1112 1535 1334 1581 perceptiones
1347 1548 1355 1569 :
1367 1545 1401 1568 ut
1414 1548 1519 1570 mate-

143 1583 189 1615 ria
200 1593 237 1615 ex
258 1580 286 1615 se
307 1581 385 1616 nulli
396 1582 439 1616 est
452 1583 579 1617 addicta
592 1582 698 1631 figurae
710 1611 720 1626 ‚
744 1581 795 1617 sed
808 1585 987 1617 innumeras
1000 1582 1131 1616 aliunde
1144 1584 1273 1629 excipit.
1294 1583 1357 1616 Sed
1375 1582 1430 1616 ubi
1448 1587 1517 1618 ani-

143 1642 212 1664 mus
227 1629 247 1664 a
265 1642 399 1677 corpore
419 1630 595 1679 separatur,
614 1644 686 1679 quae
704 1630 794 1665 causa
811 1635 845 1666 in
871 1643 911 1665 eo
935 1631 1024 1664 ideas
1045 1642 1099 1664 aut
1114 1632 1335 1678 perceptiones
1350 1643 1515 1677 procreat}

144 1691 209 1713 non
221 1680 310 1712 enim
320 1690 356 1711 ea
375 1681 407 1713 vi
420 1680 563 1727 praeditus
583 1681 644 1723 est,
663 1692 699 1715 ut
713 1691 764 1716 tot
776 1681 862 1715 ideas
882 1692 987 1714 rerum
997 1678 1112 1714 efficiat
1123 1707 1132 1722 ‚
1157 1690 1224 1714 non
1238 1681 1270 1714 in
1284 1677 1314 1713 se
1331 1691 1434 1714 rerum
1447 1694 1520 1716 om-

144 1729 234 1762 nium
251 1728 405 1775 imagines
423 1730 578 1766 intuetur,

181 1775 218 1810 R.
230 1782 257 1810 10
270 1788 326 1809 nos
340 1778 372 1810 in
383 1788 420 1810 ea
436 1779 590 1825 opinione
606 1791 673 1812 non
690 1777 797 1820 eil'e‚ut
811 1778 1057 1825 percipere,non
1072 1775 1107 1810 fit
1119 1776 1279 1824 agere‚sed
1291 1779 1359 1825 pati
1379 1788 1520 1813 tantum-

145 1824 245 1860 modo
256 1829 288 1859 &
300 1824 426 1859 aliunde
436 1825 605 1860 informari
616 1825 874 1861 arbitremurssst
892 1828 981 1860 enirn
996 1837 1087 1860 mens
1100 1824 1301 1860 aetuosaisive
1312 1837 1348 1860 ut
1360 1825 1518 1870 voluntas,

145 1872 209 1908 five
218 1885 252 1907 ut
261 1873 441 1908 intellectus
456 1876 815 1922 concipiatur.Fatentur
826 1874 960 1921 quidem
976 1885 1088 1909 omnes
1098 1875 1240 1908 animum
1253 1875 1518 1922 agere,cumvult‚

146 1933 219 1955 cum
231 1933 319 1956 amat
329 1951 337 1964 ‚
359 1934 431 1957 cum
445 1921 505 1958 sese
516 1924 577 1959 huc
587 1926 694 1972 potius
709 1951 718 1966 ,
736 1922 836 1970 quarn
847 1922 921 1957 illuc
931 1922 1066 1958 inflectit
1079 1950 1090 1964 ‚
1107 1935 1181 1956 cum
1191 1921 1399 1957 universalem
1410 1925 1440 1957 in
1455 1922 1518 1958 bo-

147 1982 223 2004 num
233 1970 475 2018 propensionem
486 1973 525 2006 ad
541 1985 664 2007 cerrum
674 1971 841 2019 objefium
852 1971 1047 2006 determinat
1060 1985 1067 2006 :
1091 1982 1160 2006 tum
1169 1973 1255 2005 enim
1269 1970 1399 2019 seipsum
1411 1973 1518 2007 modi-

149 2017 224 2052 ficas
234 2047 244 2061 ‚
261 2025 294 2055 &
310 2021 344 2054 in
359 2018 389 2054 se
402 2022 501 2054 varias
511 2020 735 2069 propensiones
746 2032 843 2056 creat.
870 2020 997 2064 Qidni
1010 2032 1088 2068 ergo
1103 2025 1138 2056 &
1153 2022 1254 2054 varias
1268 2022 1515 2068 perceptiones?

147 2079 354 2102 communem
368 2072 487 2117 quippe
498 2072 529 2104 in
542 2068 665 2105 bonum
676 2068 914 2118 impressionem
928 2069 968 2103 ad
979 2081 1101 2104 certum
1114 2067 1282 2116 objectum
1300 2069 1516 2104 determinare

145 2116 262 2162 nequit
274 2145 283 2159 ,
307 2119 383 2163 quin
401 2118 479 2153 illud
498 2119 679 2154 intellectus
691 2119 853 2153 voluntati
865 2116 1025 2154 exhibeat.
1053 2120 1149 2153 Hanc
1159 2120 1252 2164 igitur
1263 2119 1330 2154 vim
1340 2117 1436 2152 thet
1448 2120 1518 2153 ani-

147 2176 217 2196 mus
229 2192 238 2204 ,
264 2176 300 2199 ut
317 2179 418 2201 novas
437 2171 657 2214 perceptiones
680 2167 737 2202 fibi
756 2167 810 2215 ipfi
821 2166 980 2215 largiatur.
1004 2168 1088 2201 Anti-
1098 2179 1165 2200 non
1180 2177 1334 2208 noverat,
1365 2179 1430 2201 non
1445 2179 1517 2214 per-

149 2211 292 2259 cipiebat
307 2241 315 2254 ,
337 2214 426 2259 jubet
443 2217 589 2250 voluntas
607 2228 640 2251 ut
656 2219 833 2264 percipiat:
854 2227 930 2263 ergo
947 2214 1029 2249 hanc
1047 2213 1148 2248 haber
1163 2217 1229 2249 vim
1242 2242 1252 2257 ,
1274 2225 1310 2248 ut
1328 2227 1426 2248 novas
1443 2227 1514 2262 per-

151 2262 317 2306 ceptiones
330 2261 384 2295 fibi
395 2264 521 2299 tribuat.
537 2269 618 2307 Engo
635 2267 800 2312 percipere
813 2264 859 2298 est
872 2264 1016 2311 quaedam
1038 2264 1143 2307 aritio,
1163 2274 1296 2310 cumque
1317 2265 1440 2299 animus
1462 2276 1516 2299 co-

148 2307 273 2357 gnoscit
287 2337 296 2351 ‚
318 2309 448 2358 seipsum
463 2314 627 2350 modificat
639 2343 647 2357 ,
668 2326 703 2348 ut
714 2327 790 2348 cum
800 2312 868 2347 vult
883 2341 891 2355 ,
911 2323 966 2346 aut
978 2325 988 2344 c
998 2310 1079 2360 ligit.

194 2359 312 2405 Neque
330 2360 361 2393 id
382 2359 491 2396 obstat
511 2366 679 2410 quominus
704 2362 927 2411 perceptiones
954 2361 1070 2397 nostro:
1088 2360 1107 2396 ὰ
1123 2363 1224 2408 prima
1241 2358 1330 2395 causa
1345 2359 1515 2409 profluant.
