1857 2745
378 128 429 168 :ss

579 335 634 398 C
669 337 730 398 O
767 335 848 397 M
877 334 956 398 M
993 334 1047 398 E
1081 334 1144 396 N
1179 333 1241 397 T
1279 335 1339 397 A
1370 335 1433 398 R
1472 338 1500 399 Ι
1534 337 1563 397 Ι

413 446 502 490 ,ΙΝ
551 442 894 501 QJATUOR
935 441 1419 486 ARISTOTELIS
1472 444 1724 489 LIBROS

628 543 1487 602 ,ANALYTICORUM,

1017 647 1113 682 Sru

557 730 915 774 LOGICAE
957 730 1172 772 PARS
1225 694 1601 774 TERTIA.-

792 822 1296 873 PRAEFArlo.

517 972 634 1006 mentis
646 969 872 1018 operationem
885 968 1073 1015 pertinent:
1091 979 1166 1002 nam
1179 965 1219 999 'de
1233 969 1445 1015 perceptione
1458 964 1613 1015 simplici,
1637 973 1670 1005 δι
1686 969 1770 1017 judi.

454 1030 459 1035 ·
514 1021 587 1062 cio,
601 1031 656 1054 aut
668 1020 777 1066 potius
790 1016 831 1051 de
843 1016 989 1051 terminis
1004 1021 1038 1052 &
1054 1014 1324 1064 propositionibus
1343 1028 1504 1066 perpauca
1514 1018 1549 1051 in
1559 1014 1645 1051 libro
1663 1018 1704 1052 de
1715 1020 1770 1052 In..

369 1070 604 1114 terpretatione
621 1067 766 1102 tradidit.
789 1064 972 1101 Artificium
987 1077 1086 1100 omne
1097 1064 1252 1112 logicum,
1262 1075 1298 1097 ac
1313 1066 1511 1112 praecipuum
1521 1064 1639 1100 sciendi
1651 1066 1771 1101 instru-

417 924 458 1057 ἓ
517 921 573 956 R1
586 931 664 955 sto
676 931 750 954 τεῐ.
764 929 780 952 ε
792 929 807 951 s
830 928 916 965 pene
940 926 1028 952 totus
1046 917 1093 952 est
1112 920 1148 953 in
1163 917 1201 950 iis
1220 915 1415 965 explicandis
1429 944 1439 960 ,
1473 928 1545 965 quae
1570 917 1610 952 ad
1638 919 1770 954 tertiam·
1823 901 1829 919 ἲ

372 1126 541 1159 mentum,
565 1128 684 1164 nempe
701 1115 1038 1164 argumentationem,
1061 1118 1095 1150 ὃ(
1119 1113 1258 1148 maxime
1271 1111 1490 1161 syllogismum
1504 1113 1594 1149 libris
1612 1126 1770 1162 quatuor·
1824 1123 1833 1162 J

369 1163 476 1198 decim
486 1164 634 1213 exposuit
649 1179 656 1201 :
671 1176 704 1199 in
719 1163 834 1212 quibus
850 1160 1078 1198 incredibilem
1095 1163 1216 1210 ingenii
1231 1163 1300 1196 vim
1313 1166 1349 1198 δε
1363 1174 1499 1197 acumen
1516 1166 1636 1199 merito
1651 1175 1769 1200 omnes

370 1212 580 1250 admirantur.
608 1217 651 1249 Ex
675 1225 812 1261 quatuor
835 1210 1014 1258 Analyticis
1035 1211 1117 1246 duos
1141 1212 1263 1259 priores
1283 1209 1475 1259 syllogismi,
1494 1213 1695 1261 posteriores
1709 1214 1769 1249 de-

371 1262 616 1299 monstrationis
633 1263 839 1312 explicationi
856 1261 967 1303 dedit:
994 1259 1035 1295 de
1053 1258 1237 1309 syllogismo
1253 1259 1416 1308 probabili
1445 1263 1521 1296 octo
1546 1261 1646 1299 libros
1664 1264 1768 1311 Topi-
1832 1307 1837 1309 ‚

371 1323 485 1346 corum
498 1311 676 1363 conscripsit
688 1327 695 1349 :
709 1304 1353 1362 postremo-sophistarumcavillationes
1364 1309 1491 1347 duobus
1512 1311 1602 1346 libris
1620 1313 1768 1361 comple-

369 1372 427 1395 xus
454 1360 513 1396 est.

403 1409 595 1458 Analyticos
610 1410 662 1446 seu
673 1411 712 1446 de
724 1409 939 1447 Resolutione
951 1422 1092 1460 quatuor
1104 1440 1114 1455 ,
1130 1421 1165 1446 ut
1182 1410 1321 1445 diximus
1335 1439 1344 1454 ,
1358 1410 1474 1446 Libros
1494 1408 1647 1457 inscripsit
1659 1409 1770 1458 ,quod

370 1461 458 1493 iniis
480 1472 584 1495 artem
601 1461 799 1496 resolvenda:
819 1463 1108 1509 argumentationis
1133 1462 1167 1495 in
1201 1459 1253 1494 sua
1279 1463 1437 1508 principia
1463 1458 1664 1508 potissimum
1688 1460 1770 1493 edo-

369 1520 454 1543 ceat.
520 1512 643 1544 uamvis
659 1511 747 1544 enim
765 1508 939 1556 synthesim
953 1538 962 1553 ,
988 1508 1040 1544 seu
1055 1506 1322 1556 compositionem
1348 1508 1543 1562 syllogismi,
1564 1520 1662 1556 atque
1680 1507 1769 1543 illius

369 1557 646 1593 constructionem
670 1560 703 1593 in
724 1560 762 1592 iis
778 1557 886 1592 Libris
899 1558 1059 1607 explicet:
1082 1558 1173 1605 quod
1187 1557 1541 1593 tamenidiflicillimurn
1554 1557 1597 1591 est
1608 1586 1617 1600 ‚
1646 1569 1709 1605 qua
1719 1569 1771 1591 ra-

371 1609 464 1641 tione
483 1605 682 1656 syllogismus
698 1606 814 1642 resolvi
840 1610 873 1643 in
895 1607 963 1642 suas
984 1618 1090 1656 par-tes
1106 1605 1201 1655 poffit
1213 1636 1223 1651 ,
1250 1605 1368 1645 fuse&
1382 1619 1529 1642 accurate
1547 1607 1653 1642 tradit.
1681 1608 1770 1642 Nam

369 1657 537 1703 imperitus
550 1655 681 1704 quisque
691 1662 724 1694 ὃ(
736 1655 955 1706 syllogismum
965 1663 999 1695 δε,
1011 1656 1326 1691 demonstrationem.
1334 1654 1433 1692 efficit
1443 1670 1451 1692 :
1463 1667 1497 1691 at
1509 1668 1607 1691 nemo
1615 1654 1671 1692 nisi
1680 1655 1770 1691 idem

369 1707 490 1752 peritus
508 1705 726 1754 syllogismum
739 1708 843 1755 potest
860 1718 1030 1750 retexere,
1047 1705 1131 1742 &ad
1141 1706 1301 1753 principia
1314 1708 1389 1740 artis
1405 1705 1600 1754 expendere.

404 1754 490 1789 Cum
501 1766 610 1790 autem
629 1755 665 1791 sit
673 1756 792 1804 duplex
809 1755 984 1805 syllogismi
997 1753 1130 1803 analysis
1150 1754 1202 1788 vel
1217 1753 1388 1798 resolutio,
1400 1767 1472 1788 una
1484 1766 1553 1800 quae
1563 1754 1602 1787 ad
1615 1752 1769 1797 formam,

371 1802 472 1837 altera
494 1816 566 1851 quae
584 1804 624 1838 ad
647 1807 818 1840 materiam
841 1806 985 1853 pertinet
1003 1821 1012 1848 3
1031 1804 1095 1838 duo
1112 1804 1234 1850 priores
1255 1803 1345 1838 Libri
1377 1802 1579 1838 artificiosam
1597 1801 1769 1850 syllogismi

370 1851 513 1888 formam
525 1853 711 1899 resolvunt3
735 1855 923 1902 posteriores
941 1853 1082 1902 perfeffi
1097 1851 1291 1900 syllogismi,
1309 1864 1428 1900 nempe
1442 1851 1682 1886 demonstrativi
1697 1863 1769 1885 ma-

370 1903 483 1935 teriam
494 1901 694 1938 considerant
708 1918 715 1938 :
737 1906 772 1938 in
786 1903 849 1937 illis
859 1902 924 1951 ipsa
940 1903 1045 1937 illatio
1065 1930 1076 1945 ,
1100 1900 1154 1935 vel
1167 1899 1400 1946 consequentia
1417 1915 1426 1941 3
1451 1901 1483 1933 in
1500 1899 1548 1933 his
1565 1897 1768 1948 consequeu-

369 1952 406 1984 tis
432 1949 595 1987 neceffitas
608 1950 807 1999 potiffimum
829 1951 997 1997 spectatur.
1268 1949 1271 1952 ’

411 2000 494 2050 Q
509 2001 549 2035 ad
564 2001 705 2035 formam
724 1998 897 2048 syllogismi
917 2000 1099 2046 pertinent,
1125 1995 1146 2030 sl
1167 1995 1319 2043 quasdam
1340 1996 1568 2033 controversias
1581 1999 1771 2047 exceperis;

369 2050 441 2086 saris
453 2049 628 2084 commode
644 2048 900 2097 inCompendio
910 2045 1124 2096 exposuimus,
1149 2047 1229 2081 Non
1245 2044 1389 2081 diffimili
1401 2049 1528 2082 ratione
1547 2060 1614 2094 quae
1636 2047 1677 2080 ad
1691 2050 1723 2083 T
1725 2061 1767 2081 o.-

369 2102 441 2148 pica
452 2110 508 2133 aut
517 2099 557 2133 ad
575 2098 663 2133 locos
673 2109 862 2133 communes
873 2125 883 2140 ,
895 2098 981 2132 unde
995 2094 1172 2143 syllogismi
1185 2094 1430 2144 probabile5,&
1441 2108 1629 2143 argumenta
1648 2107 1768 2131 eruun-
1831 2123 1837 2129 .
1856 2115 1857 2120 =

372 2161 441 2191 tur,
465 2145 626 2195 quantum
643 2159 692 2181 res
711 2146 775 2195 ipsa
790 2144 970 2195 postulabat
986 2174 996 2188 ,
1015 2145 1132 2180 eodem
1149 2146 1183 2179 in
1208 2144 1281 2179 loco
1294 2144 1455 2192 complexi
1475 2144 1588 2181 sumus,
1604 2145 1714 2199 Qre
1726 2143 1766 2179 id

372 2195 571 2245 potiffimum
586 2197 679 2231 restat
691 2225 700 2239 ,
712 2208 749 2230 ut
762 2195 802 2230 de
819 2195 1092 2232 demonstratione
1124 2198 1158 2230 &
1176 2191 1306 2228 scientia
1319 2223 1328 2237 ,
1352 2206 1422 2241 quae
1437 2194 1522 2228 illius
1543 2195 1588 2229 est
1608 2195 1743 2230 effeetus
1753 2221 1766 2237 ,

371 2246 467 2294 paulo
484 2247 679 2280 accuratiore
695 2245 779 2294 stylo
795 2242 988 2279 disseramus.
1024 2241 1153 2290 Duplex
1171 2244 1283 2290 itaque
1305 2242 1409 2277 futura
1428 2244 1468 2278 est
1488 2243 1577 2290 liujus
1590 2242 1766 2278 Traetatus

373 2293 554 2342 disputatio,
569 2297 606 2329 ln
619 2296 809 2342 priore,quae
818 2293 858 2327 ad
868 2291 1183 2328 demonstrationem
1193 2291 1336 2339 spectant
1350 2322 1358 2335 ,
1376 2305 1571 2339 exequemur
1587 2309 1596 2335 3
1612 2291 1765 2341 inposte-

372 2346 510 2384 riore,dc
524 2342 662 2379 scientiae
672 2355 771 2392 quam
784 2344 871 2392 parit
884 2341 1115 2379 demonstratio
1129 2368 1141 2385 ,
1158 2341 1271 2376 natur&
1287 2345 1320 2377 δε
1329 2344 1453 2377 unitate
1465 2342 1618 2377 dicemus.
