1857 2745
405 131 526 212 14chfj7.
542 162 630 210 Neg.
646 160 723 203 maj.
739 156 890 194 dicuntur
909 169 1020 194 autern
1036 158 1138 194 relata
1157 158 1248 195 simul
1270 159 1478 209 cognitione,
1503 159 1580 206 quia
1602 169 1702 196 unum
1717 172 1787 197 non

397 211 599 261 cognoscitur
611 220 686 243 ante
698 208 783 244 aliud
794 237 802 251 ,
815 221 881 242 non
892 208 982 256 quod
996 221 1059 243 una
1070 209 1186 244 relatio
1196 239 1206 254 ,
1216 222 1251 244 ut
1264 211 1439 258 paternitas
1454 208 1637 245 formaliter
1651 209 1787 260 cognos-

397 273 486 296 catur
497 271 553 309 per
567 258 767 294 filiationem.
790 259 900 305 Qate
911 259 967 305 qui
979 257 1140 306 cognoscit
1157 272 1255 294 unum
1269 259 1406 293 relatum
1419 288 1428 301 ,
1444 256 1534 292 fimul
1551 257 1638 293 aliud
1650 258 1787 308 cognost-

397 313 460 353 cit,
470 308 696 351 materialiter,
710 321 746 342 tit
759 318 848 342 aiunt
858 336 867 350 ,
877 306 1049 356 sumptum.
1068 308 1139 354 Qii
1154 308 1317 358 cognoscit
1333 320 1479 356 patrem,
1490 305 1579 342 simul
1594 312 1627 345 &
1637 312 1731 344 novit
1746 308 1786 345 fi-

397 360 477 394 lium
490 388 500 402 ,
518 370 677 407 quatenus
694 357 740 391 est
757 356 858 391 homo
870 359 1010 405 genitus,

432 409 513 458 Opp.
527 417 555 454 30
572 411 607 442 In
624 408 739 441 divinis
759 408 933 455 paternitas
948 409 1138 442 terminatur
1148 406 1188 441 ad
1204 405 1396 441 filiationem
1409 435 1418 450 ‚
1443 418 1510 441 non
1524 406 1565 441 ad
1583 405 1710 454 aliquid
1725 405 1786 442 ab.

395 456 556 493 solutum:
575 469 652 506 ergo
665 457 753 491 idem
761 467 893 504 quoque
911 457 945 490 in
964 455 1058 492 rebus
1075 458 1188 491 creatis
1201 456 1248 490 est
1264 456 1482 505 judicandum.

436 507 525 556 Resp.
539 519 578 542 ν’.
597 509 676 542 Non
688 504 760 540 satis
772 516 882 553 aptam
899 504 960 540 esse
979 518 1017 541 ex
1037 506 1156 540 divinis
1175 504 1388 540 relationibus
1404 505 1443 538 ad
1459 515 1619 539 creaturas
1634 504 1788 540 consecu-

395 557 541 592 tionem:
565 569 639 590 cum
659 555 718 589 illae
746 553 804 589 lint
819 553 1014 591 substantia3
1035 554 1085 590 hae
1116 567 1197 590 vero
1214 556 1394 589 accidentia
1415 565 1542 589 tantum
1558 553 1788 603 metaphysica.

395 607 526 642 Deinde
538 607 712 654 paternitas
726 604 839 639 divina
851 617 917 640 non
930 604 1035 653 potest
1053 606 1218 640 terminari
1232 602 1287 640 nisi
1297 605 1338 638 ad
1354 603 1488 650 aliquod
1501 602 1689 637 distinehmi
1704 616 1712 638 :
1733 603 1789 638 sed

394 654 475 692 nihil
489 657 522 690 in
539 655 654 690 divinis
664 654 711 688 est
723 654 903 689 distinaum
921 666 1036 702 praeter
1049 654 1224 689 relationes
1239 670 1248 697 ;
1260 653 1346 689 unde
1356 652 1471 687 relatio
1482 651 1581 687 aliam
1592 652 1788 689 relationem

396 707 560 740 terminat.
577 705 667 740 Hinc
684 702 749 738 sola
760 701 876 738 filiatio
891 703 1103 751 producitur‘a
1118 715 1210 751 patre
1232 732 1242 747 ‚
1274 715 1342 737 non
1373 713 1484 736 natura
1503 701 1626 738 divina,
1663 703 1700 736 In
1733 712 1787 736 re..

393 751 457 788 bus
477 754 589 789 creatis
615 765 664 788 res
682 752 776 788 aliter
795 750 824 788 se
841 751 942 788 habet
961 769 972 797 i
990 752 1045 788 vest
1063 754 1152 788 enim
1183 752 1307 800 aliquid
1333 751 1522 786 distinctum
1538 755 1571 787 δε
1589 751 1788 799 produOtum

393 815 508 852 praetet
524 802 728 838 relationem.
1133 840 1137 842 ,

431 853 519 901 Resp.
534 860 574 889 20.
591 851 805 888 Relationem
817 851 1011 895 divinam,ut
1028 850 1235 896 filiationem,
1250 850 1328 887 licet
1343 849 1459 886 eadem
1471 848 1507 885 sit
1516 854 1550 886 ὃς
1561 847 1707 897 fimplex,
1719 847 1788 885 duo

395 910 507 936 tamen
524 900 646 936 habere
656 913 792 935 munera
806 914 814 935 :
831 913 909 935 nam
926 906 960 937 δε
975 900 1146 948 personam
1162 900 1220 936 filii
1235 901 1407 942 constituit,
1425 911 1526 946 atque
1543 910 1582 932 ea
1597 900 1724 932 tatione
1744 899 1788 934 est

396 953 552 986 terminus
570 951 785 999 paternitatis.
802 949 931 985 Deinde
948 953 1039 998 juxta
1053 951 1201 985 nostrum
1226 948 1434 997 intelligendi
1452 948 1591 983 modum
1614 945 1787 995 personam

395 997 454 1032 filii
467 1003 535 1046 jam
552 1000 754 1033 constitutam
773 999 813 1032 ad
832 1009 959 1045 patrem
976 997 1079 1033 refert
1092 1010 1247 1045 :tumque
1262 1001 1425 1033 rationem
1442 1010 1510 1032 non
1527 995 1630 1031 habet
1646 998 1789 1041 termini,

395 1046 449 1081 sed
480 1047 639 1082 correlati.
672 1047 784 1092 Quare
797 1047 973 1094 paternitas
987 1046 1095 1081 divina
1107 1049 1298 1082 terminatur
1310 1047 1348 1080 ad
1365 1044 1559 1080 filiationem
1569 1045 1717 1080 divinam
1730 1044 1788 1080 sub

395 1097 522 1130 tatione
540 1093 704 1131 absoluta:
722 1105 878 1142 quatenus
888 1093 1037 1129 Verbum
1046 1097 1226 1138 constituit,
1243 1109 1309 1131 non
1328 1094 1454 1143 praecise
1475 1105 1635 1142 quatenus
1649 1094 1692 1129 est
1703 1094 1788 1131 tela.

396 1147 456 1182 tio,
468 1148 591 1178 Verum
604 1144 664 1178 ista
676 1150 709 1181 &
723 1144 784 1178 alia
801 1143 891 1191 hujus
902 1145 1029 1192 generis
1041 1145 1181 1180 viderint
1196 1145 1373 1192 Theologi.

435 1193 528 1230 Nihil
538 1195 635 1229 etiam
647 1193 744 1228 causae
765 1192 810 1226 est
832 1205 885 1227 cur
898 1194 992 1228 anxie
1007 1192 1078 1228 loca
1094 1195 1242 1242 quaedam
1266 1206 1306 1228 ex
1325 1193 1502 1229 Aristotele
1515 1194 1668 1242 decerpta
1686 1192 1787 1242 expli-

394 1255 502 1278 cemus
517 1257 524 1278 :
541 1254 577 1277 ut
589 1255 663 1279 cum
677 1244 773 1277 docet
792 1243 825 1277 in
838 1241 901 1276 hoc
914 1254 950 1276 ca
976 1244 1021 1277 ite
1032 1271 1041 1286 ,
1051 1242 1136 1278 alam
1148 1257 1215 1279 non
1228 1241 1288 1278 effe
1303 1245 1388 1287 avis,
1408 1242 1461 1278 sed
1479 1243 1559 1278 alati
1575 1243 1661 1278 alam
1675 1257 1684 1280 :
1700 1243 1787 1278 unde

393 1291 553 1339 colligunt
565 1291 756 1328 relationem
768 1304 836 1326 non
849 1292 888 1325 ad
902 1289 942 1325 ab
957 1291 1081 1327 olutum
1095 1293 1225 1328 referri:
1243 1292 1295 1327 sed
1314 1305 1484 1340 perperam
1502 1307 1509 1328 :
1523 1306 1588 1328 non
1599 1295 1686 1328 enim
1695 1291 1786 1327 aliud

394 1340 561 1378 Aristoteli
573 1340 617 1375 est
628 1340 837 1389 propositum,
848 1339 946 1385 quam
959 1351 996 1375 ut
1005 1343 1180 1377 terminum
1189 1342 1394 1389 adaequatum
1404 1370 1413 1384 ‚
1426 1343 1548 1388 quique
1560 1353 1598 1376 ex
1608 1343 1700 1377 omni
1711 1353 1788 1389 par..

397 1400 428 1425 te
443 1389 633 1438 respondeat
644 1390 810 1433 relationi,
823 1387 947 1426 afferat.
962 1390 1048 1425 Cum
1068 1402 1179 1426 autem
1195 1390 1299 1426 multa
1312 1402 1384 1438 quae
1398 1390 1454 1425 alis
1481 1389 1612 1438 ptaedita
1634 1389 1706 1425 sunt
1721 1418 1731 1433 ,
1747 1401 1786 1425 ut

396 1438 505 1475 muscae
518 1467 526 1480 ,
541 1452 607 1473 non
619 1438 680 1474 sint
698 1451 775 1473 aves
786 1467 796 1481 ‚
813 1440 901 1473 recte
914 1439 1032 1485 judicat
1049 1451 1230 1487 pennatum
1245 1441 1351 1488 potius
1365 1468 1374 1481 ‚
1390 1439 1490 1486 quam
1508 1450 1605 1473 avem
1621 1437 1682 1474 eise
1698 1439 1786 1473 adae-

394 1499 531 1533 quatum
549 1487 606 1521 alae
619 1490 802 1522 terminum.
817 1485 1056 1521 Similiratione
1075 1500 1149 1523 cum
1163 1489 1261 1523 docet
1275 1489 1425 1524 detractis
1445 1486 1595 1522 omnibus
1608 1486 1628 1523 ὲ
1639 1488 1787 1523 Domino

396 1540 430 1572 δέ
443 1535 533 1570 servo
542 1564 552 1578 ,
570 1548 686 1584 praeter
699 1534 758 1570 effe
770 1536 953 1572 Domini&
964 1534 1061 1580 servi,
1076 1535 1202 1585 semper
1215 1539 1400 1574 Dominum
1414 1538 1475 1573 effe
1489 1536 1570 1572 servi
1590 1538 1783 1573 Dominum:

396 1585 430 1618 id
451 1587 563 1632 utique
577 1598 691 1620 vetum
705 1586 747 1621 est
761 1597 769 1619 :
784 1597 860 1620 nam
886 1583 1015 1620 sublatis
1031 1585 1180 1621 omnibus
1198 1599 1270 1635 quae
1284 1598 1435 1623 extranea
1452 1586 1522 1622 sunt
1535 1615 1544 1629 ‚
1559 1598 1596 1621 ut
1613 1585 1786 1629 albedine,

396 1632 497 1682 figura
509 1639 541 1669 ὃ(
552 1633 621 1668 aliis
637 1635 725 1683 hujus
743 1636 871 1684 generis
885 1662 896 1678 ,
912 1635 1093 1669 dummodo
1108 1638 1141 1670 in
1159 1635 1251 1670 servo
1268 1635 1445 1671 obediendi
1463 1635 1630 1671 necessitas
1642 1637 1694 1679 ,in
1709 1637 1783 1668 Do-

397 1685 488 1717 mino
495 1686 542 1731 jus
560 1684 738 1731 imperandi
751 1695 917 1719 remaneat
930 1712 941 1727 ,
953 1696 1023 1731 quae
1035 1683 1106 1719 sunt
1121 1683 1371 1720 fundamentum
1390 1690 1423 1722 δε
1445 1687 1600 1721 terminus
1620 1713 1631 1729 ,
1658 1682 1782 1734 semper

397 1734 562 1768 Dominus
580 1735 640 1768 etit
651 1732 733 1768 servi
743 1735 905 1769 Dominus
917 1761 928 1776 ,
943 1744 981 1767 ac
993 1732 1142 1770 vicissim.

825 1833 856 1870 Α
878 1833 911 1867 R
930 1833 960 1867 T
982 1834 996 1866 1
1014 1832 1045 1866 C
1063 1832 1098 1868 U
1115 1833 1143 1867 L
1159 1831 1194 1867 U
1217 1833 1238 1865 S
1290 1836 1334 1868 V.

863 1907 919 1938 De
935 1905 1113 1938 Relationis
1134 1902 1299 1948 divistone.

464 1979 624 2025 Xplicatis
639 1979 676 2011 iis
698 1976 850 2013 omnibus
866 1991 940 2027 quae
951 1979 991 2013 ad
1006 1979 1213 2014 existentiam
1224 1981 1259 2013 &
1277 1987 1423 2012 naturam
1436 1975 1599 2012 relationis
1613 2007 1623 2022 ,
1638 1992 1777 2018 necnon

464 2042 532 2076 quae
545 2027 585 2061 ad
600 2025 779 2074 subjeetum
795 2027 892 2072 illius,
914 2027 1167 2064 fundamentum
1180 2031 1214 2062 &
1233 2027 1408 2062 terminum
1427 2029 1587 2075 pertinere
1609 2029 1674 2066 visa
1690 2029 1778 2077 sunt,

395 2078 499 2112 multo
509 2075 634 2112 facilior
649 2079 709 2111 erit
719 2077 883 2113 relationis
897 2075 1027 2113 divisio:
1041 2090 1113 2125 quae
1130 2075 1204 2111 licet
1219 2087 1336 2124 magna
1347 2088 1386 2111 ex
1397 2088 1486 2124 parte
1499 2079 1530 2111 in
1546 2079 1652 2124 primo
1659 2082 1779 2116 arricu-

396 2127 429 2161 lo
443 2127 538 2162 fuerit
552 2125 711 2174 explicata
721 2144 729 2171 3
739 2139 823 2163 nunc
840 2138 951 2162 tamen
992 2126 1066 2162 aulo
1083 2127 1258 2160 accuratius
1270 2125 1317 2159 est
1330 2127 1524 2161 retexenda:
1538 2124 1627 2162 simul
1642 2129 1779 2165 undeil..

395 2176 452 2209 lius
468 2175 656 2210 differentiae
676 2179 835 2225 geneticae
848 2206 857 2222 ,
873 2140 1029 2225 specificae
1046 2181 1080 2214 &
1096 2177 1268 2211 numericae
1280 2172 1338 2209 sint
1357 2175 1557 2219 repetendae,
1584 2176 1772 2226 diligentius

395 2226 593 2261 intuendum.

434 2274 479 2306 Ac
493 2276 599 2320 primo
609 2277 742 2322 quidem
752 2276 946 2313 relationem
960 2278 994 2312 in
1003 2275 1137 2317 realem,
1156 2278 1191 2311 &
1203 2275 1333 2309 rationis
1347 2272 1447 2306 dividi
1460 2277 1527 2321 jam
1541 2276 1635 2309 initio
1645 2279 1776 2311 monui-

397 2333 476 2356 mus.
498 2322 631 2358 infinita*
643 2324 712 2360 sunt
724 2325 815 2372 hujus
825 2329 952 2375 generis
964 2326 1139 2361 relationes
1151 2353 1160 2366 ,
1178 2335 1257 2370 quas
1276 2334 1365 2358 mens
1383 2322 1472 2363 facit,
1487 2337 1551 2358 non
1565 2326 1709 2361 invenit:
1727 2327 1774 2360 Ac

397 2371 516 2419 Logica
531 2383 614 2420 pene
631 2385 698 2410 tota
714 2377 745 2412 in
763 2377 800 2412 iis
818 2375 1011 2427 explicandis
1028 2372 1180 2413 versatur.
1205 2373 1292 2409 Hinc
1319 2371 1534 2421 praedicabilia
1553 2375 1672 2421 Logica
1689 2373 1772 2411 nihil
