<?xml version="1.0" encoding="UTF-8"?>
<!DOCTYPE html PUBLIC "-//W3C//DTD XHTML 1.0 Transitional//EN"
    "http://www.w3.org/TR/xhtml1/DTD/xhtml1-transitional.dtd">
<html xmlns="http://www.w3.org/1999/xhtml" xml:lang="en" lang="en">
 <head>
  <title>
</title>
<meta http-equiv="Content-Type" content="text/html;charset=utf-8" />
  <meta name='ocr-system' content='tesseract 3.04.00' />
  <meta name='ocr-capabilities' content='ocr_page ocr_carea ocr_par ocr_line ocrx_word'/>
</head>
<body>
  <div class='ocr_page' id='page_1' title='image "./philosophiavetus01duhauoft_0232.png"; bbox 0 0 1857 2745; ppageno 0'>
   <div class='ocr_carea' id='block_1_1' title="bbox 373 128 1781 329">
    <p class='ocr_par' dir='ltr' id='par_1_1' title="bbox 380 128 1191 168">
     <span class='ocr_line' id='line_1_1' title="bbox 380 128 1191 168; baseline 0.005 -6"><span class='ocrx_word' id='word_1_1' title='bbox 380 145 432 168; x_wconf 79' lang='lat'>210</span> <span class='ocrx_word' id='word_1_2' title='bbox 907 128 939 164; x_wconf 83' lang='lat' dir='ltr'>&#39;L</span> <span class='ocrx_word' id='word_1_3' title='bbox 957 130 992 165; x_wconf 93' lang='lat' dir='ltr'>O</span> <span class='ocrx_word' id='word_1_4' title='bbox 1014 130 1044 164; x_wconf 92' lang='lat' dir='ltr'>G</span> <span class='ocrx_word' id='word_1_5' title='bbox 1070 131 1085 164; x_wconf 90' lang='lat'>1</span> <span class='ocrx_word' id='word_1_6' title='bbox 1106 130 1136 166; x_wconf 91' lang='lat' dir='ltr'>C</span> <span class='ocrx_word' id='word_1_7' title='bbox 1152 133 1191 166; x_wconf 86' lang='lat' dir='ltr'>AE</span> 
     </span>
    </p>

    <p class='ocr_par' dir='ltr' id='par_1_2' title="bbox 373 176 1781 329">
     <span class='ocr_line' id='line_1_2' title="bbox 376 176 1780 231; baseline 0.001 -17"><span class='ocrx_word' id='word_1_8' title='bbox 376 179 605 225; x_wconf 62' lang='lat' dir='ltr'>conjuiichm,</span> <span class='ocrx_word' id='word_1_9' title='bbox 623 189 659 212; x_wconf 89' lang='lat' dir='ltr'>ut</span> <span class='ocrx_word' id='word_1_10' title='bbox 671 176 783 212; x_wconf 82' lang='lat' dir='ltr'>divelli</span> <span class='ocrx_word' id='word_1_11' title='bbox 792 176 883 214; x_wconf 83' lang='lat' dir='ltr'>nullo</span> <span class='ocrx_word' id='word_1_12' title='bbox 893 179 995 213; x_wconf 89' lang='lat' dir='ltr'>modo</span> <span class='ocrx_word' id='word_1_13' title='bbox 1007 178 1124 227; x_wconf 86' lang='lat' dir='ltr'>posfint</span> <span class='ocrx_word' id='word_1_14' title='bbox 1141 194 1149 216; x_wconf 92' lang='lat'>:</span> <span class='ocrx_word' id='word_1_15' title='bbox 1171 179 1224 215; x_wconf 89' lang='lat' dir='ltr'>sed</span> <span class='ocrx_word' id='word_1_16' title='bbox 1241 180 1356 228; x_wconf 87' lang='lat' dir='ltr'>opinio</span> <span class='ocrx_word' id='word_1_17' title='bbox 1373 178 1489 214; x_wconf 85' lang='lat' dir='ltr'>dicitur</span> <span class='ocrx_word' id='word_1_18' title='bbox 1506 180 1628 216; x_wconf 84' lang='lat' dir='ltr'>incerta</span> <span class='ocrx_word' id='word_1_19' title='bbox 1641 208 1652 224; x_wconf 90' lang='lat'>,</span> <span class='ocrx_word' id='word_1_20' title='bbox 1689 182 1780 231; x_wconf 61' lang='lat' dir='ltr'>quod</span> 
     </span>
     <span class='ocr_line' id='line_1_3' title="bbox 375 226 1781 274; baseline 0.004 -12"><span class='ocrx_word' id='word_1_21' title='bbox 375 241 413 262; x_wconf 86' lang='lat' dir='ltr'>ex</span> <span class='ocrx_word' id='word_1_22' title='bbox 431 226 461 262; x_wconf 88' lang='lat' dir='ltr'>se</span> <span class='ocrx_word' id='word_1_23' title='bbox 478 226 720 263; x_wconf 74' lang='lat' dir='ltr'>dubitationem</span> <span class='ocrx_word' id='word_1_24' title='bbox 736 240 871 263; x_wconf 89' lang='lat' dir='ltr'>omnem</span> <span class='ocrx_word' id='word_1_25' title='bbox 888 241 954 264; x_wconf 91' lang='lat' dir='ltr'>non</span> <span class='ocrx_word' id='word_1_26' title='bbox 966 229 1083 273; x_wconf 82' lang='lat' dir='ltr'>tollat,</span> <span class='ocrx_word' id='word_1_27' title='bbox 1098 242 1159 265; x_wconf 90' lang='lat' dir='ltr'>nec</span> <span class='ocrx_word' id='word_1_28' title='bbox 1177 228 1256 265; x_wconf 92' lang='lat' dir='ltr'>fides</span> <span class='ocrx_word' id='word_1_29' title='bbox 1272 226 1526 265; x_wconf 86' lang='lat' dir='ltr'>obscuritatem:</span> <span class='ocrx_word' id='word_1_30' title='bbox 1540 233 1695 274; x_wconf 82' lang='lat' dir='ltr'>quamvis</span> <span class='ocrx_word' id='word_1_31' title='bbox 1710 232 1781 269; x_wconf 86' lang='lat' dir='ltr'>fieti</span> 
     </span>
     <span class='ocr_line' id='line_1_4' title="bbox 373 275 1781 329; baseline 0.006 -19"><span class='ocrx_word' id='word_1_32' title='bbox 373 275 469 324; x_wconf 85' lang='lat' dir='ltr'>poffit</span> <span class='ocrx_word' id='word_1_33' title='bbox 486 288 522 310; x_wconf 88' lang='lat' dir='ltr'>ut</span> <span class='ocrx_word' id='word_1_34' title='bbox 543 287 676 325; x_wconf 86' lang='lat' dir='ltr'>propter</span> <span class='ocrx_word' id='word_1_35' title='bbox 695 277 1005 314; x_wconf 84' lang='lat' dir='ltr'>demonstrationem</span> <span class='ocrx_word' id='word_1_36' title='bbox 1025 279 1110 315; x_wconf 85' lang='lat' dir='ltr'>nulla</span> <span class='ocrx_word' id='word_1_37' title='bbox 1128 279 1265 329; x_wconf 86' lang='lat' dir='ltr'>amplius</span> <span class='ocrx_word' id='word_1_38' title='bbox 1282 276 1319 313; x_wconf 83' lang='lat' dir='ltr'>fit</span> <span class='ocrx_word' id='word_1_39' title='bbox 1338 279 1373 313; x_wconf 91' lang='lat' dir='ltr'>in</span> <span class='ocrx_word' id='word_1_40' title='bbox 1391 278 1566 315; x_wconf 62' lang='lat' dir='ltr'>intellectu</span> <span class='ocrx_word' id='word_1_41' title='bbox 1591 279 1781 328; x_wconf 71' lang='lat' dir='ltr'>dubitatio,</span> 
     </span>
    </p>
   </div>
   <div class='ocr_carea' id='block_1_2' title="bbox 374 324 1239 423">
    <p class='ocr_par' dir='ltr' id='par_1_3' title="bbox 374 324 1239 423">
     <span class='ocr_line' id='line_1_5' title="bbox 374 324 638 362; baseline 0.004 -2"><span class='ocrx_word' id='word_1_42' title='bbox 374 325 429 360; x_wconf 92' lang='lat' dir='ltr'>vel</span> <span class='ocrx_word' id='word_1_43' title='bbox 450 324 638 362; x_wconf 78' lang='lat' dir='ltr'>obscuritas.</span> 
     </span>
     <span class='ocr_line' id='line_1_6' title="bbox 898 375 1239 423; baseline 0.015 -12"><span class='ocrx_word' id='word_1_44' title='bbox 898 375 1032 423; x_wconf 63' lang='lat' dir='ltr'>Objefla</span> <span class='ocrx_word' id='word_1_45' title='bbox 1057 378 1239 416; x_wconf 73' lang='lat' dir='ltr'>diluuntur.</span> 
     </span>
    </p>
   </div>
   <div class='ocr_carea' id='block_1_3' title="bbox 359 475 1781 1466">
    <p class='ocr_par' dir='ltr' id='par_1_4' title="bbox 361 475 1781 674">
     <span class='ocr_line' id='line_1_7' title="bbox 399 475 1781 526; baseline 0.001 -15"><span class='ocrx_word' id='word_1_46' title='bbox 399 475 533 524; x_wconf 74' lang='lat' dir='ltr'>opp-1⁶·</span> <span class='ocrx_word' id='word_1_47' title='bbox 554 480 652 513; x_wconf 86' lang='lat' dir='ltr'>Mens</span> <span class='ocrx_word' id='word_1_48' title='bbox 667 477 724 512; x_wconf 52' lang='lat' dir='ltr'>ead</span> <span class='ocrx_word' id='word_1_49' title='bbox 732 489 787 512; x_wconf 87' lang='lat' dir='ltr'>em</span> <span class='ocrx_word' id='word_1_50' title='bbox 800 476 841 511; x_wconf 88' lang='lat' dir='ltr'>de</span> <span class='ocrx_word' id='word_1_51' title='bbox 859 487 894 511; x_wconf 87' lang='lat' dir='ltr'>re</span> <span class='ocrx_word' id='word_1_52' title='bbox 912 488 978 512; x_wconf 87' lang='lat' dir='ltr'>non</span> <span class='ocrx_word' id='word_1_53' title='bbox 996 478 1102 526; x_wconf 87' lang='lat' dir='ltr'>potest</span> <span class='ocrx_word' id='word_1_54' title='bbox 1120 477 1181 513; x_wconf 83' lang='lat' dir='ltr'>effe</span> <span class='ocrx_word' id='word_1_55' title='bbox 1195 484 1328 515; x_wconf 77' lang='lat' dir='ltr'>&amp;certa</span> <span class='ocrx_word' id='word_1_56' title='bbox 1346 481 1380 514; x_wconf 84' lang='lat'>&amp;</span> <span class='ocrx_word' id='word_1_57' title='bbox 1400 478 1524 512; x_wconf 84' lang='lat' dir='ltr'>incerta</span> <span class='ocrx_word' id='word_1_58' title='bbox 1545 493 1554 520; x_wconf 81' lang='lat'><em>3</em></span> <span class='ocrx_word' id='word_1_59' title='bbox 1575 475 1726 512; x_wconf 85' lang='lat' dir='ltr'>dubitate</span> <span class='ocrx_word' id='word_1_60' title='bbox 1744 483 1781 516; x_wconf 73' lang='grc' dir='ltr'>δε</span> 
     </span>
     <span class='ocr_line' id='line_1_8' title="bbox 368 524 1781 575; baseline 0.004 -17"><span class='ocrx_word' id='word_1_61' title='bbox 368 537 437 559; x_wconf 92' lang='lat' dir='ltr'>non</span> <span class='ocrx_word' id='word_1_62' title='bbox 451 525 602 562; x_wconf 84' lang='lat' dir='ltr'>dubitate</span> <span class='ocrx_word' id='word_1_63' title='bbox 618 541 626 563; x_wconf 81' lang='lat' dir='ltr'><strong><em>z</em></strong></span> <span class='ocrx_word' id='word_1_64' title='bbox 648 526 700 561; x_wconf 81' lang='lat' dir='ltr'>sed</span> <span class='ocrx_word' id='word_1_65' title='bbox 715 528 831 575; x_wconf 86' lang='lat' dir='ltr'>opinio</span> <span class='ocrx_word' id='word_1_66' title='bbox 844 537 990 562; x_wconf 79' lang='lat' dir='ltr'>mentem</span> <span class='ocrx_word' id='word_1_67' title='bbox 1011 525 1112 562; x_wconf 89' lang='lat' dir='ltr'>efficit</span> <span class='ocrx_word' id='word_1_68' title='bbox 1123 530 1282 562; x_wconf 80' lang='lat' dir='ltr'>incertam</span> <span class='ocrx_word' id='word_1_69' title='bbox 1304 533 1337 564; x_wconf 88' lang='lat'>&amp;</span> <span class='ocrx_word' id='word_1_70' title='bbox 1351 524 1508 570; x_wconf 74' lang='lat' dir='ltr'>dubiam3</span> <span class='ocrx_word' id='word_1_71' title='bbox 1529 526 1661 561; x_wconf 85' lang='lat' dir='ltr'>scientia</span> <span class='ocrx_word' id='word_1_72' title='bbox 1678 529 1781 562; x_wconf 64' lang='lat' dir='ltr'>certi-</span> 
     </span>
     <span class='ocr_line' id='line_1_9' title="bbox 368 573 1781 627; baseline 0.004 -20"><span class='ocrx_word' id='word_1_73' title='bbox 368 573 517 610; x_wconf 81' lang='lat' dir='ltr'>tudinem</span> <span class='ocrx_word' id='word_1_74' title='bbox 534 575 631 612; x_wconf 85' lang='lat' dir='ltr'>affert</span> <span class='ocrx_word' id='word_1_75' title='bbox 651 581 684 613; x_wconf 73' lang='grc' dir='ltr'>δε</span> <span class='ocrx_word' id='word_1_76' title='bbox 697 575 888 612; x_wconf 86' lang='lat' dir='ltr'>firmitatem</span> <span class='ocrx_word' id='word_1_77' title='bbox 911 589 919 611; x_wconf 73' lang='grc' dir='ltr'>ε</span> <span class='ocrx_word' id='word_1_78' title='bbox 945 589 1025 626; x_wconf 81' lang='lat' dir='ltr'>ergo</span> <span class='ocrx_word' id='word_1_79' title='bbox 1043 575 1175 613; x_wconf 88' lang='lat' dir='ltr'>scientia</span> <span class='ocrx_word' id='word_1_80' title='bbox 1190 582 1225 614; x_wconf 73' lang='grc' dir='ltr'>δε</span> <span class='ocrx_word' id='word_1_81' title='bbox 1236 578 1351 627; x_wconf 87' lang='lat' dir='ltr'>opinio</span> <span class='ocrx_word' id='word_1_82' title='bbox 1366 573 1457 610; x_wconf 83' lang='lat' dir='ltr'>fimul</span> <span class='ocrx_word' id='word_1_83' title='bbox 1476 581 1510 613; x_wconf 84' lang='lat'>&amp;</span> <span class='ocrx_word' id='word_1_84' title='bbox 1525 577 1565 612; x_wconf 87' lang='lat' dir='ltr'>de</span> <span class='ocrx_word' id='word_1_85' title='bbox 1580 575 1700 610; x_wconf 83' lang='lat' dir='ltr'>eodem</span> <span class='ocrx_word' id='word_1_86' title='bbox 1714 575 1781 622; x_wconf 39' lang='lat' dir='ltr'>obs</span> 
     </span>
     <span class='ocr_line' id='line_1_10' title="bbox 361 623 781 674; baseline 0.017 -18"><span class='ocrx_word' id='word_1_87' title='bbox 361 625 455 671; x_wconf 68' lang='lat' dir='ltr'>.je6ko</span> <span class='ocrx_word' id='word_1_88' title='bbox 474 623 535 660; x_wconf 81' lang='lat' dir='ltr'>effe</span> <span class='ocrx_word' id='word_1_89' title='bbox 556 640 622 662; x_wconf 90' lang='lat' dir='ltr'>non</span> <span class='ocrx_word' id='word_1_90' title='bbox 642 624 781 674; x_wconf 69' lang='lat' dir='ltr'>possunt.</span> 
     </span>
    </p>

    <p class='ocr_par' dir='ltr' id='par_1_5' title="bbox 361 673 1779 1070">
     <span class='ocr_line' id='line_1_11' title="bbox 405 673 1779 726; baseline 0.002 -16"><span class='ocrx_word' id='word_1_91' title='bbox 405 673 492 721; x_wconf 80' lang='lat' dir='ltr'>Resp.</span> <span class='ocrx_word' id='word_1_92' title='bbox 512 675 596 721; x_wconf 75' lang='lat' dir='ltr'>Dist.</span> <span class='ocrx_word' id='word_1_93' title='bbox 608 677 685 717; x_wconf 76' lang='lat' dir='ltr'>maj.</span> <span class='ocrx_word' id='word_1_94' title='bbox 699 677 798 712; x_wconf 86' lang='lat' dir='ltr'>Mens</span> <span class='ocrx_word' id='word_1_95' title='bbox 811 689 879 713; x_wconf 91' lang='lat' dir='ltr'>non</span> <span class='ocrx_word' id='word_1_96' title='bbox 891 676 996 726; x_wconf 85' lang='lat' dir='ltr'>potest</span> <span class='ocrx_word' id='word_1_97' title='bbox 1011 677 1052 712; x_wconf 90' lang='lat' dir='ltr'>de</span> <span class='ocrx_word' id='word_1_98' title='bbox 1067 677 1183 713; x_wconf 85' lang='lat' dir='ltr'>eadem</span> <span class='ocrx_word' id='word_1_99' title='bbox 1197 689 1232 712; x_wconf 89' lang='lat' dir='ltr'>re</span> <span class='ocrx_word' id='word_1_100' title='bbox 1244 686 1332 712; x_wconf 85' lang='lat' dir='ltr'>certa</span> <span class='ocrx_word' id='word_1_101' title='bbox 1354 675 1416 712; x_wconf 89' lang='lat' dir='ltr'>esse</span> <span class='ocrx_word' id='word_1_102' title='bbox 1432 681 1466 713; x_wconf 72' lang='grc' dir='ltr'>δε</span> <span class='ocrx_word' id='word_1_103' title='bbox 1480 673 1576 712; x_wconf 82' lang='lat' dir='ltr'>dubia</span> <span class='ocrx_word' id='word_1_104' title='bbox 1586 704 1596 719; x_wconf 91' lang='lat'>,</span> <span class='ocrx_word' id='word_1_105' title='bbox 1614 689 1674 726; x_wconf 84' lang='lat' dir='ltr'>per</span> <span class='ocrx_word' id='word_1_106' title='bbox 1685 677 1779 716; x_wconf 82' lang='lat' dir='ltr'>idem</span> 
     </span>
     <span class='ocr_line' id='line_1_12' title="bbox 367 724 1777 775; baseline 0.005 -18"><span class='ocrx_word' id='word_1_107' title='bbox 367 724 553 769; x_wconf 82' lang='lat' dir='ltr'>motivum,</span> <span class='ocrx_word' id='word_1_108' title='bbox 571 724 625 761; x_wconf 89' lang='lat' dir='ltr'>seu</span> <span class='ocrx_word' id='word_1_109' title='bbox 640 726 807 771; x_wconf 85' lang='lat' dir='ltr'>medium,</span> <span class='ocrx_word' id='word_1_110' title='bbox 822 727 864 763; x_wconf 89' lang='lat' dir='ltr'>C.</span> <span class='ocrx_word' id='word_1_111' title='bbox 885 738 943 775; x_wconf 82' lang='lat' dir='ltr'>per</span> <span class='ocrx_word' id='word_1_112' title='bbox 964 727 1088 762; x_wconf 77' lang='lat' dir='ltr'>diversa</span> <span class='ocrx_word' id='word_1_113' title='bbox 1101 729 1247 770; x_wconf 85' lang='lat' dir='ltr'>motiva,</span> <span class='ocrx_word' id='word_1_114' title='bbox 1266 738 1321 761; x_wconf 84' lang='lat' dir='ltr'>aut</span> <span class='ocrx_word' id='word_1_115' title='bbox 1335 727 1444 761; x_wconf 78' lang='lat' dir='ltr'>media</span> <span class='ocrx_word' id='word_1_116' title='bbox 1458 755 1469 770; x_wconf 95' lang='lat'>,</span> <span class='ocrx_word' id='word_1_117' title='bbox 1494 728 1543 763; x_wconf 89' lang='lat' dir='ltr'>N.</span> <span class='ocrx_word' id='word_1_118' title='bbox 1563 737 1639 762; x_wconf 85' lang='lat' dir='ltr'>cum</span> <span class='ocrx_word' id='word_1_119' title='bbox 1665 738 1777 764; x_wconf 85' lang='lat' dir='ltr'>autem</span> 
     </span>
     <span class='ocr_line' id='line_1_13' title="bbox 366 775 1778 826; baseline 0.004 -19"><span class='ocrx_word' id='word_1_120' title='bbox 366 784 435 808; x_wconf 88' lang='lat' dir='ltr'>tem</span> <span class='ocrx_word' id='word_1_121' title='bbox 445 775 583 810; x_wconf 83' lang='lat' dir='ltr'>eandem</span> <span class='ocrx_word' id='word_1_122' title='bbox 598 788 634 812; x_wconf 85' lang='lat' dir='ltr'>v.</span> <span class='ocrx_word' id='word_1_123' title='bbox 652 788 683 824; x_wconf 81' lang='lat' dir='ltr'>g.</span> <span class='ocrx_word' id='word_1_124' title='bbox 702 776 982 811; x_wconf 83' lang='lat' dir='ltr'>immortalitatem</span> <span class='ocrx_word' id='word_1_125' title='bbox 999 779 1115 813; x_wconf 81' lang='lat' dir='ltr'>animae</span> <span class='ocrx_word' id='word_1_126' title='bbox 1130 787 1201 811; x_wconf 90' lang='lat' dir='ltr'>tum</span> <span class='ocrx_word' id='word_1_127' title='bbox 1216 775 1495 810; x_wconf 84' lang='lat' dir='ltr'>demonstratione</span> <span class='ocrx_word' id='word_1_128' title='bbox 1510 803 1520 818; x_wconf 94' lang='lat'>,</span> <span class='ocrx_word' id='word_1_129' title='bbox 1551 785 1619 809; x_wconf 89' lang='lat' dir='ltr'>tum</span> <span class='ocrx_word' id='word_1_130' title='bbox 1631 775 1778 826; x_wconf 83' lang='lat' dir='ltr'>syllogis-</span> 
     </span>
     <span class='ocr_line' id='line_1_14' title="bbox 365 822 1778 873; baseline 0.004 -17"><span class='ocrx_word' id='word_1_131' title='bbox 365 834 422 857; x_wconf 88' lang='lat' dir='ltr'>mo</span> <span class='ocrx_word' id='word_1_132' title='bbox 435 822 600 872; x_wconf 73' lang='lat' dir='ltr'>probabili</span> <span class='ocrx_word' id='word_1_133' title='bbox 614 825 811 861; x_wconf 82' lang='lat' dir='ltr'>ostendimus</span> <span class='ocrx_word' id='word_1_134' title='bbox 823 854 833 869; x_wconf 96' lang='lat'>,</span> <span class='ocrx_word' id='word_1_135' title='bbox 847 839 914 861; x_wconf 91' lang='lat' dir='ltr'>non</span> <span class='ocrx_word' id='word_1_136' title='bbox 925 825 1047 861; x_wconf 85' lang='lat' dir='ltr'>idcirco</span> <span class='ocrx_word' id='word_1_137' title='bbox 1066 825 1132 861; x_wconf 91' lang='lat' dir='ltr'>ulla</span> <span class='ocrx_word' id='word_1_138' title='bbox 1141 837 1254 861; x_wconf 81' lang='lat' dir='ltr'>manet</span> <span class='ocrx_word' id='word_1_139' title='bbox 1268 827 1302 860; x_wconf 88' lang='lat' dir='ltr'>in</span> <span class='ocrx_word' id='word_1_140' title='bbox 1313 827 1425 860; x_wconf 87' lang='lat' dir='ltr'>animo</span> <span class='ocrx_word' id='word_1_141' title='bbox 1439 823 1614 868; x_wconf 82' lang='lat' dir='ltr'>dubitatio,</span> <span class='ocrx_word' id='word_1_142' title='bbox 1626 836 1662 860; x_wconf 89' lang='lat' dir='ltr'>ut</span> <span class='ocrx_word' id='word_1_143' title='bbox 1676 828 1778 873; x_wconf 82' lang='lat' dir='ltr'>aiunt,</span> 
     </span>
     <span class='ocr_line' id='line_1_15' title="bbox 363 870 1777 922; baseline 0.004 -16"><span class='ocrx_word' id='word_1_144' title='bbox 363 870 529 918; x_wconf 85' lang='lat' dir='ltr'>formalis,</span> <span class='ocrx_word' id='word_1_145' title='bbox 544 872 630 922; x_wconf 83' lang='lat' dir='ltr'>quafi</span> <span class='ocrx_word' id='word_1_146' title='bbox 643 875 805 910; x_wconf 85' lang='lat' dir='ltr'>incertum</span> <span class='ocrx_word' id='word_1_147' title='bbox 822 873 858 910; x_wconf 87' lang='lat' dir='ltr'>fit</span> <span class='ocrx_word' id='word_1_148' title='bbox 874 887 917 911; x_wconf 86' lang='lat' dir='ltr'>an</span> <span class='ocrx_word' id='word_1_149' title='bbox 929 877 1038 911; x_wconf 85' lang='lat' dir='ltr'>anima</span> <span class='ocrx_word' id='word_1_150' title='bbox 1051 874 1290 910; x_wconf 85' lang='lat' dir='ltr'>fitimmortalis</span> <span class='ocrx_word' id='word_1_151' title='bbox 1307 890 1316 917; x_wconf 81' lang='lat'>3</span> <span class='ocrx_word' id='word_1_152' title='bbox 1330 873 1382 908; x_wconf 85' lang='lat' dir='ltr'>sed</span> <span class='ocrx_word' id='word_1_153' title='bbox 1395 873 1540 908; x_wconf 85' lang='lat' dir='ltr'>virtualis</span> <span class='ocrx_word' id='word_1_154' title='bbox 1559 874 1599 908; x_wconf 90' lang='lat' dir='ltr'>ad</span> <span class='ocrx_word' id='word_1_155' title='bbox 1614 873 1777 914; x_wconf 86' lang='lat' dir='ltr'>summum</span> 
     </span>
     <span class='ocr_line' id='line_1_16' title="bbox 361 922 1775 973; baseline 0.004 -19"><span class='ocrx_word' id='word_1_156' title='bbox 361 931 512 957; x_wconf 75' lang='lat' dir='ltr'>remanet</span> <span class='ocrx_word' id='word_1_157' title='bbox 526 953 535 968; x_wconf 83' lang='lat'>,</span> <span class='ocrx_word' id='word_1_158' title='bbox 556 924 648 972; x_wconf 87' lang='lat' dir='ltr'>quod</span> <span class='ocrx_word' id='word_1_159' title='bbox 672 926 706 958; x_wconf 78' lang='lat' dir='ltr'>vi</span> <span class='ocrx_word' id='word_1_160' title='bbox 728 923 912 973; x_wconf 80' lang='lat' dir='ltr'>argumenti</span> <span class='ocrx_word' id='word_1_161' title='bbox 935 923 1115 973; x_wconf 80' lang='lat' dir='ltr'>probabilis</span> <span class='ocrx_word' id='word_1_162' title='bbox 1133 922 1361 959; x_wconf 80' lang='lat' dir='ltr'>immortalitas</span> <span class='ocrx_word' id='word_1_163' title='bbox 1384 922 1450 971; x_wconf 87' lang='lat' dir='ltr'>ipsa</span> <span class='ocrx_word' id='word_1_164' title='bbox 1467 936 1538 958; x_wconf 82' lang='lat' dir='ltr'>=non</span> <span class='ocrx_word' id='word_1_165' title='bbox 1562 926 1699 960; x_wconf 85' lang='lat' dir='ltr'>omnino</span> <span class='ocrx_word' id='word_1_166' title='bbox 1717 926 1775 961; x_wconf 83' lang='lat' dir='ltr'>de.</span> 
     </span>
     <span class='ocr_line' id='line_1_17' title="bbox 364 971 1776 1024; baseline 0.006 -20"><span class='ocrx_word' id='word_1_167' title='bbox 364 971 571 1008; x_wconf 87' lang='lat' dir='ltr'>monstretur.</span> <span class='ocrx_word' id='word_1_168' title='bbox 591 975 701 1021; x_wconf 87' lang='lat' dir='ltr'>Atque</span> <span class='ocrx_word' id='word_1_169' title='bbox 716 975 749 1009; x_wconf 90' lang='lat' dir='ltr'>in</span> <span class='ocrx_word' id='word_1_170' title='bbox 768 974 828 1009; x_wconf 88' lang='lat' dir='ltr'>hac</span> <span class='ocrx_word' id='word_1_171' title='bbox 842 986 961 1009; x_wconf 84' lang='lat' dir='ltr'>vocum</span> <span class='ocrx_word' id='word_1_172' title='bbox 980 973 1198 1024; x_wconf 76' lang='lat' dir='ltr'>ambiguitate</span> <span class='ocrx_word' id='word_1_173' title='bbox 1224 974 1329 1008; x_wconf 90' lang='lat' dir='ltr'>omnis</span> <span class='ocrx_word' id='word_1_174' title='bbox 1346 984 1430 1021; x_wconf 84' lang='lat' dir='ltr'>pene</span> <span class='ocrx_word' id='word_1_175' title='bbox 1453 972 1592 1020; x_wconf 83' lang='lat' dir='ltr'>quaestio</span> <span class='ocrx_word' id='word_1_176' title='bbox 1608 973 1776 1021; x_wconf 42' lang='lat' dir='ltr'>&#39;versatum</span> 
     </span>
     <span class='ocr_line' id='line_1_18' title="bbox 362 1020 1385 1070; baseline 0.005 -17"><span class='ocrx_word' id='word_1_177' title='bbox 362 1020 521 1068; x_wconf 88' lang='lat' dir='ltr'>quodque</span> <span class='ocrx_word' id='word_1_178' title='bbox 535 1023 672 1057; x_wconf 84' lang='lat' dir='ltr'>diximus</span> <span class='ocrx_word' id='word_1_179' title='bbox 691 1022 732 1057; x_wconf 86' lang='lat' dir='ltr'>de</span> <span class='ocrx_word' id='word_1_180' title='bbox 753 1025 913 1070; x_wconf 86' lang='lat' dir='ltr'>opinione</span> <span class='ocrx_word' id='word_1_181' title='bbox 928 1052 937 1066; x_wconf 89' lang='lat'>,</span> <span class='ocrx_word' id='word_1_182' title='bbox 961 1022 1025 1057; x_wconf 92' lang='lat' dir='ltr'>hoc</span> <span class='ocrx_word' id='word_1_183' title='bbox 1044 1023 1086 1057; x_wconf 89' lang='lat' dir='ltr'>de</span> <span class='ocrx_word' id='word_1_184' title='bbox 1105 1023 1169 1058; x_wconf 89' lang='lat' dir='ltr'>fide</span> <span class='ocrx_word' id='word_1_185' title='bbox 1188 1023 1251 1057; x_wconf 87' lang='lat' dir='ltr'>dici</span> <span class='ocrx_word' id='word_1_186' title='bbox 1268 1022 1385 1070; x_wconf 85' lang='lat' dir='ltr'>potest.</span> 
     </span>
    </p>

    <p class='ocr_par' dir='ltr' id='par_1_6' title="bbox 363 1069 1775 1169">
     <span class='ocr_line' id='line_1_19' title="bbox 398 1069 1775 1120; baseline 0.005 -18"><span class='ocrx_word' id='word_1_187' title='bbox 398 1069 484 1112; x_wconf 87' lang='lat' dir='ltr'>Sed,</span> <span class='ocrx_word' id='word_1_188' title='bbox 502 1072 654 1115; x_wconf 76' lang='lat' dir='ltr'>inquiunt</span> <span class='ocrx_word' id='word_1_189' title='bbox 669 1098 678 1108; x_wconf 90' lang='lat'>,</span> <span class='ocrx_word' id='word_1_190' title='bbox 698 1073 811 1119; x_wconf 90' lang='lat' dir='ltr'>opinio</span> <span class='ocrx_word' id='word_1_191' title='bbox 832 1071 968 1105; x_wconf 82' lang='lat' dir='ltr'>includit</span> <span class='ocrx_word' id='word_1_192' title='bbox 981 1072 1139 1120; x_wconf 89' lang='lat' dir='ltr'>judicium</span> <span class='ocrx_word' id='word_1_193' title='bbox 1153 1071 1291 1106; x_wconf 81' lang='lat' dir='ltr'>scientiae</span> <span class='ocrx_word' id='word_1_194' title='bbox 1306 1070 1490 1118; x_wconf 84' lang='lat' dir='ltr'>oppofitum</span> <span class='ocrx_word' id='word_1_195' title='bbox 1504 1085 1517 1107; x_wconf 65' lang='lat'>.-</span> <span class='ocrx_word' id='word_1_196' title='bbox 1531 1071 1575 1106; x_wconf 87' lang='lat' dir='ltr'>est</span> <span class='ocrx_word' id='word_1_197' title='bbox 1596 1074 1684 1108; x_wconf 87' lang='lat' dir='ltr'>enim</span> <span class='ocrx_word' id='word_1_198' title='bbox 1699 1087 1775 1113; x_wconf 86' lang='lat' dir='ltr'>cum</span> 
     </span>
     <span class='ocr_line' id='line_1_20' title="bbox 363 1115 1476 1169; baseline 0.005 -19"><span class='ocrx_word' id='word_1_199' title='bbox 363 1115 475 1164; x_wconf 81' lang='lat' dir='ltr'>aliqua</span> <span class='ocrx_word' id='word_1_200' title='bbox 500 1118 708 1153; x_wconf 79' lang='lat' dir='ltr'>dubitatione</span> <span class='ocrx_word' id='word_1_201' title='bbox 725 1121 957 1168; x_wconf 73' lang='lat' dir='ltr'>conjunCtum,</span> <span class='ocrx_word' id='word_1_202' title='bbox 979 1121 1307 1169; x_wconf 84' lang='lat' dir='ltr'>nonitemjudicium</span> <span class='ocrx_word' id='word_1_203' title='bbox 1329 1119 1476 1156; x_wconf 84' lang='lat' dir='ltr'>scientiae.</span> 
     </span>
    </p>

    <p class='ocr_par' dir='ltr' id='par_1_7' title="bbox 360 1167 1773 1316">
     <span class='ocr_line' id='line_1_21' title="bbox 396 1167 1773 1218; baseline 0.004 -15"><span class='ocrx_word' id='word_1_204' title='bbox 396 1167 486 1215; x_wconf 80' lang='lat' dir='ltr'>Resp.</span> <span class='ocrx_word' id='word_1_205' title='bbox 498 1170 704 1216; x_wconf 82' lang='lat' dir='ltr'>Opinionem</span> <span class='ocrx_word' id='word_1_206' title='bbox 724 1182 790 1204; x_wconf 89' lang='lat' dir='ltr'>non</span> <span class='ocrx_word' id='word_1_207' title='bbox 804 1169 962 1217; x_wconf 84' lang='lat' dir='ltr'>impedire</span> <span class='ocrx_word' id='word_1_208' title='bbox 977 1168 1284 1213; x_wconf 79' lang='lat' dir='ltr'>dubitationcm,sed</span> <span class='ocrx_word' id='word_1_209' title='bbox 1301 1181 1373 1203; x_wconf 85' lang='lat' dir='ltr'>eam</span> <span class='ocrx_word' id='word_1_210' title='bbox 1383 1183 1448 1205; x_wconf 90' lang='lat' dir='ltr'>non</span> <span class='ocrx_word' id='word_1_211' title='bbox 1460 1182 1582 1218; x_wconf 83' lang='lat' dir='ltr'>parere.</span> <span class='ocrx_word' id='word_1_212' title='bbox 1627 1184 1669 1207; x_wconf 87' lang='lat' dir='ltr'>uo</span> <span class='ocrx_word' id='word_1_213' title='bbox 1683 1173 1773 1210; x_wconf 72' lang='lat' dir='ltr'>enfin</span> 
     </span>
     <span class='ocr_line' id='line_1_22' title="bbox 360 1214 1773 1271; baseline 0.006 -21"><span class='ocrx_word' id='word_1_214' title='bbox 360 1214 454 1264; x_wconf 84' lang='lat' dir='ltr'>plura</span> <span class='ocrx_word' id='word_1_215' title='bbox 471 1216 540 1252; x_wconf 87' lang='lat' dir='ltr'>sunt</span> <span class='ocrx_word' id='word_1_216' title='bbox 558 1229 748 1267; x_wconf 84' lang='lat' dir='ltr'>argumenta</span> <span class='ocrx_word' id='word_1_217' title='bbox 771 1216 956 1265; x_wconf 77' lang='lat' dir='ltr'>probabilia</span> <span class='ocrx_word' id='word_1_218' title='bbox 968 1247 978 1261; x_wconf 91' lang='lat'>,</span> <span class='ocrx_word' id='word_1_219' title='bbox 1000 1218 1063 1253; x_wconf 90' lang='lat' dir='ltr'>hoc</span> <span class='ocrx_word' id='word_1_220' title='bbox 1080 1220 1120 1254; x_wconf 89' lang='lat' dir='ltr'>de</span> <span class='ocrx_word' id='word_1_221' title='bbox 1131 1232 1164 1254; x_wconf 82' lang='lat' dir='ltr'>te</span> <span class='ocrx_word' id='word_1_222' title='bbox 1178 1219 1244 1267; x_wconf 76' lang='lat' dir='ltr'>ipsa</span> <span class='ocrx_word' id='word_1_223' title='bbox 1258 1221 1366 1254; x_wconf 86' lang='lat' dir='ltr'>minus</span> <span class='ocrx_word' id='word_1_224' title='bbox 1383 1218 1582 1256; x_wconf 70' lang='lat' dir='ltr'>dubitamus.</span> <span class='ocrx_word' id='word_1_225' title='bbox 1618 1224 1773 1271; x_wconf 85' lang='lat' dir='ltr'>Cumque</span> 
     </span>
     <span class='ocr_line' id='line_1_23' title="bbox 360 1266 1368 1316; baseline 0.004 -16"><span class='ocrx_word' id='word_1_226' title='bbox 360 1267 474 1314; x_wconf 83' lang='lat' dir='ltr'>opinio</span> <span class='ocrx_word' id='word_1_227' title='bbox 491 1268 602 1316; x_wconf 59' lang='lat' dir='ltr'>juncta</span> <span class='ocrx_word' id='word_1_228' title='bbox 613 1267 660 1302; x_wconf 89' lang='lat' dir='ltr'>est</span> <span class='ocrx_word' id='word_1_229' title='bbox 680 1280 754 1302; x_wconf 86' lang='lat' dir='ltr'>cum</span> <span class='ocrx_word' id='word_1_230' title='bbox 773 1266 923 1306; x_wconf 78' lang='lat' dir='ltr'>scientia,</span> <span class='ocrx_word' id='word_1_231' title='bbox 944 1279 1014 1302; x_wconf 88' lang='lat' dir='ltr'>tum</span> <span class='ocrx_word' id='word_1_232' title='bbox 1027 1269 1118 1304; x_wconf 80' lang='lat' dir='ltr'>nulla</span> <span class='ocrx_word' id='word_1_233' title='bbox 1135 1269 1176 1303; x_wconf 84' lang='lat' dir='ltr'>est</span> <span class='ocrx_word' id='word_1_234' title='bbox 1195 1267 1368 1304; x_wconf 68' lang='lat' dir='ltr'>dubitatio.</span> 
     </span>
    </p>

    <p class='ocr_par' dir='ltr' id='par_1_8' title="bbox 359 1315 1773 1416">
     <span class='ocr_line' id='line_1_24' title="bbox 398 1315 1773 1370; baseline 0.001 -19"><span class='ocrx_word' id='word_1_235' title='bbox 398 1315 524 1351; x_wconf 86' lang='lat' dir='ltr'>Contra</span> <span class='ocrx_word' id='word_1_236' title='bbox 537 1346 546 1359; x_wconf 88' lang='lat'>,</span> <span class='ocrx_word' id='word_1_237' title='bbox 562 1319 731 1360; x_wconf 72' lang='lat' dir='ltr'>inquiunt,</span> <span class='ocrx_word' id='word_1_238' title='bbox 751 1315 882 1352; x_wconf 80' lang='lat' dir='ltr'>scientia</span> <span class='ocrx_word' id='word_1_239' title='bbox 896 1323 930 1354; x_wconf 87' lang='lat'>&amp;</span> <span class='ocrx_word' id='word_1_240' title='bbox 948 1329 1036 1352; x_wconf 83' lang='lat' dir='ltr'>error</span> <span class='ocrx_word' id='word_1_241' title='bbox 1057 1320 1091 1353; x_wconf 85' lang='lat' dir='ltr'>in</span> <span class='ocrx_word' id='word_1_242' title='bbox 1119 1318 1237 1353; x_wconf 83' lang='lat' dir='ltr'>eodem</span> <span class='ocrx_word' id='word_1_243' title='bbox 1256 1317 1426 1353; x_wconf 59' lang='lat' dir='ltr'>intellectu</span> <span class='ocrx_word' id='word_1_244' title='bbox 1445 1320 1529 1353; x_wconf 90' lang='lat' dir='ltr'>circa</span> <span class='ocrx_word' id='word_1_245' title='bbox 1546 1319 1636 1355; x_wconf 86' lang='lat' dir='ltr'>idern</span> <span class='ocrx_word' id='word_1_246' title='bbox 1659 1319 1773 1370; x_wconf 72' lang='lat' dir='ltr'>objec-</span> 
     </span>
     <span class='ocr_line' id='line_1_25' title="bbox 359 1364 1367 1416; baseline 0.002 -18"><span class='ocrx_word' id='word_1_247' title='bbox 359 1374 427 1399; x_wconf 88' lang='lat' dir='ltr'>tum</span> <span class='ocrx_word' id='word_1_248' title='bbox 441 1364 532 1400; x_wconf 79' lang='lat' dir='ltr'>simul</span> <span class='ocrx_word' id='word_1_249' title='bbox 550 1364 610 1400; x_wconf 77' lang='lat' dir='ltr'>effe</span> <span class='ocrx_word' id='word_1_250' title='bbox 625 1379 693 1401; x_wconf 92' lang='lat' dir='ltr'>non</span> <span class='ocrx_word' id='word_1_251' title='bbox 711 1364 859 1414; x_wconf 82' lang='lat' dir='ltr'>poffunt:</span> <span class='ocrx_word' id='word_1_252' title='bbox 875 1379 952 1415; x_wconf 81' lang='lat' dir='ltr'>ergo</span> <span class='ocrx_word' id='word_1_253' title='bbox 968 1379 1028 1401; x_wconf 83' lang='lat' dir='ltr'>nec</span> <span class='ocrx_word' id='word_1_254' title='bbox 1045 1368 1178 1402; x_wconf 82' lang='lat' dir='ltr'>scientia</span> <span class='ocrx_word' id='word_1_255' title='bbox 1197 1373 1231 1404; x_wconf 86' lang='lat'>&amp;</span> <span class='ocrx_word' id='word_1_256' title='bbox 1245 1369 1367 1416; x_wconf 80' lang='lat' dir='ltr'>opinio.</span> 
     </span>
    </p>

    <p class='ocr_par' dir='ltr' id='par_1_9' title="bbox 395 1414 1772 1466">
     <span class='ocr_line' id='line_1_26' title="bbox 395 1414 1772 1466; baseline -0.001 -15"><span class='ocrx_word' id='word_1_257' title='bbox 395 1415 483 1462; x_wconf 74' lang='lat' dir='ltr'>Resp.</span> <span class='ocrx_word' id='word_1_258' title='bbox 499 1415 667 1464; x_wconf 76' lang='lat' dir='ltr'>quuid</span> <span class='ocrx_word' id='word_1_259' title='bbox 677 1414 712 1449; x_wconf 80' lang='lat' dir='ltr'>sit</span> <span class='ocrx_word' id='word_1_260' title='bbox 722 1418 762 1450; x_wconf 86' lang='lat' dir='ltr'>de</span> <span class='ocrx_word' id='word_1_261' title='bbox 772 1417 999 1460; x_wconf 85' lang='lat' dir='ltr'>antecedente,</span> <span class='ocrx_word' id='word_1_262' title='bbox 1014 1417 1198 1466; x_wconf 79' lang='lat' dir='ltr'>negandam</span> <span class='ocrx_word' id='word_1_263' title='bbox 1209 1415 1270 1452; x_wconf 78' lang='lat' dir='ltr'>effe</span> <span class='ocrx_word' id='word_1_264' title='bbox 1281 1417 1544 1464; x_wconf 85' lang='lat' dir='ltr'>consequentiam</span> <span class='ocrx_word' id='word_1_265' title='bbox 1556 1433 1564 1455; x_wconf 90' lang='lat'><strong>:</strong></span> <span class='ocrx_word' id='word_1_266' title='bbox 1583 1431 1658 1454; x_wconf 88' lang='lat' dir='ltr'>nam</span> <span class='ocrx_word' id='word_1_267' title='bbox 1667 1417 1772 1455; x_wconf 60' lang='lat' dir='ltr'>scien.⁸</span> 
     </span>
    </p>
   </div>
   <div class='ocr_carea' id='block_1_4' title="bbox 356 1462 1839 1514">
    <p class='ocr_par' dir='ltr' id='par_1_10' title="bbox 356 1462 1839 1514">
     <span class='ocr_line' id='line_1_27' title="bbox 356 1462 1839 1514; baseline 0.005 -17"><span class='ocrx_word' id='word_1_268' title='bbox 356 1465 403 1497; x_wconf 82' lang='lat' dir='ltr'>tia</span> <span class='ocrx_word' id='word_1_269' title='bbox 418 1469 450 1500; x_wconf 90' lang='lat'>&amp;</span> <span class='ocrx_word' id='word_1_270' title='bbox 461 1465 574 1510; x_wconf 85' lang='lat' dir='ltr'>opinio</span> <span class='ocrx_word' id='word_1_271' title='bbox 585 1462 657 1498; x_wconf 87' lang='lat' dir='ltr'>sunt</span> <span class='ocrx_word' id='word_1_272' title='bbox 674 1465 740 1499; x_wconf 87' lang='lat' dir='ltr'>duo</span> <span class='ocrx_word' id='word_1_273' title='bbox 756 1467 845 1499; x_wconf 67' lang='lat' dir='ltr'>astus</span> <span class='ocrx_word' id='word_1_274' title='bbox 863 1468 944 1508; x_wconf 87' lang='lat' dir='ltr'>veri,</span> <span class='ocrx_word' id='word_1_275' title='bbox 961 1468 1084 1512; x_wconf 86' lang='lat' dir='ltr'>quique</span> <span class='ocrx_word' id='word_1_276' title='bbox 1094 1466 1177 1500; x_wconf 85' lang='lat' dir='ltr'>adeo</span> <span class='ocrx_word' id='word_1_277' title='bbox 1195 1479 1262 1502; x_wconf 88' lang='lat' dir='ltr'>non</span> <span class='ocrx_word' id='word_1_278' title='bbox 1272 1468 1357 1501; x_wconf 81' lang='lat' dir='ltr'>inter</span> <span class='ocrx_word' id='word_1_279' title='bbox 1369 1466 1399 1501; x_wconf 87' lang='lat' dir='ltr'>se</span> <span class='ocrx_word' id='word_1_280' title='bbox 1415 1479 1625 1514; x_wconf 86' lang='lat' dir='ltr'>opponuntur</span> <span class='ocrx_word' id='word_1_281' title='bbox 1642 1482 1650 1504; x_wconf 73' lang='grc' dir='ltr'><strong>ε</strong></span> <span class='ocrx_word' id='word_1_282' title='bbox 1670 1467 1772 1504; x_wconf 73' lang='lat' dir='ltr'>scien·</span> <span class='ocrx_word' id='word_1_283' title='bbox 1814 1511 1815 1514; x_wconf 11' lang='grc' dir='ltr'><strong>Ἴ</strong></span> <span class='ocrx_word' id='word_1_284' title='bbox 1838 1466 1839 1477; x_wconf 66' lang='grc'>’</span> 
     </span>
    </p>
   </div>
   <div class='ocr_carea' id='block_1_5' title="bbox 344 1509 1807 2456">
    <p class='ocr_par' dir='ltr' id='par_1_11' title="bbox 354 1509 1767 1608">
     <span class='ocr_line' id='line_1_28' title="bbox 356 1509 1767 1567; baseline 0.005 -21"><span class='ocrx_word' id='word_1_285' title='bbox 356 1513 401 1546; x_wconf 84' lang='lat' dir='ltr'>tia</span> <span class='ocrx_word' id='word_1_286' title='bbox 417 1509 499 1547; x_wconf 75' lang='lat' dir='ltr'>vero</span> <span class='ocrx_word' id='word_1_287' title='bbox 513 1513 558 1547; x_wconf 87' lang='lat' dir='ltr'>est</span> <span class='ocrx_word' id='word_1_288' title='bbox 572 1515 662 1548; x_wconf 62' lang='lat' dir='ltr'>actus</span> <span class='ocrx_word' id='word_1_289' title='bbox 678 1526 791 1557; x_wconf 86' lang='lat' dir='ltr'>verus,</span> <span class='ocrx_word' id='word_1_290' title='bbox 812 1526 901 1549; x_wconf 81' lang='lat' dir='ltr'>error</span> <span class='ocrx_word' id='word_1_291' title='bbox 913 1515 1003 1549; x_wconf 66' lang='lat' dir='ltr'>astus</span> <span class='ocrx_word' id='word_1_292' title='bbox 1020 1513 1136 1558; x_wconf 77' lang='lat' dir='ltr'>falsus,</span> <span class='ocrx_word' id='word_1_293' title='bbox 1154 1517 1210 1562; x_wconf 87' lang='lat' dir='ltr'>qui</span> <span class='ocrx_word' id='word_1_294' title='bbox 1229 1517 1313 1550; x_wconf 84' lang='lat' dir='ltr'>inter</span> <span class='ocrx_word' id='word_1_295' title='bbox 1330 1514 1360 1550; x_wconf 79' lang='lat' dir='ltr'>se</span> <span class='ocrx_word' id='word_1_296' title='bbox 1375 1519 1530 1565; x_wconf 82' lang='lat' dir='ltr'>conjungi</span> <span class='ocrx_word' id='word_1_297' title='bbox 1547 1529 1615 1552; x_wconf 92' lang='lat' dir='ltr'>non</span> <span class='ocrx_word' id='word_1_298' title='bbox 1627 1514 1767 1567; x_wconf 68' lang='lat' dir='ltr'>potsunt,</span> 
     </span>
     <span class='ocr_line' id='line_1_29' title="bbox 354 1559 1419 1608; baseline 0.004 -11"><span class='ocrx_word' id='word_1_299' title='bbox 354 1559 409 1597; x_wconf 83' lang='lat' dir='ltr'>nifi</span> <span class='ocrx_word' id='word_1_300' title='bbox 421 1561 506 1597; x_wconf 55' lang='lat' dir='ltr'>fort&amp;²</span> <span class='ocrx_word' id='word_1_301' title='bbox 518 1563 583 1596; x_wconf 90' lang='lat' dir='ltr'>duo</span> <span class='ocrx_word' id='word_1_302' title='bbox 601 1561 660 1598; x_wconf 87' lang='lat' dir='ltr'>fint</span> <span class='ocrx_word' id='word_1_303' title='bbox 670 1565 793 1599; x_wconf 86' lang='lat' dir='ltr'>motiva</span> <span class='ocrx_word' id='word_1_304' title='bbox 806 1590 815 1607; x_wconf 84' lang='lat'>,</span> <span class='ocrx_word' id='word_1_305' title='bbox 837 1576 938 1599; x_wconf 87' lang='lat' dir='ltr'>unum</span> <span class='ocrx_word' id='word_1_306' title='bbox 961 1575 1087 1599; x_wconf 81' lang='lat' dir='ltr'>certum</span> <span class='ocrx_word' id='word_1_307' title='bbox 1102 1594 1111 1608; x_wconf 92' lang='lat'>,</span> <span class='ocrx_word' id='word_1_308' title='bbox 1143 1563 1257 1600; x_wconf 88' lang='lat' dir='ltr'>falsum</span> <span class='ocrx_word' id='word_1_309' title='bbox 1271 1564 1419 1602; x_wconf 81' lang='lat' dir='ltr'>alterum.</span> 
     </span>
    </p>

    <p class='ocr_par' dir='ltr' id='par_1_12' title="bbox 353 1611 1769 1810">
     <span class='ocr_line' id='line_1_30' title="bbox 391 1611 1769 1662; baseline 0.002 -14"><span class='ocrx_word' id='word_1_310' title='bbox 391 1611 477 1660; x_wconf 81' lang='lat' dir='ltr'><strong><em>Opp.</em></strong></span> <span class='ocrx_word' id='word_1_311' title='bbox 494 1619 536 1648; x_wconf 69' lang='lat'>2⁰-</span> <span class='ocrx_word' id='word_1_312' title='bbox 559 1613 656 1647; x_wconf 60' lang='lat' dir='ltr'>Adtus</span> <span class='ocrx_word' id='word_1_313' title='bbox 674 1612 813 1648; x_wconf 80' lang='lat' dir='ltr'>scientiae</span> <span class='ocrx_word' id='word_1_314' title='bbox 830 1618 863 1650; x_wconf 90' lang='lat'>&amp;</span> <span class='ocrx_word' id='word_1_315' title='bbox 875 1612 953 1648; x_wconf 86' lang='lat' dir='ltr'>fidei</span> <span class='ocrx_word' id='word_1_316' title='bbox 971 1626 1182 1662; x_wconf 84' lang='lat' dir='ltr'>opponuntur</span> <span class='ocrx_word' id='word_1_317' title='bbox 1199 1642 1209 1658; x_wconf 90' lang='lat'>,</span> <span class='ocrx_word' id='word_1_318' title='bbox 1233 1627 1306 1649; x_wconf 87' lang='lat' dir='ltr'>cum</span> <span class='ocrx_word' id='word_1_319' title='bbox 1322 1614 1378 1649; x_wconf 91' lang='lat' dir='ltr'>ille</span> <span class='ocrx_word' id='word_1_320' title='bbox 1392 1614 1427 1650; x_wconf 85' lang='lat' dir='ltr'>fit</span> <span class='ocrx_word' id='word_1_321' title='bbox 1443 1615 1580 1651; x_wconf 75' lang='lat' dir='ltr'>evidens</span> <span class='ocrx_word' id='word_1_322' title='bbox 1590 1645 1602 1661; x_wconf 83' lang='lat'>,</span> <span class='ocrx_word' id='word_1_323' title='bbox 1637 1615 1689 1652; x_wconf 80' lang='lat' dir='ltr'>hic</span> <span class='ocrx_word' id='word_1_324' title='bbox 1708 1614 1769 1651; x_wconf 78' lang='lat' dir='ltr'>ob·</span> 
     </span>
     <span class='ocr_line' id='line_1_31' title="bbox 353 1659 1766 1714; baseline 0.004 -20"><span class='ocrx_word' id='word_1_325' title='bbox 353 1659 479 1697; x_wconf 84' lang='lat' dir='ltr'>scurus:</span> <span class='ocrx_word' id='word_1_326' title='bbox 503 1660 579 1696; x_wconf 88' lang='lat' dir='ltr'>hinc</span> <span class='ocrx_word' id='word_1_327' title='bbox 593 1660 672 1698; x_wconf 83' lang='lat' dir='ltr'>fides</span> <span class='ocrx_word' id='word_1_328' title='bbox 688 1661 845 1698; x_wconf 71' lang='lat' dir='ltr'>definitur</span> <span class='ocrx_word' id='word_1_329' title='bbox 866 1662 907 1697; x_wconf 87' lang='lat' dir='ltr'>ab</span> <span class='ocrx_word' id='word_1_330' title='bbox 933 1662 1092 1711; x_wconf 85' lang='lat' dir='ltr'>Apostolo</span> <span class='ocrx_word' id='word_1_331' title='bbox 1113 1675 1338 1711; x_wconf 73' lang='lat' dir='ltr'>argumentum</span> <span class='ocrx_word' id='word_1_332' title='bbox 1365 1677 1426 1698; x_wconf 83' lang='lat' dir='ltr'>non</span> <span class='ocrx_word' id='word_1_333' title='bbox 1443 1668 1669 1714; x_wconf 81' lang='lat' dir='ltr'>apparentium</span> <span class='ocrx_word' id='word_1_334' title='bbox 1685 1683 1694 1709; x_wconf 80' lang='lat'><em>3</em></span> <span class='ocrx_word' id='word_1_335' title='bbox 1711 1664 1766 1700; x_wconf 80' lang='lat' dir='ltr'>sed</span> 
     </span>
     <span class='ocr_line' id='line_1_32' title="bbox 353 1710 1765 1761; baseline 0.003 -18"><span class='ocrx_word' id='word_1_336' title='bbox 353 1710 443 1756; x_wconf 88' lang='lat' dir='ltr'>quod</span> <span class='ocrx_word' id='word_1_337' title='bbox 454 1711 657 1746; x_wconf 84' lang='lat' dir='ltr'>evidentiam</span> <span class='ocrx_word' id='word_1_338' title='bbox 671 1710 772 1746; x_wconf 72' lang='lat' dir='ltr'>habet</span> <span class='ocrx_word' id='word_1_339' title='bbox 788 1741 797 1755; x_wconf 85' lang='lat'>‚</span> <span class='ocrx_word' id='word_1_340' title='bbox 829 1724 903 1747; x_wconf 87' lang='lat' dir='ltr'>cum</span> <span class='ocrx_word' id='word_1_341' title='bbox 916 1711 1053 1747; x_wconf 87' lang='lat' dir='ltr'>obscuro</span> <span class='ocrx_word' id='word_1_342' title='bbox 1067 1711 1128 1748; x_wconf 78' lang='lat' dir='ltr'>effe</span> <span class='ocrx_word' id='word_1_343' title='bbox 1138 1726 1207 1748; x_wconf 91' lang='lat' dir='ltr'>non</span> <span class='ocrx_word' id='word_1_344' title='bbox 1224 1713 1332 1761; x_wconf 82' lang='lat' dir='ltr'>potest</span> <span class='ocrx_word' id='word_1_345' title='bbox 1345 1742 1356 1759; x_wconf 86' lang='lat'>,</span> <span class='ocrx_word' id='word_1_346' title='bbox 1379 1715 1427 1749; x_wconf 87' lang='lat' dir='ltr'>uti</span> <span class='ocrx_word' id='word_1_347' title='bbox 1439 1726 1502 1749; x_wconf 87' lang='lat' dir='ltr'>nec</span> <span class='ocrx_word' id='word_1_348' title='bbox 1516 1713 1568 1749; x_wconf 81' lang='lat' dir='ltr'>lux</span> <span class='ocrx_word' id='word_1_349' title='bbox 1585 1727 1658 1750; x_wconf 89' lang='lat' dir='ltr'>cum</span> <span class='ocrx_word' id='word_1_350' title='bbox 1670 1725 1765 1750; x_wconf 78' lang='lat' dir='ltr'>tene-</span> 
     </span>
     <span class='ocr_line' id='line_1_33' title="bbox 353 1757 1239 1810; baseline 0.009 -19"><span class='ocrx_word' id='word_1_351' title='bbox 353 1757 417 1792; x_wconf 86' lang='lat' dir='ltr'>bris</span> <span class='ocrx_word' id='word_1_352' title='bbox 435 1773 442 1795; x_wconf 93' lang='lat'>:</span> <span class='ocrx_word' id='word_1_353' title='bbox 459 1772 538 1809; x_wconf 73' lang='lat' dir='ltr'>ergo</span> <span class='ocrx_word' id='word_1_354' title='bbox 554 1760 684 1796; x_wconf 83' lang='lat' dir='ltr'>scientia</span> <span class='ocrx_word' id='word_1_355' title='bbox 697 1766 729 1797; x_wconf 87' lang='lat'>&amp;</span> <span class='ocrx_word' id='word_1_356' title='bbox 743 1760 822 1797; x_wconf 86' lang='lat' dir='ltr'>fides</span> <span class='ocrx_word' id='word_1_357' title='bbox 834 1760 922 1797; x_wconf 82' lang='lat' dir='ltr'>simul</span> <span class='ocrx_word' id='word_1_358' title='bbox 938 1760 999 1797; x_wconf 80' lang='lat' dir='ltr'>effe</span> <span class='ocrx_word' id='word_1_359' title='bbox 1014 1775 1080 1797; x_wconf 91' lang='lat' dir='ltr'>non</span> <span class='ocrx_word' id='word_1_360' title='bbox 1101 1760 1239 1810; x_wconf 77' lang='lat' dir='ltr'>poffunt.</span> 
     </span>
    </p>

    <p class='ocr_par' dir='ltr' id='par_1_13' title="bbox 346 1809 1767 2053">
     <span class='ocr_line' id='line_1_34' title="bbox 388 1809 1767 1860; baseline 0.005 -18"><span class='ocrx_word' id='word_1_361' title='bbox 388 1809 477 1856; x_wconf 71' lang='lat' dir='ltr'><em>Refp.</em></span> <span class='ocrx_word' id='word_1_362' title='bbox 491 1812 577 1859; x_wconf 82' lang='lat' dir='ltr'>Neg.</span> <span class='ocrx_word' id='word_1_363' title='bbox 595 1814 672 1851; x_wconf 81' lang='lat' dir='ltr'>maj.</span> <span class='ocrx_word' id='word_1_364' title='bbox 695 1812 774 1847; x_wconf 91' lang='lat' dir='ltr'>Non</span> <span class='ocrx_word' id='word_1_365' title='bbox 796 1813 885 1846; x_wconf 87' lang='lat' dir='ltr'>enim</span> <span class='ocrx_word' id='word_1_366' title='bbox 907 1811 973 1846; x_wconf 79' lang='lat' dir='ltr'>ulla</span> <span class='ocrx_word' id='word_1_367' title='bbox 985 1811 1028 1845; x_wconf 86' lang='lat' dir='ltr'>est</span> <span class='ocrx_word' id='word_1_368' title='bbox 1042 1810 1304 1860; x_wconf 71' lang='lat' dir='ltr'>oppofitiointer</span> <span class='ocrx_word' id='word_1_369' title='bbox 1326 1813 1434 1849; x_wconf 46' lang='lat' dir='ltr'>adium</span> <span class='ocrx_word' id='word_1_370' title='bbox 1462 1812 1539 1848; x_wconf 90' lang='lat' dir='ltr'>fidei</span> <span class='ocrx_word' id='word_1_371' title='bbox 1566 1819 1600 1851; x_wconf 68' lang='grc' dir='ltr'>δε</span> <span class='ocrx_word' id='word_1_372' title='bbox 1615 1812 1767 1849; x_wconf 62' lang='lat' dir='ltr'>scie-miz:</span> 
     </span>
     <span class='ocr_line' id='line_1_35' title="bbox 355 1858 1764 1910; baseline 0.004 -18"><span class='ocrx_word' id='word_1_373' title='bbox 355 1858 457 1906; x_wconf 82' lang='lat' dir='ltr'>Qod</span> <span class='ocrx_word' id='word_1_374' title='bbox 473 1871 584 1894; x_wconf 78' lang='lat' dir='ltr'>autem</span> <span class='ocrx_word' id='word_1_375' title='bbox 605 1859 684 1895; x_wconf 88' lang='lat' dir='ltr'>fides</span> <span class='ocrx_word' id='word_1_376' title='bbox 698 1859 734 1895; x_wconf 79' lang='lat' dir='ltr'>fit</span> <span class='ocrx_word' id='word_1_377' title='bbox 752 1860 886 1895; x_wconf 83' lang='lat' dir='ltr'>obscura</span> <span class='ocrx_word' id='word_1_378' title='bbox 899 1890 908 1904; x_wconf 86' lang='lat'>,</span> <span class='ocrx_word' id='word_1_379' title='bbox 930 1862 962 1895; x_wconf 80' lang='lat' dir='ltr'>id</span> <span class='ocrx_word' id='word_1_380' title='bbox 981 1861 1098 1896; x_wconf 88' lang='lat' dir='ltr'>eodem</span> <span class='ocrx_word' id='word_1_381' title='bbox 1113 1861 1214 1896; x_wconf 90' lang='lat' dir='ltr'>modo</span> <span class='ocrx_word' id='word_1_382' title='bbox 1230 1861 1276 1895; x_wconf 89' lang='lat' dir='ltr'>est</span> <span class='ocrx_word' id='word_1_383' title='bbox 1292 1862 1540 1910; x_wconf 82' lang='lat' dir='ltr'>intelligendum</span> <span class='ocrx_word' id='word_1_384' title='bbox 1553 1891 1563 1905; x_wconf 93' lang='lat'>,</span> <span class='ocrx_word' id='word_1_385' title='bbox 1596 1874 1664 1909; x_wconf 89' lang='lat' dir='ltr'>quo</span> <span class='ocrx_word' id='word_1_386' title='bbox 1683 1863 1764 1897; x_wconf 80' lang='lat' dir='ltr'>dixi-</span> 
     </span>
     <span class='ocr_line' id='line_1_36' title="bbox 349 1909 1761 1956; baseline 0.004 -16"><span class='ocrx_word' id='word_1_387' title='bbox 349 1920 419 1941; x_wconf 77' lang='lat' dir='ltr'>mus</span> <span class='ocrx_word' id='word_1_388' title='bbox 430 1910 622 1956; x_wconf 80' lang='lat' dir='ltr'>opinionem</span> <span class='ocrx_word' id='word_1_389' title='bbox 637 1909 752 1944; x_wconf 71' lang='lat' dir='ltr'>affine</span> <span class='ocrx_word' id='word_1_390' title='bbox 762 1909 1005 1944; x_wconf 79' lang='lat' dir='ltr'>dubitationem</span> <span class='ocrx_word' id='word_1_391' title='bbox 1017 1938 1026 1951; x_wconf 83' lang='lat'>‚</span> <span class='ocrx_word' id='word_1_392' title='bbox 1050 1911 1177 1943; x_wconf 76' lang='lat' dir='ltr'>ratione</span> <span class='ocrx_word' id='word_1_393' title='bbox 1189 1911 1304 1942; x_wconf 84' lang='lat' dir='ltr'>motivi</span> <span class='ocrx_word' id='word_1_394' title='bbox 1319 1937 1327 1951; x_wconf 86' lang='lat'><em>‚</em></span> <span class='ocrx_word' id='word_1_395' title='bbox 1349 1921 1404 1944; x_wconf 82' lang='lat' dir='ltr'>aut</span> <span class='ocrx_word' id='word_1_396' title='bbox 1416 1910 1515 1945; x_wconf 76' lang='lat' dir='ltr'>medii</span> <span class='ocrx_word' id='word_1_397' title='bbox 1529 1938 1538 1952; x_wconf 87' lang='lat'><em>‚</em></span> <span class='ocrx_word' id='word_1_398' title='bbox 1555 1922 1622 1956; x_wconf 89' lang='lat' dir='ltr'>quo</span> <span class='ocrx_word' id='word_1_399' title='bbox 1637 1913 1761 1956; x_wconf 87' lang='lat' dir='ltr'>nititur,</span> 
     </span>
     <span class='ocr_line' id='line_1_37' title="bbox 348 1955 1761 2009; baseline 0.005 -19"><span class='ocrx_word' id='word_1_400' title='bbox 348 1969 414 1991; x_wconf 85' lang='lat' dir='ltr'>non</span> <span class='ocrx_word' id='word_1_401' title='bbox 434 1960 560 1993; x_wconf 80' lang='lat' dir='ltr'>ratione</span> <span class='ocrx_word' id='word_1_402' title='bbox 578 1957 701 2006; x_wconf 61' lang='lat' dir='ltr'>objecti</span> <span class='ocrx_word' id='word_1_403' title='bbox 724 1972 732 1994; x_wconf 72' lang='grc' dir='ltr'><strong><em>ε</em></strong></span> <span class='ocrx_word' id='word_1_404' title='bbox 762 1971 872 2005; x_wconf 87' lang='lat' dir='ltr'>neque</span> <span class='ocrx_word' id='word_1_405' title='bbox 888 1957 942 1992; x_wconf 85' lang='lat' dir='ltr'>illa</span> <span class='ocrx_word' id='word_1_406' title='bbox 962 1957 1137 1992; x_wconf 86' lang='lat' dir='ltr'>obscuritas</span> <span class='ocrx_word' id='word_1_407' title='bbox 1150 1957 1196 1992; x_wconf 88' lang='lat' dir='ltr'>est</span> <span class='ocrx_word' id='word_1_408' title='bbox 1211 1955 1366 2007; x_wconf 81' lang='lat' dir='ltr'>positiva,</span> <span class='ocrx_word' id='word_1_409' title='bbox 1392 1957 1444 1993; x_wconf 92' lang='lat' dir='ltr'>sed</span> <span class='ocrx_word' id='word_1_410' title='bbox 1459 1961 1618 2008; x_wconf 82' lang='lat' dir='ltr'>negativa</span> <span class='ocrx_word' id='word_1_411' title='bbox 1631 1989 1642 2004; x_wconf 90' lang='lat'>,</span> <span class='ocrx_word' id='word_1_412' title='bbox 1671 1959 1761 2009; x_wconf 76' lang='lat' dir='ltr'>quod</span> 
     </span>
     <span class='ocr_line' id='line_1_38' title="bbox 346 2006 973 2053; baseline 0.006 -13"><span class='ocrx_word' id='word_1_413' title='bbox 346 2018 404 2053; x_wconf 83' lang='lat' dir='ltr'>per</span> <span class='ocrx_word' id='word_1_414' title='bbox 425 2006 455 2041; x_wconf 91' lang='lat' dir='ltr'>se</span> <span class='ocrx_word' id='word_1_415' title='bbox 473 2006 705 2045; x_wconf 85' lang='lat' dir='ltr'>obscuritatem</span> <span class='ocrx_word' id='word_1_416' title='bbox 721 2021 789 2043; x_wconf 87' lang='lat' dir='ltr'>non</span> <span class='ocrx_word' id='word_1_417' title='bbox 813 2006 973 2044; x_wconf 87' lang='lat' dir='ltr'>discutiat.</span> 
     </span>
    </p>

    <p class='ocr_par' dir='ltr' id='par_1_14' title="bbox 345 2055 1807 2356">
     <span class='ocr_line' id='line_1_39' title="bbox 387 2055 1761 2109; baseline 0.005 -20"><span class='ocrx_word' id='word_1_418' title='bbox 387 2057 522 2095; x_wconf 66' lang='lat' dir='ltr'>Inffant.</span> <span class='ocrx_word' id='word_1_419' title='bbox 537 2059 698 2107; x_wconf 75' lang='lat' dir='ltr'>Principia</span> <span class='ocrx_word' id='word_1_420' title='bbox 715 2058 852 2093; x_wconf 84' lang='lat' dir='ltr'>scientiae</span> <span class='ocrx_word' id='word_1_421' title='bbox 869 2055 1010 2105; x_wconf 81' lang='lat' dir='ltr'>suntper</span> <span class='ocrx_word' id='word_1_422' title='bbox 1026 2056 1056 2092; x_wconf 87' lang='lat' dir='ltr'>se</span> <span class='ocrx_word' id='word_1_423' title='bbox 1066 2068 1144 2093; x_wconf 90' lang='lat' dir='ltr'>nota</span> <span class='ocrx_word' id='word_1_424' title='bbox 1157 2086 1166 2102; x_wconf 88' lang='lat'>,</span> <span class='ocrx_word' id='word_1_425' title='bbox 1179 2068 1277 2104; x_wconf 82' lang='lat' dir='ltr'>atque</span> <span class='ocrx_word' id='word_1_426' title='bbox 1292 2084 1302 2100; x_wconf 91' lang='lat'>,</span> <span class='ocrx_word' id='word_1_427' title='bbox 1325 2068 1361 2092; x_wconf 88' lang='lat' dir='ltr'>ut</span> <span class='ocrx_word' id='word_1_428' title='bbox 1379 2057 1524 2105; x_wconf 85' lang='lat' dir='ltr'>loquitur</span> <span class='ocrx_word' id='word_1_429' title='bbox 1541 2061 1571 2093; x_wconf 84' lang='lat' dir='ltr'>S.</span> <span class='ocrx_word' id='word_1_430' title='bbox 1590 2059 1737 2096; x_wconf 78' lang='lat' dir='ltr'>Thomas</span> <span class='ocrx_word' id='word_1_431' title='bbox 1746 2075 1761 2109; x_wconf 71' lang='lat'>‚-</span> 
     </span>
     <span class='ocr_line' id='line_1_40' title="bbox 347 2105 1759 2157; baseline 0.002 -19"><span class='ocrx_word' id='word_1_432' title='bbox 347 2105 500 2141; x_wconf 87' lang='lat' dir='ltr'>videntur</span> <span class='ocrx_word' id='word_1_433' title='bbox 521 2108 768 2154; x_wconf 85' lang='lat' dir='ltr'>quodammodo</span> <span class='ocrx_word' id='word_1_434' title='bbox 788 2121 797 2144; x_wconf 70' lang='grc' dir='ltr'><strong><em>ε</em></strong></span> <span class='ocrx_word' id='word_1_435' title='bbox 813 2105 1063 2155; x_wconf 70' lang='grc' dir='ltr'>Ρῐίηεὶρὶειῇἀεί</span> <span class='ocrx_word' id='word_1_436' title='bbox 1077 2107 1147 2142; x_wconf 87' lang='lat' dir='ltr'>sunt</span> <span class='ocrx_word' id='word_1_437' title='bbox 1162 2107 1282 2142; x_wconf 88' lang='lat' dir='ltr'>credita</span> <span class='ocrx_word' id='word_1_438' title='bbox 1294 2136 1304 2151; x_wconf 88' lang='lat'>,</span> <span class='ocrx_word' id='word_1_439' title='bbox 1327 2121 1393 2143; x_wconf 87' lang='lat' dir='ltr'>non</span> <span class='ocrx_word' id='word_1_440' title='bbox 1406 2107 1471 2143; x_wconf 58' lang='lat' dir='ltr'>vista</span> <span class='ocrx_word' id='word_1_441' title='bbox 1484 2123 1494 2145; x_wconf 80' lang='lat' dir='ltr'>t</span> <span class='ocrx_word' id='word_1_442' title='bbox 1508 2112 1597 2157; x_wconf 78' lang='lat' dir='ltr'>atqui</span> <span class='ocrx_word' id='word_1_443' title='bbox 1608 2108 1759 2157; x_wconf 80' lang='lat' dir='ltr'>impoffi-</span> 
     </span>
     <span class='ocr_line' id='line_1_41' title="bbox 345 2152 1807 2206; baseline 0.004 -19"><span class='ocrx_word' id='word_1_444' title='bbox 345 2152 412 2189; x_wconf 85' lang='lat' dir='ltr'>bile</span> <span class='ocrx_word' id='word_1_445' title='bbox 424 2156 469 2189; x_wconf 87' lang='lat' dir='ltr'>est</span> <span class='ocrx_word' id='word_1_446' title='bbox 483 2168 519 2191; x_wconf 86' lang='lat' dir='ltr'>ut</span> <span class='ocrx_word' id='word_1_447' title='bbox 533 2158 647 2194; x_wconf 81' lang='lat' dir='ltr'>eadem</span> <span class='ocrx_word' id='word_1_448' title='bbox 666 2170 716 2193; x_wconf 85' lang='lat' dir='ltr'>res</span> <span class='ocrx_word' id='word_1_449' title='bbox 736 2156 773 2191; x_wconf 79' lang='lat' dir='ltr'>fit</span> <span class='ocrx_word' id='word_1_450' title='bbox 789 2156 854 2192; x_wconf 86' lang='lat' dir='ltr'>visa</span> <span class='ocrx_word' id='word_1_451' title='bbox 865 2185 874 2200; x_wconf 87' lang='lat'>,</span> <span class='ocrx_word' id='word_1_452' title='bbox 898 2162 932 2193; x_wconf 90' lang='lat'>&amp;</span> <span class='ocrx_word' id='word_1_453' title='bbox 948 2157 1074 2192; x_wconf 85' lang='lat' dir='ltr'>credita</span> <span class='ocrx_word' id='word_1_454' title='bbox 1093 2171 1107 2193; x_wconf 93' lang='lat'>·:</span> <span class='ocrx_word' id='word_1_455' title='bbox 1131 2169 1208 2206; x_wconf 82' lang='lat' dir='ltr'>ergo</span> <span class='ocrx_word' id='word_1_456' title='bbox 1224 2155 1421 2205; x_wconf 82' lang='lat' dir='ltr'>impoffibile</span> <span class='ocrx_word' id='word_1_457' title='bbox 1431 2158 1473 2192; x_wconf 86' lang='lat' dir='ltr'>est</span> <span class='ocrx_word' id='word_1_458' title='bbox 1486 2170 1520 2193; x_wconf 90' lang='lat' dir='ltr'>ut</span> <span class='ocrx_word' id='word_1_459' title='bbox 1535 2160 1575 2193; x_wconf 87' lang='lat' dir='ltr'>de</span> <span class='ocrx_word' id='word_1_460' title='bbox 1590 2171 1624 2192; x_wconf 88' lang='lat' dir='ltr'>re</span> <span class='ocrx_word' id='word_1_461' title='bbox 1638 2158 1755 2194; x_wconf 88' lang='lat' dir='ltr'>eadem</span> <span class='ocrx_word' id='word_1_462' title='bbox 1803 2166 1807 2170; x_wconf 87' lang='lat'>&#39;</span> 
     </span>
     <span class='ocr_line' id='line_1_42' title="bbox 345 2201 1753 2256; baseline 0.006 -21"><span class='ocrx_word' id='word_1_463' title='bbox 345 2201 512 2240; x_wconf 76' lang='lat' dir='ltr'>scientiam</span> <span class='ocrx_word' id='word_1_464' title='bbox 529 2206 705 2243; x_wconf 74' lang='lat' dir='ltr'>habeamus</span> <span class='ocrx_word' id='word_1_465' title='bbox 730 2213 763 2245; x_wconf 69' lang='grc' dir='ltr'>δε</span> <span class='ocrx_word' id='word_1_466' title='bbox 776 2206 876 2242; x_wconf 85' lang='lat' dir='ltr'>fidem</span> <span class='ocrx_word' id='word_1_467' title='bbox 901 2220 908 2241; x_wconf 93' lang='lat'>:</span> <span class='ocrx_word' id='word_1_468' title='bbox 930 2218 1003 2254; x_wconf 82' lang='lat' dir='ltr'>quae</span> <span class='ocrx_word' id='word_1_469' title='bbox 1023 2207 1158 2254; x_wconf 83' lang='lat' dir='ltr'>quidem</span> <span class='ocrx_word' id='word_1_470' title='bbox 1178 2207 1225 2241; x_wconf 87' lang='lat' dir='ltr'>est</span> <span class='ocrx_word' id='word_1_471' title='bbox 1244 2211 1482 2256; x_wconf 81' lang='lat' dir='ltr'>argumentatio</span> <span class='ocrx_word' id='word_1_472' title='bbox 1503 2210 1536 2243; x_wconf 86' lang='lat' dir='ltr'>S.</span> <span class='ocrx_word' id='word_1_473' title='bbox 1548 2207 1613 2244; x_wconf 90' lang='lat' dir='ltr'>Th.</span> <span class='ocrx_word' id='word_1_474' title='bbox 1629 2221 1656 2242; x_wconf 85' lang='lat'>2-</span> <span class='ocrx_word' id='word_1_475' title='bbox 1670 2221 1698 2244; x_wconf 90' lang='lat'>2.</span> <span class='ocrx_word' id='word_1_476' title='bbox 1715 2219 1753 2256; x_wconf 77' lang='lat' dir='ltr'>q.</span> 
     </span>
     <span class='ocr_line' id='line_1_43' title="bbox 347 2255 1754 2306; baseline 0.001 -17"><span class='ocrx_word' id='word_1_477' title='bbox 347 2262 368 2283; x_wconf 88' lang='lat'>1-</span> <span class='ocrx_word' id='word_1_478' title='bbox 390 2265 432 2289; x_wconf 76' lang='lat' dir='ltr'>ar.</span> <span class='ocrx_word' id='word_1_479' title='bbox 453 2270 485 2301; x_wconf 87' lang='lat'>4.</span> <span class='ocrx_word' id='word_1_480' title='bbox 506 2268 574 2302; x_wconf 82' lang='lat' dir='ltr'>quae</span> <span class='ocrx_word' id='word_1_481' title='bbox 589 2270 627 2293; x_wconf 90' lang='lat' dir='ltr'>ex</span> <span class='ocrx_word' id='word_1_482' title='bbox 638 2270 678 2293; x_wconf 87' lang='lat' dir='ltr'>eo</span> <span class='ocrx_word' id='word_1_483' title='bbox 693 2259 725 2293; x_wconf 83' lang='lat' dir='ltr'>S.</span> <span class='ocrx_word' id='word_1_484' title='bbox 742 2260 836 2306; x_wconf 83' lang='lat' dir='ltr'>Greg.</span> <span class='ocrx_word' id='word_1_485' title='bbox 858 2255 932 2291; x_wconf 90' lang='lat' dir='ltr'>loco</span> <span class='ocrx_word' id='word_1_486' title='bbox 946 2255 1132 2292; x_wconf 81' lang='lat' dir='ltr'>confirmati</span> <span class='ocrx_word' id='word_1_487' title='bbox 1150 2256 1257 2306; x_wconf 86' lang='lat' dir='ltr'>potest</span> <span class='ocrx_word' id='word_1_488' title='bbox 1268 2285 1279 2300; x_wconf 92' lang='lat'>,</span> <span class='ocrx_word' id='word_1_489' title='bbox 1293 2255 1377 2301; x_wconf 82' lang='lat' dir='ltr'>fides</span> <span class='ocrx_word' id='word_1_490' title='bbox 1394 2270 1455 2291; x_wconf 82' lang='lat' dir='ltr'>non</span> <span class='ocrx_word' id='word_1_491' title='bbox 1474 2255 1569 2291; x_wconf 82' lang='lat' dir='ltr'>habet</span> <span class='ocrx_word' id='word_1_492' title='bbox 1581 2259 1729 2291; x_wconf 79' lang='lat' dir='ltr'>meritum</span> <span class='ocrx_word' id='word_1_493' title='bbox 1742 2283 1754 2300; x_wconf 88' lang='lat'>,</span> 
     </span>
     <span class='ocr_line' id='line_1_44' title="bbox 346 2299 1064 2356; baseline 0.015 -23"><span class='ocrx_word' id='word_1_494' title='bbox 346 2299 400 2333; x_wconf 76' lang='lat' dir='ltr'>ubi</span> <span class='ocrx_word' id='word_1_495' title='bbox 416 2302 554 2339; x_wconf 46' lang='lat' dir='ltr'>huma-sm</span> <span class='ocrx_word' id='word_1_496' title='bbox 571 2306 781 2356; x_wconf 70' lang='lat' dir='ltr'>ratiopraebet</span> <span class='ocrx_word' id='word_1_497' title='bbox 796 2309 1064 2355; x_wconf 68' lang='lat' dir='ltr'>experimentum.</span> 
     </span>
    </p>

    <p class='ocr_par' dir='ltr' id='par_1_15' title="bbox 344 2352 1751 2456">
     <span class='ocr_line' id='line_1_45' title="bbox 385 2352 1751 2404; baseline 0.001 -16"><span class='ocrx_word' id='word_1_498' title='bbox 385 2352 471 2395; x_wconf 52' lang='lat' dir='ltr'>Ress&#39;v</span> <span class='ocrx_word' id='word_1_499' title='bbox 493 2356 635 2391; x_wconf 62' lang='lat' dir='ltr'>Eandem</span> <span class='ocrx_word' id='word_1_500' title='bbox 655 2356 843 2392; x_wconf 87' lang='lat' dir='ltr'>adhibendo</span> <span class='ocrx_word' id='word_1_501' title='bbox 856 2355 1100 2392; x_wconf 65' lang='lat' dir='ltr'>distinctionem</span> <span class='ocrx_word' id='word_1_502' title='bbox 1119 2386 1128 2399; x_wconf 86' lang='lat'>,</span> <span class='ocrx_word' id='word_1_503' title='bbox 1154 2369 1222 2392; x_wconf 85' lang='lat' dir='ltr'>non</span> <span class='ocrx_word' id='word_1_504' title='bbox 1234 2354 1339 2404; x_wconf 78' lang='lat' dir='ltr'>potest</span> <span class='ocrx_word' id='word_1_505' title='bbox 1357 2354 1445 2390; x_wconf 85' lang='lat' dir='ltr'>idem</span> <span class='ocrx_word' id='word_1_506' title='bbox 1456 2354 1517 2389; x_wconf 80' lang='lat' dir='ltr'>effe</span> <span class='ocrx_word' id='word_1_507' title='bbox 1535 2355 1637 2390; x_wconf 86' lang='lat' dir='ltr'>visum</span> <span class='ocrx_word' id='word_1_508' title='bbox 1659 2353 1751 2390; x_wconf 76' lang='lat' dir='ltr'>fimul</span> 
     </span>
     <span class='ocr_line' id='line_1_46' title="bbox 344 2402 1751 2456; baseline 0.004 -23"><span class='ocrx_word' id='word_1_509' title='bbox 344 2402 561 2448; x_wconf 59' lang='lat' dir='ltr'>&amp;creditum</span> <span class='ocrx_word' id='word_1_510' title='bbox 582 2418 641 2455; x_wconf 86' lang='lat' dir='ltr'>per</span> <span class='ocrx_word' id='word_1_511' title='bbox 658 2406 746 2442; x_wconf 88' lang='lat' dir='ltr'>idem</span> <span class='ocrx_word' id='word_1_512' title='bbox 766 2407 928 2444; x_wconf 82' lang='lat' dir='ltr'>motivum</span> <span class='ocrx_word' id='word_1_513' title='bbox 940 2435 951 2451; x_wconf 93' lang='lat'>,</span> <span class='ocrx_word' id='word_1_514' title='bbox 971 2407 1012 2442; x_wconf 89' lang='lat' dir='ltr'>C.</span> <span class='ocrx_word' id='word_1_515' title='bbox 1026 2418 1083 2455; x_wconf 83' lang='lat' dir='ltr'>per</span> <span class='ocrx_word' id='word_1_516' title='bbox 1094 2404 1216 2443; x_wconf 79' lang='lat' dir='ltr'>diversa</span> <span class='ocrx_word' id='word_1_517' title='bbox 1226 2407 1352 2442; x_wconf 67' lang='lat' dir='ltr'>motiva</span> <span class='ocrx_word' id='word_1_518' title='bbox 1364 2434 1373 2449; x_wconf 89' lang='lat'>,</span> <span class='ocrx_word' id='word_1_519' title='bbox 1398 2407 1444 2442; x_wconf 88' lang='lat' dir='ltr'>N.</span> <span class='ocrx_word' id='word_1_520' title='bbox 1467 2405 1567 2456; x_wconf 77' lang='lat' dir='ltr'>Qd</span> <span class='ocrx_word' id='word_1_521' title='bbox 1583 2416 1693 2440; x_wconf 85' lang='lat' dir='ltr'>autem</span> <span class='ocrx_word' id='word_1_522' title='bbox 1710 2413 1751 2438; x_wconf 76' lang='lat' dir='ltr'>ex</span> 
     </span>
    </p>
   </div>
   <div class='ocr_carea' id='block_1_6' title="bbox 1832 446 1857 2336">
    <p class='ocr_par' dir='ltr' id='par_1_16' title="bbox 1832 446 1857 2336">
     <span class='ocr_line' id='line_1_47' title="bbox 1832 446 1857 2336; baseline 0 0"><span class='ocrx_word' id='word_1_523' title='bbox 1832 446 1857 2336; x_wconf 95' lang='lat' dir='ltr'> </span> 
     </span>
    </p>
   </div>
  </div>
 </body>
</html>
