1857 2745
338 142 401 189 432
674 166 678 169 .
789 132 1283 170 METAPHYsmAE.

863 229 1011 267 Secunda
1033 229 1217 277 Conclufia„

376 283 482 331 Qies
496 278 576 316 nihil
586 279 629 314 est
637 277 693 315 nifi
710 280 822 317 motfis
832 282 987 332 privatio.

369 329 469 366 Proh.
485 329 579 365 concl.
595 330 671 363 Hoc
681 327 748 378 ipso
759 343 875 380 corpus
896 328 1060 377 quiescere
1080 327 1309 377 intelligimus,
1335 324 1424 374 quod
1447 338 1540 364 motu
1559 329 1701 376 privetur
1718 355 1737 373 ,e

342 383 422 416 citra
436 379 540 414 ullum
552 389 706 413 conatum
727 406 737 421 ‚
764 392 821 414 aut
839 380 992 423 modurn,
1009 390 1063 414 aut
1081 378 1228 414 accidens
1247 375 1486 425 superadditum
1507 391 1522 413 ε.
1543 389 1620 425 ergo
1637 378 1738 424 quies·

345 429 426 466 nihil
440 429 484 463 est
497 425 554 463 nifi
567 429 708 475 privatio
718 457 728 470 ‚
750 441 807 463 aut
827 429 955 463 cessatio
968 429 1090 466 motus,

383 476 578 525 Respondent
594 477 713 511 eodem
723 481 795 523 jure
814 477 876 512 dici
894 475 1001 525 porse,
1020 477 1082 513 hoc
1102 475 1168 525 ipso
1189 486 1302 529 corpus
1319 476 1446 508 movet-1*
1459 501 1470 516 ,
1488 473 1575 520 quod
1593 473 1738 523 ampliu&
1777 490 1779 492 ·
1808 451 1809 473 ³
1835 500 1837 508 Α

345 540 413 564 non
432 523 574 574 quiescat
590 538 598 561 :
618 525 701 561 adeo
714 539 751 562 ut
770 538 837 562 tam
853 538 960 562 motus
988 526 1141 562 videatur
1160 522 1220 560 effe
1238 525 1357 571 quietis
1375 524 1516 572 privatio
1533 550 1543 566 ‚
1566 523 1668 570 quarn
1683 526 1739 560 vi-

347 573 459 613 cissim.
1483 594 1486 596 Α

383 627 525 658 Contra:
541 622 593 661 Ut
608 635 658 658 res
669 636 839 660 moveatur
853 653 863 668 ,
880 625 916 658 vi
925 623 1070 671 quadam
1084 624 1221 659 monice
1235 633 1314 670 opus
1329 621 1373 656 est
1383 650 1394 665 ,
1411 632 1609 669 quaecunque
1621 620 1677 656 ilra
1688 621 1747 658 fite¹

348 674 401 710 seu
421 685 457 707 ut
474 673 603 708 videtur
615 673 760 709 Cartefio
773 702 783 717 ,
803 673 838 709 fit
847 672 996 708 voluntas
1013 674 1125 708 divina
1140 701 1150 716 ,
1175 684 1213 707 ex
1227 682 1290 718 qua
1308 683 1368 705 una
1379 699 1388 714 ‚
1405 669 1427 705 fi
1441 670 1742 714 eicredimusmio,

349 734 399 757 tus
416 723 520 756 omnis
539 720 669 770 profluit
687 738 696 765 ·,
715 722 768 757 seu
782 726 827 758 tei
839 720 894 771 ipfi
905 720 941 757 fit
961 723 1077 758 intima
1097 736 1104 757 :
1128 721 1174 756 est
1187 732 1297 756 tamen
1311 720 1389 767 quid
1399 719 1484 754 reale
1496 724 1530 754 &
1549 717 1743 766 positivum.-

349 772 414 806 Sed
432 781 467 805 ut
479 782 594 818 corpus
612 770 755 817 quiescat
768 801 778 815 ,
797 771 869 807 fatis
884 772 927 806 est
941 783 978 807 ut
993 770 1143 812 voluntas
1157 772 1220 806 Dei
1232 780 1321 816 ,equa
1334 780 1382 802 res
1398 765 1594 804 movebatur
1605 797 1616 812 ‚
1629 766 1740 812 cesset,
1760 772 1764 773 ⁷
1809 790 1812 795 ·
1834 803 1837 809 ,
1855 801 1857 807 ⁴

350 832 412 857 nec
423 816 598 854 neceffaria
611 819 654 853 est
667 820 815 855 voluntas
835 822 898 857 Dei
908 819 1042 867 positiva
1060 833 1068 855 :
1091 831 1169 868 ergo
1179 829 1284 854 motus
1298 819 1365 852 vim
1375 817 1550 864 quamdam
1563 819 1746 852 motricem⁴

351 869 408 905 suo
422 867 590 903 intellectu
608 869 770 913 involvit,
788 881 853 917 qua
870 868 993 904 sublata
1005 897 1014 912 ,
1037 880 1105 903 rcm
1124 866 1286 915 quiescere
1309 864 1432 901 necesse
1457 865 1515 901 esti
1542 866 1629 901 Cum
1648 868 1737 901 enirn

352 919 503 965 concipio
516 929 586 951 rem
600 921 746 962 moveri,
756 918 928 967 ‘duplicem
942 921 1010 953 vim
1019 929 1074 952 aut
1087 918 1266 965 potentiam
1280 913 1367 950 finiul
1378 913 1524 962 intelligo
1540 929 1555 951 ε·
1564 926 1662 949 unani
1672 927 1739 962 qua

352 978 402 1001 res
441 977 563 1000 creatur
583 977 639 1000 aut
663 967 868 1002 conservatur
878 994 893 1010 ,
914 966 1048 1001 alteram
1075 977 1141 1012 qua
1168 975 1330 1000 movetur.
1371 964 1435 998 Sed
1461 965 1505 997 rei
1533 961 1738 1010 quiescentis

353 1015 425 1049 idea
438 1027 535 1049 unam
552 1014 706 1050 duntaxat
723 1017 906 1064 potentiam
919 1043 929 1059 ‚
941 1027 1006 1062 qua
1021 1026 1071 1048 res
1081 1012 1147 1062 ipsa
1156 1012 1360 1048 conservatur
1370 1042 1379 1056 ,
1399 1011 1453 1047 suo
1470 1012 1637 1047 intelleeku
1647 1024 1741 1046 com-

354 1063 505 1112 plectitur
517 1079 525 1106 3
538 1075 598 1098 uec
608 1063 780 1099 neceffatia
792 1064 838 1099 est
850 1066 898 1099 vis
915 1063 1015 1098 altera
1027 1075 1090 1109 qua
1109 1074 1158 1097 res
1180 1061 1245 1110 ipsa
1256 1062 1404 1109 quiescats
1434 1061 1512 1095 Hoc
1533 1062 1621 1096 enim
1646 1063 1744 1097 omni

355 1114 484 1158 corpori
497 1113 674 1155 convenit,
691 1113 751 1147 nisi>
760 1115 806 1147 vis
816 1114 935 1147 mottix
947 1111 1076 1146 aliunde
1098 1113 1129 1144 ei
1141 1109 1320 1147 accerserit..

403 1159 617 1203 ConfirmUt
628 1171 676 1193 res
689 1173 727 1195 ex
742 1161 848 1196 nihilo
869 1171 1054 1208 procreetur
1068 1189 1077 1202 ‚
1102 1159 1252 1194 voluntas
1269 1161 1333 1195 Dei
1353 1159 1396 1193 est
1417 1157 1585 1194 necessaria
1606 1173 1614 1194 ε
1635 1158 1686 1194 sed
1703 1170 1742 1195 ut

356 1221 407 1243 res
420 1206 484 1255 ipsa
493 1210 525 1241 in
534 1208 672 1243 nihilum
682 1210 794 1244 redeat
806 1238 815 1253 ‚
829 1209 900 1244 satis
916 1209 962 1243 est
979 1207 1001 1243 fi
1020 1210 1110 1243 Deus
1129 1210 1174 1242 rei
1191 1207 1468 1242 conservationem
1486 1208 1570 1244 velle
1583 1210 1742 1255 quodam-

358 1257 459 1292 modo
472 1255 601 1292 desinat.
620 1259 673 1291 Sic
685 1270 734 1292 res
745 1259 870 1293 moveri
882 1271 949 1293 non
963 1257 1069 1305 potest
1082 1259 1160 1291 citra
1177 1256 1451 1292 Dci÷volunmtem
1462 1286 1472 1300 ,
1488 1269 1557 1304 quae
1575 1269 1610 1292 ut
1621 1258 1742 1294 Carte-

358 1305 401 1341 fio
415 1305 520 1353 placet
532 1333 540 1347 ,
565 1306 606 1340 est
622 1308 669 1340 vis
683 1306 747 1354 ipsa
765 1319 830 1354 qua
846 1319 895 1341 res
907 1317 1059 1341 movetur
1078 1319 1092 1341 τ
1106 1304 1180 1340 cum
1201 1317 1313 1341 natura
1335 1307 1418 1339 iners
1434 1310 1467 1341 &
1487 1305 1588 1340 otiosa
1609 1304 1741 1354 seipsam

359 1366 492 1390 movere
506 1358 578 1389 non
591 1354 687 1403 poffit
701 1370 707 1390 :
719 1354 768 1388 scd
789 1367 825 1390 ut
838 1353 1061 1402 quiescat‚satis
1076 1355 1118 1389 est
1131 1352 1217 1399 quod
1232 1357 1321 1389 Deus
1335 1365 1460 1389 motum
1470 1353 1558 1389 illum
1573 1354 1742 1390 conserva„

358 1416 393 1437 re
407 1401 501 1437 cesset
515 1417 521 1435 :
535 1402 595 1437 hoc
607 1406 692 1437 euim
706 1403 772 1451 ipso
783 1416 853 1437 eam
864 1403 1028 1449 quiescere
1042 1402 1164 1437 necess'e
1183 1403 1237 1435 est.
1256 1403 1323 1436 Res
1339 1404 1460 1450 quippe
1480 1405 1512 1436 iu
1530 1415 1622 1441 motu
1639 1402 1739 1452 pesita

359 1451 523 1500 duplicem
564 1455 725 1486 ocentiam
742 1452 945 1487 essentialiter
955 1450 1100 1499 respicit,
1121 1453 1311 1486 creatricem
1329 1455 1363 1487 &
1381 1452 1565 1487 morricem.
1589 1452 1672 1499 Qae
1686 1465 1742 1488 au-

362 1513 430 1536 tem
451 1502 526 1547 quie
541 1503 604 1544 cit,
627 1503 812 1536 creatricem
833 1501 1006 1544 duntaxat,
1031 1499 1083 1536 seu
1103 1498 1371 1535 conservatricem
1397 1498 1450 1534 suo
1464 1499 1636 1536 intellectu
1649 1513 1740 1538 com-

362 1549 548 1598 prehendit.

395 1599 480 1646 Opp.
500 1600 579 1633 Non
602 1600 720 1633 minori
740 1601 773 1632 vi
793 1610 873 1646 opus
895 1599 940 1633 est
955 1610 996 1634 ut·
1016 1610 1064 1632 res
1080 1598 1239 1645 quiescat,
1266 1603 1299 1635 δέ
1317 1600 1348 1632 in
1366 1597 1420 1632 suo
1437 1599 1516 1634 statu
1535 1609 1742 1645 permaneat,

362 1646 459 1694 quum
476 1657 510 1680 ut
520 1659 700 1682 moveatur.
712 1649 794 1682 Haec
802 1648 845 1682 est
858 1649 946 1683 enirn
957 1649 1137 1682 communis
1154 1659 1273 1682 natur-e
1286 1647 1334 1682 lex
1349 1675 1359 1689 ‚
1382 1645 1433 1681 seu
1449 1647 1600 1682 voluntas
1613 1649 1694 1691 Dei,
1706 1660 1743 1684 ut

363 1708 412 1729 res
428 1707 566 1742 qumque
577 1697 609 1729 in
621 1707 662 1730 eo
674 1724 683 1738 ,
703 1698 736 1731 in
746 1709 811 1743 quo
823 1697 865 1731 est
880 1696 958 1732 statu
979 1725 989 1740 ‚
1010 1708 1198 1745 permanere
1216 1695 1361 1744 postulet.
1381 1698 1469 1731 Hinc
1485 1697 1618 1731 durities
1629 1699 1743 1741 oritur,

363 1757 401 1779 ex
422 1746 581 1792 pertinaci
598 1747 750 1781 nimirum
777 1748 917 1794 partium
939 1748 1050 1793 quiete
1064 1773 1075 1788 ‚
1099 1757 1171 1792 quae
1199 1758 1266 1780 nou
1291 1747 1395 1780 minus
1413 1745 1460 1780 est
1486 1743 1620 1794 positiva
1643 1746 1742 1793 quum

363 1805 480 1829 motuS.
765 1803 768 1805 '

397 1842 533 1889 Resp.1d
545 1841 670 1877 anobis
686 1846 814 1892 negari,
833 1842 947 1878 eadem
963 1844 996 1877 vi
1006 1853 1059 1878 aut
1072 1845 1219 1891 potentia
1228 1856 1308 1891 opus
1319 1842 1380 1879 effe
1391 1872 1400 1886 ‚
1423 1855 1461 1878 ut
1473 1855 1523 1878 res
1545 1843 1621 1879 ante
1637 1843 1742 1890 quies-

363 1903 438 1927 cens
447 1893 479 1926 in
491 1890 546 1928 suo
558 1892 636 1926 statu
647 1904 833 1941 permaneat
845 1921 855 1936 ‚
878 1894 1130 1941 quaerequiritut
1139 1904 1231 1928 utres
1243 1904 1332 1927 mota
1350 1895 1382 1927 in
1393 1891 1448 1927 suo
1457 1893 1537 1927 statu
1549 1890 1742 1939 perseveret.

364 1942 453 1976 Nam
465 1939 522 1974 ubi
542 1945 689 1989 potentia
707 1944 824 1977 n=orrix
844 1940 1009 1977 cessaverit
1024 1970 1033 1985 ‚
1062 1943 1142 1976 citra
1164 1940 1264 1976 ullam
1286 1943 1354 1977 vim
1371 1939 1607 1989 superadditam
1629 1952 1747 1989 corpus*

365 1988 507 2037 quiescet
518 2019 526 2032 ,
537 2003 597 2026 uec
605 1994 707 2038 quieti
717 1991 780 2027 ulla
792 1993 839 2025 vis
854 1993 1026 2040 conjunffli
1039 1991 1092 2026 est.

410 2039 471 2072 Sed
486 2067 496 2081 ‚
518 2041 666 2084 inquiunt
678 2068 686 2078 ,
714 2052 819 2075 motus
838 2052 905 2074 tam
920 2039 963 2073 est
980 2040 1120 2087 privatio
1142 2041 1261 2086 quietis
1273 2067 1283 2080 ,
1304 2037 1402 2087 quiirn
1412 2040 1499 2083 quies
1518 2039 1658 2085 privatio
1668 2051 1741 2073 mo.

366 2085 428 2120 rus.
439 2089 527 2122 Nam
541 2098 577 2122 ut
592 2100 643 2121 res
657 2101 728 2135 quae
739 2090 814 2124 ante
823 2085 1026 2135 quiescebat,
1043 2099 1233 2131 moveatur,
1247 2086 1318 2122 satis
1329 2087 1372 2121 est
1382 2085 1470 2134 quod
1486 2089 1573 2123 Deus
1582 2086 1668 2122 velle
1681 2087 1739 2121 de-

364 2134 443 2170 sinat
467 2147 540 2170 eam
560 2136 733 2174 quiescere.

404 2185 490 2223 Resp.
504 2184 606 2231 Qod
617 2184 641 2220 fi
649 2186 712 2221 haec
723 2183 949 2221 velutceffatio
961 2185 1264 2222 divinae-voluntatis
1279 2183 1404 2228 sufficit,
1415 2183 1499 2220 nulla
1510 2187 1572 2219 erit
1590 2188 1656 2233 ejus
1667 2192 1743 2220 ino-⁷

366 2232 416 2267 tus
429 2233 656 2270 determinatio
669 2265 678 2279 ‚
687 2247 742 2270 aut
759 2247 847 2270 certa
857 2235 1156 2272 velocitaszinfinitae
1171 2235 1242 2270 sunt
1255 2246 1401 2269 motuum
1415 2231 1605 2270 differentiae
1615 2245 1744 2280 quaeeie

366 2281 418 2314 illa
433 2280 602 2318 cesshtione
615 2284 685 2319 duci
696 2298 761 2320 non
770 2282 905 2332 poffimt.
929 2285 993 2319 Sed
1006 2288 1125 2321 nonita
1135 2283 1165 2319 se
1174 2281 1276 2319 habet
1292 2284 1324 2317 in
1333 2285 1457 2330 quiete:
1477 2294 1550 2318 curn
1562 2284 1650 2317 enim
1660 2281 1743 2316 nihil

367 2328 403 2382 sit
414 2329 609 2378 aliud,qu:*un
619 2336 771 2381 privatio,
782 2334 900 2368 eodem
911 2334 1011 2371 modo
1022 2332 1188 2384 quiescunt
1199 2333 1322 2377 omnia,
1330 2344 1389 2369 nec
1398 2334 1514 2382 quietis
1525 2343 1561 2368 Ut
1569 2342 1675 2375 mvtus
1685 2341 1743 2373 va,

367 2379 406 2410 xii
420 2376 892 2428 suntgradus‚autdifferentiae.
943 2411 947 2414 -
