1857 2745
0 0 23 52 ς’,

20 174 22 184 ι

19 192 22 199 n

591 123 900 163 MORALIS.
1383 143 1431 177 39¹

53 185 214 229 peccatum
213 174 319 221 facit,
339 186 401 210 non
414 174 542 212 caveri,
564 171 681 208 &ideo
691 176 792 222 magis
806 171 1023 222 angeriqm'zm
1034 175 1142 211 minui,
1162 177 1240 222 quia
1259 177 1346 211 malae
1360 190 1433 212 con·
1454 178 1488 202 De
1503 179 1566 208 ⁵1³0·-

1 239 12 263 2
44 228 242 276 -cnpifientiae
252 227 347 258 etiam
355 224 575 273 praevaricatio
586 223 666 271 legis
679 223 810 259 accedit.
821 222 922 260 Unde
937 234 977 259 ex
995 222 1154 273 Apostolo
1167 225 1222 259 lex
1229 227 1311 260 iram
1320 236 1422 276 opera·
1449 247 1476 270 s.

18 307 19 320 ἦ
45 285 125 313 την,
149 285 190 309 ex
200 271 365 309 occafione
384 271 559 315 videlicet,
586 285 651 307 non
666 284 723 320 per
739 271 782 307 se.

87 325 217 362 Veteris
234 323 312 371 legis
324 332 484 371 praecepta
492 323 611 369 partim
626 321 667 355 ad
676 322 753 356 ritus
764 326 799 358 &
808 323 1015 357 caeremonias
1026 351 1037 366 ,
1052 324 1171 370 partim
1185 322 1224 356 ad
1238 334 1345 357 mores
1355 336 1431 372 per.

19 403 21 410 s
45 373 169 408 =tinent.
195 371 254 406 Illa
269 374 301 406 in
319 370 450 406 deled'tu
462 369 632 413 ciborum,
648 368 876 406 sacrificiorum
892 373 1051 406 varietate
1069 399 1082 414 ‚
1111 373 1144 405 in
1162 372 1372 407 Sacerdotum
1394 379 1430 410 δι

18 419 19 423 ’
43 420 187 468 'Templi
197 422 396 455 ornamentis
409 449 420 463 ,
442 424 476 456 ὅ(
491 418 558 454 aliis
583 419 788 468 quaeJudaeos
798 419 841 454 ab
853 419 1035 455 idololatria
1047 418 1274 464 deterrebant,
1285 425 1319 457 &
1338 423 1430 457 unius

51 471 123 506 Dei
134 469 235 505 cultui
251 468 466 510 addicebant,
490 481 630 516 quaeque
651 467 759 516 figurssae
785 480 878 505 erant
891 480 1004 503 eorum
1015 480 1088 516 quae
1108 470 1140 503 in
1161 467 1234 516 lege
1253 482 1340 504 nova
1357 481 1432 518 per-

38 519 122 554 aaa
146 516 216 554 sunt
229 547 240 562 ,
265 520 406 554 omnino
420 516 520 566 polita
536 519 700 553 videntur.
722 521 819 554 Erant
842 520 930 554 enim
942 516 1034 552 velut
1051 516 1250 566 propheticae
1276 520 1432 567 imagines

49 566 278 615 mysteriorum
288 579 359 615 quae
371 567 390 603 ἐι
402 567 594 604 Christianis
606 566 825 604 celebrantur.
845 569 935 605 Nam
953 568 987 602 in
1004 569 1109 602 veteri
1124 565 1303 611 testamento
1314 580 1430 602 novum

50 616 150 659 latet,
172 620 205 651 in
220 629 299 651 novo
309 627 400 650 vetus
413 627 513 665 patet.

80 667 246 713 Praecepta
263 667 380 700 veteris
395 664 476 714 legis
486 677 560 713 quae
579 666 620 700 ad
638 667 716 701 titus
741 671 776 704 δι
802 666 1007 701 caeremonias
1037 661 1245 713 attingebant
1262 692 1272 707 ,
1294 677 1433 714 quaeque

46 711 135 760 figna
146 725 238 749 erant
252 714 480 749 tantummodo
491 726 598 750 rerum
615 727 687 762 quae
701 718 737 750 in
757 728 848 751 novo
872 715 1065 750 testamento
1087 723 1262 762 geruntur,
1286 717 1433 750 veritatis

47 759 142 810 ipsius
154 761 276 798 access'u
293 791 304 806 ‚
319 764 456 798 omnino
469 762 636 800 defierunt.
653 766 749 799 Erant
765 767 903 807 enim‚ut
924 766 969 798 ait
982 764 1095 812 Apost.
1111 759 1223 798 umbrae
1233 760 1431 805 futurorum.

49 810 112 847 Sed
121 823 277 860 praecepta
287 810 423 846 moralia
438 824 506 859 quae
518 812 664 848 moribus
687 812 898 849 informandis
910 841 919 857 ‚
937 818 971 850 &
985 812 1051 862 legi
1067 810 1203 848 naturali
1225 810 1433 848 instaurandae

49 859 124 894 data
135 859 206 895 sunt
216 889 227 904 ,
248 873 285 895 ea
298 871 432 896 manent
454 862 579 909 integra
593 868 627 900 &
641 861 835 898 inconcussa.
851 864 947 911 Legis
965 865 1086 896 veteris
1095 869 1248 909 praecepta
1263 887 1271 898 ‚
1292 863 1338 896 ait
1347 863 1428 911 Aug.

40 919 162 944 *contra
170 910 310 944 Faustum
323 909 344 945 l.
357 923 403 945 10.
417 912 490 943 vitae
508 912 633 957 agenda
640 912 820 956 servantur
833 911 873 946 ό·
882 924 964 945 nunc
976 909 996 944 ὰ
1014 909 1371 958 Christianis‚praecepta
1378 923 1434 944 ve-

49 956 84 992 ἢ
100 960 173 991 vitae
181 956 414 1005 fignificandae,
437 956 476 992 ὠ
494 959 544 991 illi
552 969 628 993 tunc
637 960 768 1007 tempori
787 959 998 1006 intelligenda
1015 967 1202 1007 congruunt.
1228 957 1349 992 Eadem
1369 960 1432 1007 igi-

43 1014 100 1039 ·tur
109 1006 230 1088 iJudatis
244 1011 277 1042 &
290 1005 476 1041 Christianis
489 1018 618 1042 morum
628 1018 788 1055 praecepta
804 1005 1019 1051 sunt,eaedem
1034 1006 1122 1055 leges
1135 1004 1364 1054 descriptae,sed
1382 1008 1430 1042 di-

44 1064 106 1089 ver
120 1065 139 1087 a
154 1065 292 1090 ratione.

84 1103 154 1137 Lex
175 1114 267 1137 vetus
289 1104 428 1137 exterior
448 1101 532 1144 fuit,
553 1106 587 1138 &
610 1099 728 1136 tabulis
744 1101 877 1151 lapideis
900 1101 994 1138 incisa
1011 1118 1019 1138 ;
1045 1102 1096 1137 lex
1117 1115 1204 1139 nova
1224 1106 1325 1145 intus,
1349 1104 1429 1139 &in

40 1150 196 1186 cordibus
209 1150 366 1186 Fidelium
378 1150 535 1199 insculpta
549 1149 620 1185 fuit.
650 1149 703 1184 Ibi
719 1151 754 1185 in
770 1150 888 1185 tabulis
908 1151 1043 1200 lapideis
1058 1152 1180 1200 digitus
1199 1153 1269 1186 Dei
1279 1162 1430 1200 operatus

49 1198 106 1244 est,
123 1198 176 1234 hic
189 1201 222 1234 in
235 1198 378 1235 cordibus
389 1199 549 1235 humanis.
577 1197 627 1233 lbi
645 1199 700 1234 lex
712 1199 901 1244 extrinsecias
909 1200 1014 1249 pofita
1031 1199 1071 1244 est
1087 1228 1094 1238 ,
1113 1213 1180 1246 qua
1201 1199 1309 1245 injusti
1327 1209 1427 1233 terre-

50 1257 161 1282 rentur
178 1263 187 1284 ‚·
205 1247 257 1283 hic
272 1246 452 1295 intrirfi’ct‘as
468 1248 548 1282 data
559 1246 599 1292 est
613 1275 622 1286 ‚
643 1260 708 1293 qua
724 1247 977 1293 justificarentur.
1000 1249 1099 1285 Unde
1116 1248 1165 1284 lex
1179 1260 1272 1284 vetus
1283 1247 1324 1283 ab
1336 1250 1428 1297 Apo-

42 1295 131 1335 ⁵stolo
151 1297 221 1330 Lex
232 1296 550 1346 operum‚identidem
567 1296 770 1344 appellatur:
787 1299 902 1331 Litera
918 1297 1061 1333 occidens
1077 1310 1160 1344 ,quae
1171 1297 1255 1332 nihil
1270 1298 1316 1332 ad
1324 1297 1428 1346 perfe-

47 1345 133 1384 ,flum
148 1344 335 1380 adduceret.
356 1347 429 1380 Lex
439 1345 518 1379 data
531 1344 571 1389 est
584 1371 594 1383 ‚
612 1355 649 1379 ut
653 1348 768 1394 gratia
780 1357 972 1392 quareretur
986 1361 993 1381 ς
1017 1349 1129 1395 gratia
1143 1346 1224 1381 data
1239 1346 1279 1392 est
1294 1375 1304 1389 ‚
1323 1357 1359 1379 ut
1372 1347 1427 1381 lex

48 1393 247 1442 Implentur.
262 1396 306 1429 Et
321 1394 439 1428 eodem
454 1395 486 1427 in
504 1393 597 1428 loco:
614 1394 708 1439 Qod
720 1403 847 1440 operum
869 1395 923 1427 lex
940 1395 1090 1429 minando
1107 1398 1261 1443 imperat,
1278 1394 1336 1429 hoc
1347 1393 1430 1439 fidei

49 1441 104 1475 lex·
117 1441 268 1475 credendo
284 1443 435 1486 impetrat
447 1457 456 1475 ;
473 1445 511 1483 Et
520 1440 597 1476 alibi
612 1469 623 1483 ‚
642 1442 798 1475 Homines
812 1443 982 1476 temeraria
988 1444 1051 1488 fisa
1063 1445 1297 1490 praefhmptione
1308 1443 1428 1477 cecide-

44 1500 144 1524 runt:
157 1490 246 1524 Pam
255 1488 369 1537 reifisb
386 1490 453 1538 lege
470 1491 724 1539 imploraverunt
746 1487 944 1524 Liberatoris
960 1491 1138 1526 auxilium.
1171 1490 1361 1539 eAEgritudo
1371 1493 1427 1536 st*-

42 1536 214 1590 perborum
226 1537 317 1582 fissia
325 1537 365 1582 est
374 1537 509 1583 conft’ffio
530 1538 706 1572 humilium.
722 1534 799 1585 Jam
813 1536 1005 1582 confitemur
1019 1540 1125 1585 aegroti
1140 1567 1151 1582 ,
1173 1541 1252 1585 quia
1263 1549 1427 1587 aegrotant:

50 1588 168 1621 Veniat
183 1587 321 1621 medicus
339 1585 376 1621 c?
387 1588 481 1631 sanet
493 1598 628 1637 egrotos.
656 1585 781 1622 Verum
799 1586 854 1621 ista
871 1598 945 1621 cum
957 1586 998 1621 ad
1017 1585 1206 1636 Theologos
1225 1589 1407 1636 pertineant
1419 1616 1431 1632 ‚

49 1633 168 1670 leviter
180 1633 315 1684 attigilse
337 1633 461 1671 sufficit.

86 1684 124 1718 ld
142 1697 241 1719 unum
252 1695 443 1719 annotamus
456 1713 465 1728 ,
478 1684 566 1731 quod
576 1684 727 1720 naturalis
737 1685 816 1734 legis
828 1696 986 1733 praecepta
997 1686 1087 1720 Deus
1104 1684 1187 1719 datis
1201 1684 1328 1734 legibus
1336 1697 1432 1733 aper-

45 1734 133 1768 ’tiora
147 1736 183 1767 iis
197 1733 308 1767 fecerit
323 1762 332 1775 ,
349 1733 466 1779 quibus
481 1733 675 1768 imbecillior
685 1735 731 1769 est
749 1738 796 1769 vis
811 1736 910 1769 animi
926 1734 966 1767 ad
979 1733 1241 1769 ratiocinandum
1257 1750 1267 1777 ;
1283 1745 1337 1768 aut
1347 1745 1430 1780 quos

50 1780 331 1830 perturbationum
343 1783 482 1828 impetus
501 1783 541 1816 ad
559 1781 682 1817 diversa
701 1783 830 1818 trahunt
850 1796 858 1819 t
877 1795 920 1817 ne
938 1781 1058 1817 scilicet
1079 1781 1236 1817 fluctuent
1258 1787 1291 1819 &
1308 1794 1431 1830 vagen-

52 1842 121 1874 tur.·,
135 1842 245 1877 quove
263 1832 283 1864 ri
294 1842 382 1864 certo
398 1829 478 1873 fine,
489 1841 525 1864 ac
538 1831 638 1865 modo
655 1834 871 1867 coerceantur.
886 1831 985 1868 Unde
998 1836 1031 1867 &
1041 1843 1157 1865 naturae
1169 1830 1255 1879 leges
1271 1828 1351 1866 falfis
1363 1831 1433 1877 opi-

48 1880 224 1922 nionibuS,
238 1891 293 1914 aut
303 1879 409 1926 pravis
425 1877 569 1913 moribus
588 1891 673 1927 pene
691 1878 869 1914 obliteratae
888 1881 999 1916 divina
1022 1879 1094 1927 lege
1111 1890 1316 1915 renovantur.

99 1929 135 1963 ld
150 1941 283 1975 quoque
297 1927 451 1975 sapienter
466 1928 486 1964 a
500 1930 570 1963 viro
587 1927 775 1964 doctiffimo
789 1928 980 1964 adnotatum
989 1928 1085 1963 video
1095 1956 1105 1971 ‚
1126 1927 1208 1964 nihil
1218 1927 1282 1976 legi
1294 1927 1433 1962 naturali

51 1975 72 2012 ὲ
81 1979 156 2012 Deo
165 1977 232 2025 post
242 1978 340 2024 primi
350 1976 489 2012 hominis
499 1989 669 2025 peccatum
680 1977 825 2012 additum
844 1975 935 2012 fuisse
951 2006 962 2021 ‚
976 1976 1063 2024 quod
1079 1975 1161 2012 illius
1179 1977 1258 2023 legis
1281 1975 1434 2011 observas

47 2027 136 2060 tioni
149 2039 214 2061 non
229 2025 308 2060 utile
322 2025 428 2062 fuerit.
449 2028 500 2061 Sic
517 2024 602 2074 juss'it
613 2030 702 2063 Deus
712 2038 747 2062 ut
756 2025 908 2062 animalia
930 2031 964 2064 ὅ(
979 2026 1084 2074 fruges
1099 2037 1190 2061 terrae
1207 2024 1264 2060 fibi
1276 2027 1310 2061 in
1331 2026 1433 2060 Sacri-

59 2073 168 2110 ficium
193 2073 385 2110 offerrentur
397 2103 407 2118 ,
441 2088 507 2122 quo
535 2088 608 2110 eum
624 2075 785 2111 bonorum
803 2078 949 2110 omnium
968 2074 1095 2110 fontem
1110 2074 1260 2111 homines
1279 2073 1431 2123 agnosce-

54 2135 133 2159 rent.
143 2122 240 2172 Juffit
252 2136 382 2171 quoque
399 2125 468 2172 post
483 2124 640 2159 diluvium
653 2135 688 2159 ut
704 2125 852 2160 homines
867 2124 887 2160 ὲ
897 2123 1045 2174 sanguine
1053 2122 1251 2159 abstinerent
1267 2152 1278 2166 ,
1297 2135 1364 2170 quo
1375 2122 1434 2157 ho-

55 2173 175 2206 micidii
193 2172 360 2208 horrorem
373 2175 409 2207 iis
424 2175 592 2208 incuteret·
609 2176 725 2208 Secuta
739 2174 780 2208 est
791 2173 840 2208 lex
852 2171 1094 2209 circumcisionis
1114 2185 1181 2219 quae
1194 2171 1349 2220 populum
1365 2173 1431 2207 Dei

56 2220 76 2254 ἐι
86 2219 232 2254 falsorum
247 2222 382 2257 deorum
392 2220 568 2257 cultoribus
588 2221 767 2256 secerneret
776 2251 784 2264 ,
799 2234 838 2256 ne
850 2222 935 2258 fort&
951 2234 1063 2256 eorum
1078 2220 1229 2256 societate
1243 2223 1276 2255 in
1291 2219 1429 2254 idolola-

13 2266 16 2297 Ᾰ
56 2267 324 2307 triamdcflueret.
343 2272 409 2306 Lex
424 2270 545 2320 Moysis
565 2269 670 2318 legem
686 2270 863 2305 naturalem
882 2283 965 2318 pene
979 2270 1140 2304 exoletam
1153 2275 1205 2313 ‚&
1221 2271 1252 2303 in
1265 2270 1302 2302 iis
1326 2271 1427 2303 maxi-

14 2334 15 2337 *
56 2330 108 2351 me
126 2329 198 2364 quae
219 2318 258 2352 ad
276 2321 317 2353 Di
327 2319 448 2354 cultum
459 2322 636 2368 pertinent,
647 2322 783 2354 omnino
795 2319 937 2354 deletam
949 2317 1174 2367 promulgavit.
1191 2319 1254 2352 Sed
1273 2317 1322 2351 lex
1334 2317 1431 2352 Chri-

15 2371 16 2397 l
57 2366 95 2400 sti
121 2366 257 2402 eandem
281 2378 398 2402 naturae
415 2368 522 2417 legem
547 2368 641 2417 plane
666 2369 820 2415 restituit,
844 2379 974 2418 qumque
997 2367 1036 2402 ad
1058 2366 1237 2416 perfeetam
1265 2366 1346 2401 illius
1368 2364 1431 2401 ob-

1136 2417 1219 2452 Ccc
1241 2416 1260 2462 ij

1452 209 1504 234 &li

1448 1183 1505 1213 Aug

1509 218 1525 233 t.
1543 219 1566 235 ἱ.

1508 1181 1563 1205 ,εἰς

1446 1215 1469 1245 sp
1489 1214 1563 1239 &lit-

1447 1255 1459 1271 c
1478 1255 1517 1276 17-

1446 1455 1500 1485 Aug

1450 1486 1500 1509 iba

1505 1492 1561 1514 ,οφ
