1857 2745
358 147 426 185 4⁶4
784 131 1306 174 0MJETJA1³HYSLCAE
1346 140 1348 142 ·
1391 138 1405 147 >·

352 187 431 222 olim
445 183 620 219 utebantur
631 179 897 230 Apollinaristae.„
907 182 968 229 qui
994 194 1090 216 unam
1108 183 1141 216 in
1157 181 1290 218 Christo
1313 191 1352 216 ex
1367 185 1466 216 carne
1487 184 1522 217 ὃς
1535 180 1648 218 Verbo
1663 187 1748 219 'coa-2·

349 232 435 270 lniss'e
451 244 599 269 naturam
617 229 885 265 commenti‘sunt
899 244 907 266 :
930 228 1033 276 Qiod
1050 232 1200 266 nimirum
1215 243 1254 266 ex
1265 228 1389 265 duobus
1399 228 1552 279 perfeffis
1567 260 1577 274 ‚
1597 237 1630 268 &
1645 245 1752 268 coma⁴
1804 252 1806 260 ι

349 284 445 335 pletis
457 295 523 318 nou
541 291 687 329 emergat
700 292 800 319 unum
811 279 997 328 perfeEtum
1010 285 1042 316 δε
1057 279 1268 329 completum.
1292 280 1445 326 Cumque
1458 279 1532 314 huic
1546 292 1739 329 argumento
1771 313 1776 316 Α

348 331 531 380 responsum
550 330 612 383 fuit
628 330 648 365 a
673 327 821 365 Patribus
835 356 846 372 ,
869 337 935 365 non
956 329 987 364 id
1004 328 1135 364 allatum
1157 330 1221 373 est,
1254 340 1372 364 naturae
1394 326 1553 377 assumptae
1572 333 1740 379 quippiam

350 380 455 416 deeffe
465 410 475 425 ‚
487 391 542 415 aut
552 380 572 416 ὲ
584 377 697 415 Verbo
709 377 844 426 suppleti
855 377 969 413 saltem
983 377 1235 427 metaphysicum
1248 392 1255 414 z
1272 377 1324 413 sed
1336 377 1413 412 illud
1424 378 1600 413 statuerunt
1612 391 1651 413 ex
1661 380 1743 415 duo·

353 431 413 466 bus
424 430 579 480 perfectis
592 457 601 472 ‚
618 427 728 463 saltem
741 430 773 462 in
784 427 877 462 rebus
888 427 1079 476 spiritalibus
1091 440 1189 463 unum
1200 428 1365 475 quoddam
1380 426 1565 475 perfeetum
1575 440 1743 476 exurgere.
1755 458 1761 463 .

352 480 670 528 Utraquena‘turain
680 477 812 512 homine
828 477 978 525 perfecta
999 477 1050 512 est.
1069 477 1259 513 ‘Perfeetum
1285 478 1373 511 enim
1392 476 1481 511 idem
1498 477 1544 511 est
1565 489 1601 511 ac
1621 488 1741 515 toturn.

354 532 495 566 Binarius
506 531 540 563 in
549 527 603 563 suo
614 538 733 576 genere
746 526 908 575 perfectus
925 527 968 562 est
980 555 990 570 ‚
1013 527 1182 563 additione
1197 538 1307 562 tamen
1317 524 1466 560 accrescit
1475 554 1485 569 ,
1503 531 1535 562 &
1551 527 1584 560 in
1594 526 1680 561 aliud
1690 538 1745 562 to-

354 592 423 615 tum
437 577 598 615 evehitur.
616 578 732 613 Homo
744 589 818 612 cum
834 579 910 611 Deo
922 588 1147 624 comparatus,
1170 575 1378 625 impersedlms
1394 575 1451 611 est.
1478 577 1566 610 Hinc
1586 576 1618 612 S.
1639 578 1746 613 Bona..

353 640 489 664 ventura
500 629 532 662 in
546 641 568 673 3.
578 627 645 663 dist.
659 641 683 673 5.
698 638 776 662 ατη..
798 638 833 673 q.
852 639 877 662 2.
898 627 1034 662 Natura
1055 627 1210 674 assumpta
1227 629 1259 660 in
1279 623 1400 669 Christo
1412 637 1442 657 eo
1452 626 1513 673 ipso
1532 622 1572 667 es}
1587 622 1746 665 nobilior,

356 679 444 724 quod
457 681 489 712 in
504 675 653 712 nobiliori
667 676 798 724 perfinia
808 673 993 719 stabilitur,
1017 677 1091 722 quia
1101 675 1205 709 nonin
1216 673 1347 723 persona
1358 673 1553 718 creata‚fid
1568 675 1603 706 in
1612 675 1748 722 pevfina

355 731 498 763 increata
516 740 526 759 .·
547 723 628 762 unde,
640 724 799 759 ordinatio
816 724 860 760 ad
877 724 1007 771 dignius
1021 727 1174 771 quamvis
1193 723 1318 767 auferat
1332 725 1486 757 rationem
1495 723 1647 770 fiaeppostti
1659 749 1670 761 ,
1697 733 1766 756 ται
1807 745 1809 754 ⁴

355 785 427 811 men
441 787 500 810 non
511 772 614 820 aufert
624 772 798 822 dignitatis
808 775 1045 822 proprietatem.
1065 774 1196 807 Melius
1206 771 1246 816 est
1258 773 1340 805 enim
1349 769 1465 818 fiabeffe
1465 772 1632 818 superiori,
1647 770 1750 818 quim

356 825 473 874 praesse
501 824 599 858 alicui
628 823 791 868 inferiori,
819 821 857 858 Εὖ·
877 820 1089 871 perfcffiorest
1106 824 1214 856 anima
1229 833 1297 854 cum
1307 818 1513 870 poffidetura'
1537 821 1625 860 Deo,
1647 818 1750 868 quim

359 886 430 908 cum
443 872 575 922 possidet
593 885 642 906 res
669 882 807 910 creatas.

391 921 479 971 Opp.
495 923 557 957 ult.
568 924 620 958 De
635 932 698 955 una
708 950 718 964 ‚
740 924 774 956 ὃ(
785 921 901 957 eadem
922 932 956 953 re
969 919 1219 955 contradi&otia
1230 916 1381 953 affirmari
1395 930 1462 953 non
1472 915 1621 964 poffiint3
1639 918 1690 953 sed
1699 918 1751 953 di-

357 973 460 1013 cimus
471 970 621 1009 Verbum
637 970 785 1007 divinum
799 967 983 1016 assiimpfiise
1003 978 1149 1003 naturam
1168 967 1339 1002 humanam
1351 994 1361 1009 ,
1389 979 1457 1000 non
1472 963 1657 1015 assumpsisse
1675 979 1753 1015 per-

358 1019 468 1056 sonam
481 1033 577 1069 :ergo
591 1031 705 1054 natura
720 1019 861 1053 humana
874 1047 883 1061 ‚
902 1017 1081 1066 &persona
1092 1030 1158 1052 non
1167 1015 1238 1051 sunt
1248 1028 1310 1051 una
1327 1020 1362 1051 &
1373 1016 1488 1050 eadem
1504 1026 1562 1048 res.

392 1071 433 1105 R.
450 1070 536 1115 Dist.
547 1072 622 1105 min.
631 1067 781 1104 Verbum
791 1068 943 1102 ‘divinum
963 1064 1122 1114 assumpsit
1142 1077 1287 1101 naturam
1311 1065 1488 1099 humanam
1511 1067 1579 1111 jam
1601 1064 1641 1099 ad
1665 1064 1751 1099 aliud

361 1121 582 1166 pertinentem
595 1146 605 1160 ,
628 1117 684 1152 seu
699 1117 799 1156 alieni
815 1118 892 1162 juris
906 1144 916 1158 ,
937 1116 977 1150 C.
989 1115 1189 1163 completam
1200 1143 1210 1158 ,
1229 1119 1263 1150 ὃ(
1277 1113 1449 1149 solitariam
1468 1126 1503 1148 ac
1519 1112 1564 1148 sui
1577 1115 1655 1163 juris
1667 1143 1678 1159 ‚
1700 1111 1768 1151 N:
1814 1119 1815 1126 ¹

362 1168 464 1213 Qod
481 1170 592 1214 utique
608 1170 675 1214 jam
693 1164 822 1199 abunde
839 1164 885 1198 est
896 1163 1104 1212 explicatum.

399 1217 639 1263 Acceditigi-tur
652 1213 766 1250 Verbo
780 1212 972 1256 humanitas,
985 1224 1053 1248 ‘non
1070 1225 1106 1249 ut
1118 1225 1187 1262 pars
1203 1215 1284 1262 parti
1298 1241 1308 1256 ,
1330 1211 1382 1247 sed
1393 1224 1428 1247 ut
1442 1210 1575 1248 accesfio
1595 1214 1665 1247 toti.
1682 1213 1755 1249 Ne-

365 1278 430 1312 que
444 1264 597 1300 absorbet
607 1264 709 1299 deitas
723 1263 959 1298 humanitatem
974 1291 983 1305 ‚
1001 1262 1053 1297 sed
1068 1262 1162 1297 fovet
1176 1275 1248 1297 earn
1260 1291 1269 1306 ‚
1289 1267 1322 1299 &
1343 1263 1375 1296 in
1399 1261 1553 1296 summum
1572 1261 1684 1296 evehit
1704 1261 1757 1296 fa-

365 1316 501 1363 stigium.
519 1316 640 1361 Neque
651 1310 689 1348 ex
701 1324 837 1359 utraque
856 1323 968 1346 natura
991 1324 1054 1346 una
1064 1312 1214 1359 quaedam
1229 1309 1379 1346 coalescit
1391 1339 1399 1353 ‚
1414 1321 1449 1345 ut
1465 1310 1661 1345 somniarunt
1672 1311 1757 1346 Ace‘

366 1364 455 1413 phali
468 1392 477 1406 ‚
494 1375 549 1398 aut
561 1361 876 1408 Semi-Eutychiani,
900 1363 955 1407 qui
980 1372 1040 1394 nec
1056 1362 1272 1396 mutationem
1286 1363 1375 1395 unius
1394 1372 1512 1394 naturae
1538 1362 1571 1394 in
1595 1358 1730 1394 alteram
1746 1386 1759 1402 ,

366 1426 426 1450 nec
438 1412 662 1449 confusionem
674 1407 912 1452 admittebant,
929 1408 981 1443 sed
998 1420 1171 1456 utramque
1183 1411 1216 1444 in
1231 1421 1329 1443 unam
1345 1407 1491 1442 coaluisse
1506 1406 1673 1456 fingebant
1686 1436 1696 1451 ‚
1709 1409 1759 1442 uti

368 1465 512 1498 animam
525 1467 558 1498 δε
571 1472 683 1507 corpus
693 1461 725 1493 in
739 1459 915 1494 hominem.
933 1458 1035 1503 Qod
1045 1456 1065 1492 fi
1075 1461 1163 1492 enim
1173 1460 1218 1492 ita
1230 1457 1305 1492 effet
1318 1486 1327 1500 ‚
1342 1470 1380 1492 ea
1392 1468 1507 1491 natura
1519 1469 1580 1491 nec
1601 1459 1692 1492 Deus
1704 1456 1760 1491 fo.

370 1523 420 1546 ret
439 1540 449 1553 ,
467 1523 527 1546 nec
546 1510 646 1546 homo
661 1526 671 1551 ·,
690 1520 750 1544 nec
769 1506 1040 1543 consubstantialis
1055 1505 1132 1542 esset
1150 1509 1241 1544 Patri
1259 1509 1385 1541 tatione
1410 1506 1538 1540 deitatis
1556 1534 1566 1549 ,
1584 1518 1643 1541 nec
1660 1506 1760 1540 matri

370 1558 645 1596 consubstantialis
655 1559 782 1592 ratione
799 1556 1019 1592 humanitatis,
1035 1558 1151 1592 Anima
1162 1557 1294 1604 quidem
1311 1556 1354 1590 est
1368 1567 1438 1603 pars
1450 1554 1591 1590 hominis
1601 1583 1610 1599 ,
1639 1553 1691 1590 seu
1700 1566 1760 1589 na.-

372 1622 445 1645 turae
457 1606 636 1656 compositae
652 1637 662 1651 ‚
683 1619 750 1642 non
767 1608 850 1641 item
866 1606 982 1642 deitas.
1007 1608 1122 1654 Itaque
1133 1618 1197 1641 una
1213 1605 1249 1640 fit
1260 1604 1394 1654 persona
1410 1617 1478 1640 non
1496 1616 1607 1639 natura
1621 1620 1630 1646 3
1652 1605 1761 1638 unitas

372 1657 512 1706 personae
531 1658 768 1693 humanitatem
780 1655 904 1704 subjicit
913 1653 1040 1698 Verbo;
1059 1657 1164 1691 unitas
1180 1667 1298 1690 naturae
1310 1653 1555 1702 quodammodo
1578 1663 1762 1700 exaequatet

373 1713 407 1744 δε
421 1708 565 1742 divinam
581 1717 728 1742 naturam
749 1705 927 1753 dejiciendo
951 1704 1345 1747 extenuaret,humanam
1364 1702 1549 1738 extollendo
1575 1702 1763 1738 destrueret.

376 1756 526 1804 Duplicis
542 1767 660 1791 naturae
671 1758 704 1790 in
714 1766 812 1790 unam
825 1754 916 1789 velut
940 1753 1117 1802 conjugalis
1132 1753 1249 1801 copula
1268 1753 1401 1787 alteram
1412 1751 1504 1787 alteri
1513 1763 1617 1786 totam
1630 1751 1762 1787 addicit.

375 1808 426 1840 Sic
437 1817 542 1840 totum
556 1805 591 1839 fit
601 1816 713 1852 corpus
728 1805 863 1846 animae,
886 1807 921 1840 &
933 1801 1068 1838 viciffim
1090 1804 1200 1837 anima
1223 1814 1329 1837 totam
1340 1800 1370 1836 se
1388 1802 1514 1849 corpori
1528 1801 1692 1836 vindicat:
1715 1801 1763 1835 At

376 1854 455 1890 vcio
470 1867 538 1889 tota
551 1855 652 1888 deitas
663 1856 745 1887 intra
756 1852 967 1887 humanitatis
978 1852 1098 1887 limites
1116 1853 1272 1887 coarctari
1282 1850 1312 1885 se
1326 1863 1393 1885 non
1416 1852 1546 1898 patitur.

410 1905 500 1938 Hinc
520 1904 664 1937 Rusticus
679 1904 713 1938 in
735 1901 951 1950 disputatione
968 1913 1080 1935 contra
1096 1900 1277 1949 Acephalos
1291 1928 1301 1942 ,
1327 1901 1360 1933 id
1379 1897 1474 1932 causa:
1495 1909 1609 1944 praeter
1629 1908 1762 1932 caeteras

375 1951 487 1995 affirt,
505 1965 560 1986 cur
576 1952 714 1986 humana
734 1963 846 1985 natura
860 1953 893 1985 in
905 1950 1035 1985 Christo
1055 1951 1213 1984 rationem
1239 1961 1305 1983 non
1316 1946 1437 1982 habeat
1447 1945 1597 1995 personae,
1612 1946 1702 1992 quod
1718 1945 1766 1981 sui

377 2004 479 2049 grati&
489 2015 556 2036 non
568 2000 671 2042 fit,sed
686 2000 915 2035 tantummodo
928 2011 1062 2047 propter
1071 1997 1216 2033 Verbum
1240 2014 1249 2041 3
1266 2008 1373 2043 neque
1383 1996 1471 2033 adeo
1479 1994 1576 2029 fuerit
1585 2006 1764 2042 antequam

376 2051 492 2086 Verbo
508 2052 662 2085 uniretur.
679 2052 760 2084 Non
772 2051 867 2083 'enim
877 2046 952 2082 effet
961 2046 1108 2082 naturale
1127 2051 1159 2083 &
1178 2044 1384 2081 substantiale
1392 2044 1614 2091 naturae,quod
1627 2048 1694 2092 jam
1706 2056 1765 2078 na-

382 2112 422 2135 tae
440 2105 472 2136 &
486 2099 630 2134 formatae
646 2095 880 2145 supervenisset.
899 2098 1007 2143 Atque
1030 2109 1067 2130 ea
1087 2097 1214 2131 ratione
1238 2095 1447 2130 utitur'Sexta
1461 2093 1610 2141 Synodus
1632 2094 1706 2128 Λᾶ.
1722 2095 1763 2128 18.

382 2152 461 2183 Non
474 2147 573 2195 qubd,
596 2148 722 2195 inquit,
735 2148 864 2193 persona
881 2145 1021 2190 aliudfit
1036 2143 1135 2192 que‘tm
1152 2156 1271 2179 natura
1284 2143 1363 2189 ;fid
1377 2144 1409 2176 in
1427 2140 1527 2175 Verbi
1544 2141 1696 2190 hypoflafi
1714 2152 1765 2175 to-

381 2202 443 2233 rins
455 2197 663 2231 humanitatis
677 2195 824 2239 formata
836 2196 977 2232 namra,
1002 2193 1040 2229 ό·
1054 2206 1117 2240 qnae
1131 2196 1191 2240 fica
1206 2196 1301 2239 funt,
1320 2191 1511 2226 indeminute
1530 2201 1679 2237 operante
1694 2202 1765 2224 cum

386 2262 417 2280 eo
434 2250 485 2280 cui
494 2247 587 2280 unita
602 2245 642 2289 esi
656 2243 853 2292 hypostatice.
879 2245 959 2280 Non
968 2242 1053 2279 aliud
1066 2242 1131 2277 esse
1144 2245 1190 2278 ait
1207 2239 1373 2290 personam
1392 2269 1400 2282 ‚
1420 2238 1517 2283 quam
1538 2250 1664 2273 naturas
1684 2253 1692 2274 ε
1709 2250 1765 2273 cut

382 2309 491 2330 antem
509 2294 640 2343 persona
657 2290 797 2328 humana
816 2306 882 2327 non
897 2291 975 2326 adfit
987 2321 996 2334 ‚
1018 2305 1089 2326 eam
1102 2291 1195 2328 affert
1213 2288 1353 2331 causam,
1380 2287 1466 2335 quod
1493 2285 1628 2322 seorsum
1647 2301 1712 2322 non
1728 2285 1765 2321 sit

387 2355 491 2377 creata
505 2373 514 2385 ‚
539 2344 588 2378 sed
602 2345 633 2377 in
648 2341 711 2391 ipsa
723 2340 826 2376 Verbi
837 2340 993 2390 hypostasi
1011 2340 1294 2376 formata.Un-um
1310 2349 1419 2372 autem
1437 2334 1635 2384 impossibile
1647 2336 1765 2377 fuerit,

385 2404 442 2426 aut
456 2393 642 2428 indecorum
654 2405 690 2428 ut
702 2389 1010 2426 Vei-bum'naturam
1029 2391 1201 2426 humanam
1219 2390 1302 2438 prius
1315 2387 1490 2421 formatam
1503 2383 1670 2421 affumeret
1682 2414 1692 2428 ‚
1702 2384 1766 2420 hoc
1779 2400 1781 2402 ·

1850 179 1857 457 *N*—Vc.—‡
