1857 2745
12 390 15 398 l

594 109 911 163 MORAtts.
1397 131 1453 162 277

460 174 810 236 Quies-rm
856 193 1086 231 PRIMA.

206 270 257 306 De
270 274 391 308 nomine
404 299 414 312 ‚
429 272 552 306 notione
568 269 606 307 ὠ·
621 271 773 318 divisione
787 272 964 314 libertatis,
990 287 1029 309 ac
1037 274 1130 310 liberi
1153 274 1294 312 arbitrii.

58 351 197 437 TOt
217 353 291 388 huic
308 351 487 395 libertatis,
513 362 568 386 aut
593 350 687 387 liberi
709 353 833 390 arbitrii
861 357 937 390 voci
961 354 1108 404 subjedkae
1128 354 1197 390 lunt
1221 358 1393 399 notiones,
1415 369 1450 391 ut

145 413 210 436 non
234 401 362 436 aliunde
384 400 510 444 forsan,
534 400 634 448 quam
656 414 694 437 ex
709 403 796 439 illius
819 406 962 440 nominis
978 403 1190 453 ambiguitate
1203 433 1213 447 ‚
1234 417 1299 439 ram
1322 417 1447 453 magnae

53 460 134 484 ortae
151 447 209 485 fint
234 452 463 485 contentiones
479 478 489 493 ,
515 461 585 497 quae
599 462 668 487 rem
682 452 766 487 adeo
780 452 912 502 planam
936 458 971 490 ὅ(
990 464 1135 501 apertam
1154 453 1372 488 involverunt.
1399 455 1446 488 Ac

54 499 174 533 Graecis
195 499 332 546 quidem
340 512 412 534 cum
427 499 602 533 verborum
614 502 710 548 copia
721 514 790 536 non
815 500 934 537 deeffet
945 531 956 545 ,
978 503 1001 535 ii
1014 500 1143 537 diverfis
1168 500 1264 536 rebus
1282 501 1445 537 distinctas

50 557 184 594 quoque
198 560 295 582 voces
309 559 474 597 aptarunt,
498 559 570 595 quae
591 561 725 584 omnem
742 550 992 600 homonymiam
1007 579 1017 594 ‚
1034 562 1172 598 quaeque
1189 561 1229 584 ex
1246 548 1445 599 ambiguita-

53 605 88 629 te
103 598 192 631 vocis
205 599 348 632 oriuntur
362 600 589 632 contentiones
600 596 793 635 sustulerunt.
809 602 925 647 Itaque
942 597 1086 648 primum
1099 601 1252 645 ὲλιηθιρίᾳι
1269 599 1378 633 dixere
1402 599 1443 634 il-

49 642 116 678 lam
130 643 317 682 libertatem
333 674 342 689 ,
362 658 434 693 quae
446 644 592 681 servituti
608 650 750 695 corporis
763 650 939 696 opponitur
950 665 958 691 ;
971 660 1108 695 eamque
1119 649 1238 684 Cicero
1255 646 1371 682 definit
1380 659 1443 696 po-

50 691 198 729 testatem
209 695 342 730 vivendi
355 707 392 729 ut
402 694 490 730 velis.
508 696 617 741 Atque
633 707 670 729 ea
679 699 772 731 notio
793 697 900 732 statim
913 696 998 732 subit
1009 700 1153 733 animum
1165 726 1175 740 ‚
1200 709 1271 732 cum
1283 695 1442 734 libertatis

49 753 168 776 vocem
183 742 361 791 usurpamus
371 771 382 786 ,
401 753 437 777 ut
448 743 877 780 immunitatemaservitute
893 748 1084 794 cogitemuS.
1103 746 1203 783 Unde
1214 758 1286 781 cum
1299 744 1441 782 Christus

53 790 344 841 DominusJudaeis
355 790 498 835 dixisset,
526 803 595 826 tum
607 804 664 826 eos
681 790 794 827 liberos
809 794 903 838 fhre,
926 793 959 838 st
979 797 1104 829 veritas
1119 808 1166 830 eos
1187 793 1355 832 liberaret,
1377 794 1439 829 res-

48 839 236 886 ponderunt
247 840 351 875 statim
364 868 374 883 ‚
396 842 716 886 neminifirvivimus
731 854 892 888 unquam:
907 843 990 877 adeo
1005 855 1042 878 ut
1050 842 1181 878 libertas
1197 843 1261 878 hoc
1275 842 1376 878 modo
1388 854 1440 877 ac-

43 898 144 935 cepta
157 887 338 923 dominium
352 888 481 922 alterius
498 888 667 923 excludere
680 890 839 926 videatur.
853 892 942 925 Hinc
951 892 1124 940 S.August-
1139 894 1201 927 An
1211 893 1257 926 ita
1268 894 1348 936 fitnt
1363 889 1441 925 libe-

52 936 82 968 ri
102 962 110 973 ,
141 946 179 968 ut
191 949 246 970 nec
264 937 355 970 illum
374 937 476 970 velint
494 934 608 970 habere
629 937 825 976 Dominum,
846 941 902 984 qui
919 939 999 974 dicit
1011 943 1055 974 eis
1073 968 1084 984 ,
1103 942 1177 975 Sine
1198 953 1248 974 me
1262 939 1344 973 nihil
1355 949 1439 987 pote·

44 981 104 1027 stis
114 983 224 1026 facere
247 986 262 1015 ?

81 1029 186 1078 *Qod
203 1031 224 1065 fi
239 1043 346 1067 tamen
363 1034 491 1080 proprie
508 1031 598 1077 loqui
610 1032 758 1066 volumus
771 1060 781 1076 ,
808 1033 966 1069 libertatis
985 1038 1120 1070 nomine
1144 1048 1214 1070 non
1238 1047 1277 1069 ea
1301 1049 1372 1084 quae
1398 1038 1438 1071 ad

47 1079 152 1127 ipsum
169 1091 283 1128 corpus
303 1081 461 1124 refertur,
493 1090 628 1126 quaeque
656 1079 800 1114 servituti
833 1084 1009 1129 opponitur
1027 1097 1035 1118 :
1074 1082 1127 1117 sed
1155 1095 1226 1129 quae
1241 1087 1352 1119 animo
1365 1084 1437 1118 infi-

44 1128 124 1172 det,
138 1140 238 1175 quam
249 1128 283 1163 τὲ
296 1129 428 1172 δυ’ήμΐι,
442 1127 495 1163 seu
510 1128 541 1162 id
570 1128 660 1175 quod
678 1127 724 1162 est
751 1130 783 1163 in
799 1130 902 1164 nostra
911 1131 1085 1178 potestate,
1109 1132 1198 1179 quod
1210 1132 1307 1167 etiam
1321 1145 1438 1168 vocant

47 1178 205 1222 αιῖτιξέωυι
219 1205 230 1217 ‚
242 1177 292 1213 seu
301 1177 431 1226 plenam
446 1177 564 1227 agendi
581 1176 781 1221 facultatem,
794 1180 930 1213 omnino
948 1179 1161 1229 intelligitur:
1182 1180 1265 1214 adeo
1284 1193 1319 1216 ut
1337 1181 1437 1216 liber-

42 1237 96 1260 tas
107 1226 298 1274 potestatem
311 1228 473 1275 quandam
486 1255 496 1269 ‚
519 1238 589 1273 quae
602 1225 642 1259 ad
654 1224 755 1260 multa
765 1228 908 1276 pertinet
917 1255 927 1267 ,
940 1240 1046 1275 neque
1068 1231 1123 1264 uni
1136 1230 1181 1264 rei
1191 1228 1349 1266 addicitur
1358 1260 1369 1275 ‚
1398 1229 1434 1265 fi-

46 1273 255 1322 gnificatioue
271 1275 324 1311 sua
335 1275 598 1324 comprehendat.

80 1327 194 1371 Itaque
217 1323 349 1359 libertas
368 1324 423 1360 suo
441 1323 609 1359 intellectu
633 1324 882 1373 comprehendit
899 1323 1094 1360 solutionem
1121 1325 1163 1362 ab
1182 1330 1272 1362 omni
1302 1328 1435 1376 impedi-

45 1384 163 1409 mento
174 1373 261 1420 quod
272 1386 330 1409 nos
350 1374 546 1408 determinet
562 1402 571 1416 ‚
591 1384 646 1408 aut
660 1375 700 1408 ad
713 1385 816 1408 certas
832 1386 881 1408 res
891 1374 1072 1422 adstringat,
1087 1380 1120 1411 &
1135 1377 1326 1423 potestatem
1337 1389 1436 1426 agen-

48 1422 82 1456 di
102 1422 190 1468 quod
202 1423 239 1455 iis
257 1421 353 1456 rebus
371 1423 567 1456 contrarium
584 1422 646 1463 est,
664 1425 799 1456 omnino
812 1422 970 1458 detrahat.
989 1425 1040 1457 Sic
1054 1422 1146 1457 liberi
1167 1425 1303 1459 dicimur
1318 1426 1339 1461 ὲ.
1361 1428 1434 1460 vin-

46 1468 128 1504 culis
139 1497 148 1512 ,
172 1468 353 1504 &servitute
368 1498 378 1512 ,
394 1469 435 1503 ab
446 1469 544 1511 odio,
564 1468 606 1503 ab
621 1481 751 1512 amore,
777 1469 797 1503 ὲ
811 1469 1112 1516 perturbationibus
1129 1499 1139 1513 ‚
1162 1472 1182 1506 εἰ
1202 1475 1290 1507 vitiis
1301 1501 1309 1515 ‚
1325 1473 1344 1507 a
1361 1473 1434 1521 lege

49 1517 132 1566 ipsa:
146 1516 220 1552 cum
232 1529 270 1552 ea
282 1517 441 1565 possumus
453 1515 579 1551 efficere
589 1529 658 1563 quae
672 1515 803 1552 servitus
814 1544 824 1559 ,
847 1517 976 1552 vincula
993 1547 1003 1561 ‚
1035 1517 1085 1552 lex
1101 1517 1204 1565 aliqua
1217 1549 1227 1564 ,
1252 1522 1332 1555 vitia
1346 1549 1356 1564 ‚
1378 1533 1434 1556 aut

49 1565 311 1616 perturbationes
329 1565 557 1615 prohibebant.

90 1616 144 1648 Sic
159 1613 217 1649 ubi
231 1615 271 1649 ad
287 1614 428 1662 aliquem
442 1616 515 1649 vitae
541 1614 652 1648 statum
665 1642 674 1657 ‚
696 1626 749 1649 aut
767 1613 872 1648 locum
887 1614 1022 1650 adstricti
1037 1643 1046 1657 ‚
1073 1627 1128 1650 aut
1154 1616 1358 1652 determinati
1383 1616 1432 1652 su-

47 1675 118 1700 mus
131 1692 140 1706 ,
167 1664 302 1711 potestas
317 1663 413 1699 nobis
429 1663 579 1697 adimitur
589 1663 706 1710 agendi
725 1675 762 1696 ea
775 1674 845 1710 quae
857 1675 931 1697 cum
944 1662 1001 1697 illo
1021 1663 1102 1698 statu
1111 1693 1120 1707 ,
1136 1676 1191 1698 aut
1206 1664 1279 1699 loco
1289 1664 1350 1701 effe
1362 1679 1431 1701 non

47 1710 174 1760 polsunt
190 1726 196 1747 :
214 1725 353 1759 cumque
366 1712 421 1747 illa
433 1712 662 1746 determinatio
684 1713 778 1745 vitari
801 1713 938 1758 nequit,
963 1724 1001 1745 ea
1024 1712 1138 1746 dicitur
1154 1712 1319 1749 neceffitas
1334 1743 1343 1757 ,
1365 1714 1430 1750 five

47 1759 84 1796 fit
98 1760 243 1795 absoluta
253 1790 261 1804 ‚
281 1760 344 1795 sive
352 1759 567 1808 hypothetica
580 1788 590 1802 ‚
603 1771 658 1794 aut
666 1760 806 1794 moralis.
822 1762 936 1842 Qpare
950 1759 1077 1794 libertas
1096 1760 1185 1795 illam
1198 1761 1430 1805 neceffitatem,

9 1805 11 1855 ]
47 1820 102 1844 aut
115 1810 421 1844 determinationem
430 1808 593 1851 excludit,
611 1810 644 1842 in
669 1811 704 1842 iis
723 1809 763 1842 ad
781 1820 850 1855 quae
875 1806 956 1841 iberi
976 1813 1010 1844 &
1026 1807 1119 1842 soluti
1132 1809 1242 1843 [umus.
1264 1810 1430 1859 Qliber

49 1858 94 1891 est
115 1857 136 1893 ἐι
148 1856 316 1901 servitute,
339 1869 394 1892 aut
414 1856 434 1892 ὲ
451 1855 591 1899 morb0‚
611 1869 666 1891 aut
682 1856 724 1891 ab
741 1857 852 1904 aliqua
869 1855 1114 1904 perturbatione
1127 1887 1136 1899 ‚
1165 1862 1231 1905 jam
1254 1858 1301 1892 illi
1316 1859 1353 1894 fit
1371 1872 1430 1907 po-

47 1905 137 1940 testas
149 1917 187 1941 ea
204 1905 387 1949 efficiendi,
413 1917 484 1953 quae
503 1903 635 1940 servitus
649 1935 659 1949 ,
677 1903 869 1940 autmorbus
881 1933 891 1948 ‚
911 1916 965 1939 aut
983 1905 1184 1952 perturbatio
1197 1905 1429 1954 prohibebant.

80 1953 163 1989 Illud
179 1954 259 1991 vero
282 1955 385 2003 liquet
398 1982 408 1997 ‚
431 1952 652 1989 neceffitatem
671 1953 759 1990 illam
776 1983 787 1998 ,
817 1953 870 1989 vel
886 1954 1004 2001 agendi
1019 1956 1248 2004 impotentiam
1266 1984 1275 1998 ,
1297 1967 1351 1991 aut
1376 1957 1428 1991 de;

47 2005 308 2039 terminationem
322 2017 392 2051 quae
409 2003 428 2038 ὲ
442 2002 592 2038 servitute
604 2033 613 2047 ,
633 2003 772 2038 vinculis
788 2031 799 2046 ,
816 2001 938 2038 morbis
951 2031 961 2046 ‚
992 2005 1089 2038 animi
1109 2003 1407 2051 perturbationibus
1419 2035 1429 2049 ,

47 2054 115 2087 imo
136 2057 169 2088 &
189 2055 274 2087 vitiis
295 2051 500 2101 proficiscitur
513 2081 522 2095 ,
544 2064 615 2086 eam
624 2065 692 2098 quae
701 2051 918 2087 voluntati-est
936 2050 1102 2087 effentialis
1118 2081 1127 2094 ,
1149 2051 1336 2089 libertatem
1361 2066 1429 2090 non

48 2112 192 2136 evertere
207 2113 265 2145 ,Aut
282 2104 366 2138 inter
382 2113 497 2137 omnes
508 2103 680 2136 convenit:
696 2101 795 2148 idque
805 2099 993 2150 generali&
1004 2100 1156 2138 omnibus
1169 2113 1246 2137 nota
1259 2104 1429 2150 experien-

52 2150 95 2182 tia
117 2150 251 2187 constat.

78 2197 230 2242 Liber-tas
248 2201 358 2246 itaque
367 2209 435 2233 non
451 2196 555 2233 solum
568 2197 753 2233 servitutem
764 2227 774 2242 ,
795 2197 847 2233 sed
861 2197 1079 2236 neceffitatem
1089 2208 1218 2244 quoque
1234 2197 1360 2234 videtur
1374 2212 1429 2234 ex-

50 2243 203 2288 cludere„
216 2253 252 2289 ὅ(
265 2248 453 2295 potestatem
467 2247 517 2282 seu
531 2247 711 2282 dominium
723 2249 756 2283 in
765 2250 912 2296 proprios
925 2250 1013 2283 astus
1031 2246 1197 2281 intellectu
1216 2244 1271 2279 suo
1286 2248 1428 2297 comple-

51 2293 95 2326 <Sti
110 2295 204 2339 :quin
215 2298 359 2332 entiam&
369 2294 462 2331 latius
481 2307 570 2343 patet
589 2294 720 2331 libertas
733 2325 743 2338 ,
757 2295 854 2343 quam
868 2294 1003 2331 liberum
1020 2294 1197 2330 arbitrium.
1213 2295 1302 2330 Hinc
1317 2299 1429 2345 tripat.

52 2342 109 2395 rita
123 2340 397 2381 libertatisdivisio
410 2345 589 2394 aMagistro
600 2342 833 2382 sententiarum
855 2343 950 2380 allata
967 2374 977 2390 ,
987 2349 1021 2382 &
1030 2343 1072 2380 ab
1084 2342 1427 2427 omMnibusJTheologis

1177 2406 1209 2427 ln
1232 2405 1264 2440 11]
