1857 2745
389 169 787 206 TRACTATUS
839 169 1073 207 PRIMUS.
1370 184 1442 220 493

99 219 229 258 Deinde
241 229 290 252 tes
310 219 344 253 in
359 230 462 253 vacuo
475 217 574 266 pofita
589 246 598 261 ,
611 218 695 253 estin
715 218 788 252 loco
799 246 808 261 ,
826 230 934 266 neque
949 218 994 253 est
1012 216 1149 262 nullibi3
1162 215 1214 252 sed
1226 217 1313 255 nulla
1331 218 1380 255 ibi
1394 222 1441 256 est

60 267 245 318 *superficies
264 269 406 315 corporis
419 269 567 316 proxime
583 265 768 302 ambientis.
785 270 868 315 Ergo
883 273 956 303 &0r
1086 284 1090 286 Ἴ
1174 272 1177 274 “
1288 283 1291 287 ·
1320 266 1325 269 “

58 343 62 354 i
103 321 178 354 Pars
201 316 301 351 altera
324 315 533 351 conclufionis
552 314 648 349 facile
666 315 843 364 probatur,
862 314 950 350 fimul
972 319 1006 352 ὅτ
1024 313 1210 363 explicatur.
1229 315 1441 364 concipimus

60 369 155 403 ‚enim
166 377 269 401 totum
280 364 387 398 locum
401 376 498 411 quem
514 363 691 399 universum
706 375 843 413 occupat
855 393 865 408 ,
876 375 1030 411 tanquam
1047 363 1181 411 spatium
1192 376 1249 412 per
1259 368 1367 400 omnia
1377 366 1442 401 dif.

65 413 169 450 fusum
182 419 214 450 &
229 412 393 448 extensum
407 441 417 455 ,
431 424 620 461 permanens
632 418 663 449 ἅ
676 412 848 448 immobile
859 416 911 457 ‚in
925 425 993 460 quo
1006 422 1115 447 tamen
1126 425 1239 448 omnes
1250 425 1357 448 motus
1367 426 1442 463 per..

58 461 224 504 ficiuntur.
254 464 290 497 ln
304 474 344 495 eo
358 463 478 510 quippe
493 474 598 496 retum
617 462 778 496 distantias
790 490 800 505 ‚
821 468 854 499 ὅ(
877 473 1025 498 motuum
1041 463 1236 508 quantitates
1247 463 1444 502 dimetimur:

57 511 163 558 ⁴idque
173 511 307 560 spatium
318 512 542 558 imaginarium
555 522 717 545 vocamus.
1273 517 1276 519 ’

101 561 178 595 Hoc
198 570 334 607 corpora
351 560 461 594 omnia
478 561 638 594 contineri
655 562 790 595 omnino
800 560 998 608 concipimus
1009 572 1018 594 z
1031 570 1096 594 non
1107 559 1196 606 quod
1213 558 1290 604 illud
1308 561 1442 608 ipatium

64 607 102 643 fit
119 607 199 656 quid
218 606 305 642 reale
322 625 332 649 ·‚
347 606 399 642 sed
410 620 479 642 rem
490 606 550 642 effe
562 610 594 642 in
608 608 681 642 loco
694 637 703 651 ,
717 620 774 642 aut
796 611 940 652 moveri,
956 607 1052 642 aliter
1068 609 1239 655 concipere
1257 621 1323 643 non
1342 609 1444 657 polsn-

59 669 149 696 muS.
166 659 286 703 Neque
298 655 428 691 aliunde
440 655 650 692 immobilitas
663 655 724 690 loci
735 662 910 705 repetitur,
930 655 1084 704 quamab
1099 668 1140 690 eo
1153 658 1329 705 recipiendi
1343 659 1443 694 modo

60 704 224 746 abstraeko
238 710 272 742 ὃ(
285 716 368 751 pene
382 705 626 741 mathematico.
648 706 934 753 Q3madmodum
946 717 980 740 ut
1003 717 1210 740 numerorum
1222 734 1232 749 ,
1254 717 1308 740 aut
1327 704 1443 755 figura-

16 774 19 776 -
61 755 361 802 mmproprietates
376 765 485 788 mente
494 753 711 802 intelligamus
723 783 732 797 ‚
746 754 826 789 nihil
838 751 962 789 necesse
975 754 1018 788 est
1029 765 1083 788 aut
1100 753 1209 801 figuris
1222 758 1254 790 in
1267 754 1375 789 charta
1385 756 1443 790 de-

62 802 194 838 lineatis
205 831 215 847 ,
233 813 289 836 aut
305 801 432 836 calculis
445 800 516 837 :sed
530 802 707 837 abstractus
722 802 936 851 cognoscendi
952 803 1067 838 modus
1082 805 1215 838 omnino
1236 801 1348 838 sufficit
1367 817 1375 839 :
1394 816 1445 841 tes

65 854 153 886 enim
167 863 236 893 tota
250 852 284 886 in
295 861 407 886 mente
422 849 870 900 perficitur‘,quaeifiguratum
883 863 940 887 aut
959 863 1163 888 numerorum
1182 854 1377 900 quantitates
1395 853 1444 889 so-

66 898 97 934 la
114 897 290 935 dimetitur.

104 950 186 985 Non
198 947 336 983 diffimili
349 947 482 995 quidem
494 949 618 983 ratione
632 959 704 984 cum
719 947 932 984 immobilitas
951 949 1097 984 locorum
1114 961 1154 984 eo
1172 960 1296 985 tantum
1311 949 1331 986 ὲ
1349 950 1456 986 nobis*

65 998 358 1045 concipiatut‚quo
370 1008 459 1032 mens
470 1008 574 1031 rerum
592 996 754 1031 distantias
765 1003 798 1033 &
815 1009 921 1032 motus
941 999 1127 1032 dimetiatur
1143 1026 1153 1041 ‚
1188 1002 1200 1043 (
1220 1000 1307 1046 quod
1331 1002 1445 1047 utique

67 1044 138 1080 fieri
154 1058 221 1080 non
232 1044 350 1093 pollet,
364 1043 420 1079 nisi
438 1047 531 1079 certis
554 1050 587 1082 δε
607 1043 675 1079 fixis
694 1048 835 1080 terminis
862 1058 1033 1082 contentas
1059 1046 1329 1084 intellioeremus:
1349 1049 1359 1089 )
1385 1052 1447 1083 im-

65 1092 233 1129 mobilitas
250 1093 296 1127 est
308 1094 348 1127 de
366 1104 523 1141 conceptu
543 1098 576 1129 &
590 1095 713 1128 ratione
726 1094 789 1128 loci
807 1122 816 1136 ,
832 1094 894 1128 h'oc
911 1095 971 1137 est,
986 1094 1073 1128 locus
1093 1093 1113 1129 ὲ
1126 1077 1223 1129 nobis
1239 1099 1363 1144 concipi
1379 1110 1458 1132 non*

65 1141 171 1191 potest
183 1171 193 1186 ‚
206 1140 259 1177 nisi
275 1152 378 1176 motus
395 1140 436 1174 ab
451 1154 491 1176 eo
504 1153 614 1176 mente
623 1143 821 1189 praecidatur.
840 1144 916 1177 Sive
932 1154 1045 1176 revera
1056 1140 1357 1187 fitimmobilis‚five
1368 1158 1461 1189 non-‚⁷

66 1191 247 1226 dummodo
262 1203 335 1226 eum
346 1201 380 1224 ut
393 1189 598 1225 immobilem
615 1193 829 1238 concipiamus
841 1220 850 1234 ,
864 1192 895 1225 id
916 1193 1054 1227 omnino
1072 1189 1142 1225 satis
1159 1192 1206 1225 est
1218 1220 1227 1234 ‚
1244 1204 1280 1226 ut
1303 1192 1365 1227 loci
1386 1193 1447 1228 ha-

67 1238 146 1274 beat
159 1242 338 1275 rationem:
358 1251 428 1286 quae
442 1241 551 1274 omnia
569 1239 631 1274 hoc
651 1237 833 1288 syllogismo
853 1239 1086 1287 comprehendi
1098 1237 1234 1287 polsunt.
1252 1240 1332 1276 Illud
1352 1254 1447 1277 natu-

68 1300 137 1325 tam
158 1288 220 1324 loci
235 1288 397 1323 constituit
410 1317 419 1331 ,
432 1287 550 1336 quoda
561 1287 655 1323 nobis
674 1300 708 1322 ut
719 1288 844 1335 :equale
861 1291 906 1323 rei
924 1288 1047 1331 locatae,
1061 1294 1093 1325 &
1109 1288 1279 1324 immobile
1296 1293 1445 1339 concipi-

69 1349 120 1373 tut
132 1337 355 1385 3ssedspatium
369 1338 592 1386 imaginarium
606 1337 943 1387 est·ejusmodi:'ergo
957 1337 1044 1372 locus
1069 1350 1135 1372 non
1154 1337 1198 1372 est
1223 1338 1309 1373 aliud
1333 1351 1445 1387 praeter

69 1386 204 1435 spatium
219 1386 296 1421 illud
316 1386 336 1421 ἓν,
353 1398 487 1432 corpore
503 1398 705 1433 occupatum.

109 1435 259 1480 confirm.
273 1433 484 1470 Immobilitas
497 1435 535 1468 ad
548 1437 708 1468 rationem
726 1433 789 1468 loci
806 1434 926 1467 idcirco
940 1435 1100 1481 pertinet,
1118 1443 1165 1467 ιη’
1176 1445 1322 1470 motuum
1342 1449 1445 1483 quan-

70 1485 180 1520 titates
200 1511 210 1525 ‚
227 1495 331 1518 retum
347 1482 509 1516 distantias
522 1511 530 1525 ,
546 1487 578 1519 &
594 1482 670 1516 alias
689 1512 698 1525 ‚
721 1495 792 1529 qua:
808 1482 826 1517 Ξι
841 1482 913 1517 loco
928 1482 1073 1529 pendent
1084 1509 1093 1524 ,
1111 1480 1301 1517 affecstiones
1320 1485 1446 1533 perspe-

70 1534 136 1569 &as
156 1531 354 1574 habeamus,
366 1543 505 1579 quaeque
524 1531 615 1565 nullo
630 1532 731 1565 modo
743 1532 763 1566 ἐι
784 1530 876 1565 nobis
894 1542 949 1564 aut
968 1528 1138 1578 cognosci,
1157 1542 1211 1565 aut
1230 1531 1377 1576 definiri,
1389 1543 1461 1568 aut*

69 1582 276 1616 determinari
296 1578 422 1628 poffiint
435 1608 444 1622 ,
456 1578 511 1613 nisi
530 1578 610 1614 fixos
627 1585 660 1617 δε
678 1579 863 1614 immobiles
877 1580 1032 1615 >terminos
1053 1579 1278 1626 ptaestituamus
1292 1610 1300 1621 ,
1319 1583 1351 1616 in
1369 1585 1442 1628 qui-

69 1629 129 1674 bus
140 1641 188 1663 tes
205 1628 277 1677 ipsae
292 1629 466 1662 constitutae
482 1630 713 1676 concipiantur.
736 1630 837 1675 Atqui
852 1640 906 1662 eos
933 1629 1084 1662 terminos
1099 1629 1309 1675 imaginamur
1328 1632 1360 1664 in
1372 1630 1444 1678 spa-

70 1680 118 1713 tio
135 1679 220 1724 quod
231 1677 486 1724 unumquodque
503 1689 616 1725 corpus
628 1688 781 1725 occupat,
800 1678 876 1711 dum
899 1671 947 1710 fes
966 1675 1044 1723 ipsas
1063 1675 1103 1709 ad
1122 1687 1242 1710 certam
1268 1678 1445 1713 mensuram

71 1739 163 1763 mens
183 1727 291 1774 exigita
308 1728 350 1760 Ea
368 1726 486 1773 quippe
503 1724 568 1760 sola
584 1725 642 1761 hos
662 1728 816 1760 terminos
836 1724 967 1774 praefigit
978 1729 1030 1768 ,&
1043 1722 1233 1759 abstraaam
1250 1726 1339 1761 velut
1355 1738 1446 1762 men-

72 1775 173 1810 suram
186 1775 325 1822 applicat
343 1785 448 1820 :ergo
472 1773 551 1808 nihil
564 1772 688 1809 neceffe
708 1774 749 1808 est
759 1774 910 1821 quiddam
928 1777 962 1809 in
987 1771 1082 1807 rebus
1097 1772 1166 1820 ipsis
1187 1773 1356 1809 immobile
1371 1804 1380 1818 ‚
1392 1786 1460 1810 aut.

73 1823 217 1859 fixum&
230 1820 393 1871 pliyficuni
408 1821 660 1870 praesupponere.
671 1822 730 1857 Illa
742 1821 952 1857 immobilitas
974 1833 1031 1870 pet
1043 1821 1178 1869 spatium
1198 1824 1423 1871 imaginarium
1436 1851 1460 1865 ,‚

73 1885 139 1908 non
154 1870 174 1906 ἐι
184 1871 282 1919 vulgo
299 1882 424 1905 tantum
438 1898 447 1912 ‚
461 1870 512 1904 sed
531 1872 629 1905 etiam
646 1869 687 1905 ab
703 1869 771 1918 ipsis
786 1870 987 1919 Philosophis
1000 1871 1054 1917 qui
1075 1873 1269 1905 contrarium
1284 1870 1420 1907 sent-{unt
1435 1903 1459 1917 ‚.

73 1921 212 1956 omnino
230 1921 408 1966 concipitur
427 1934 436 1961 3
458 1931 517 1953 nec
540 1917 660 1954 necess'e
680 1919 724 1953 est
744 1919 783 1952 ad
803 1918 895 1966 polos
910 1919 1022 1953 mundi
1035 1947 1044 1961 ‚
1060 1929 1116 1952 aut
1135 1919 1173 1952 ad
1201 1919 1311 1953 caelum
1329 1933 1444 1968 empy-

74 1981 162 2004 teum
176 1997 185 2011 ‚
201 1979 256 2003 aut
266 1969 306 2002 ad
317 1965 566 2002 immensitatem
581 1969 644 2002 Dei
664 1967 840 2016 confugere
853 1981 950 2002 :cum
969 1967 1009 2001 de
1030 1968 1067 2000 iis
1082 1966 1171 2001 nullo
1193 1968 1293 2002 modo
1321 1971 1443 2017 cogite-

75 2029 146 2055 mus
157 2046 167 2060 ,
184 2015 240 2052 ubi
256 2029 325 2052 rem
339 2016 412 2051 loco
426 2018 555 2052 moveri
570 2044 579 2059 ,
596 2026 652 2050 aut
667 2015 826 2064 quiescere
837 2015 1029 2059 ‚Vsaut'alteti
1050 2017 1231 2062 proximam
1253 2014 1314 2052 else
1332 2018 1454 2052 decer-⁷

77 2067 196 2101 nimus.

116 2112 264 2158 Confirm.
281 2113 398 2147 iterum
418 2124 458 2146 ex
475 2110 539 2146 loci
551 2116 583 2148 ὃ(
597 2113 750 2160 temporis
762 2114 1004 2161 comparatione
1015 2112 1147 2148 teadem
1160 2115 1246 2147 enim
1268 2113 1315 2146 est
1333 2115 1444 2148 utrius„

79 2173 142 2208 que
153 2164 234 2196 tatio
250 2189 260 2203 ‚
284 2166 316 2197 &
338 2173 507 2209 utrumque
529 2172 568 2194 ex
595 2159 752 2196 abstracto
771 2161 975 2208 concipiendi
997 2162 1097 2195 modo
1115 2161 1286 2208 plurimum
1314 2163 1443 2208 pendet.

78 2212 167 2247 Nam
178 2221 213 2244 ut
232 2221 357 2258 tempus
367 2239 376 2252 ,
388 2208 427 2244 fic
439 2210 546 2245 locum
555 2220 590 2243 nt
608 2209 687 2255 quid
704 2208 866 2244 infinitum
878 2236 887 2250 ,
909 2220 964 2242 aut
987 2208 1007 2243 fi
1019 2208 1110 2243 malis
1124 2238 1133 2251 ‚
1147 2221 1181 2243 ut
1193 2209 1272 2255 quid
1296 2210 1445 2246 indefini-

81 2269 149 2293 tum
160 2259 355 2304 concipimus
366 2275 376 2301 3
389 2269 485 2306 atque
494 2269 528 2292 ut
543 2268 590 2291 tes
603 2269 738 2304 quaeque
749 2258 791 2292 est
803 2256 920 2292 alicubi
934 2259 1059 2292 ratione
1069 2256 1132 2291 loci
1142 2286 1150 2300 ‚
1173 2257 1236 2291 hoc
1249 2257 1291 2291 est
1305 2287 1313 2300 ‚
1332 2260 1365 2292 in
1377 2272 1445 2293 cer-

82 2318 117 2341 to
136 2305 223 2354 spatii
237 2305 318 2339 illius
332 2306 419 2341 velut
427 2306 545 2342 infiniti
560 2305 736 2354 pun&o;sic
747 2306 929 2352 aliquando,
938 2305 969 2338 id
981 2305 1045 2348 est,
1060 2307 1090 2339 in
1101 2316 1188 2339 certa
1204 2308 1360 2353 temporis
1373 2321 1455 2355 pat-⁷

81 2366 114 2389 te
123 2353 271 2389 consistit.
282 2355 332 2388 Ut
340 2355 593 2401 unumquodque
608 2356 758 2402 temporis
771 2364 973 2389 momentum
985 2354 1070 2388 idem
1081 2353 1203 2400 ubique
1222 2354 1283 2389 est:
1298 2353 1337 2388 sic
1358 2357 1443 2391 idem

81 2401 145 2437 loci
158 2402 310 2484 punYCJum
321 2403 353 2435 in
367 2404 456 2438 omni
468 2404 621 2451 temporis
632 2402 818 2442 succeffione
835 2414 1012 2451 permanet.
1025 2404 1100 2439 Suas
1117 2401 1217 2473 habet
1235 2403 1451 2440 dimensiones·

205 2497 226 2501 ἢ
239 2463 295 2486 om.
322 2452 348 2485 I.
1193 2472 1198 2478 ·
1219 2463 1238 2497 ’ἶ
1249 2464 1271 2499 q
