1857 2745
329 143 388 179 570
777 122 1260 160 METAPHYSICAE

327 191 376 213 res
396 177 509 212 eadem
525 172 731 215 movebitur,
741 185 803 208 nec
819 173 998 208 multitudo
1013 173 1160 208 locorum
1175 173 1272 208 aliam
1291 172 1396 221 specie
1411 171 1593 208 distinctam
1608 172 1627 209 ἒι
1641 186 1721 209 con-

327 226 508 262 servatione
520 225 685 258 actionem
701 225 810 272 exiget
824 237 832 259 :
848 225 932 271 Ergo
948 235 1010 257 una
1031 227 1066 259 δε
1093 223 1208 257 eadem
1225 224 1353 257 actione
1374 234 1422 256 res
1437 220 1473 256 fit
1488 250 1497 264 ,
1516 226 1550 258 ὅ(
1571 224 1722 258 movetur

327 276 348 312 ἓι
363 278 448 311 Dec.
472 272 575 321 Qod
587 272 676 307 enim
687 283 738 305 tes
747 284 921 308 moveatur
932 300 942 316 ,
955 283 1071 320 praeter
1087 273 1251 307 actionem
1268 270 1367 320 ipsam
1386 282 1450 317 qua
1468 282 1591 305 creatur
1605 300 1614 314 ‚
1639 273 1723 307 lianc

326 324 538 372 negationem
550 333 676 356 tantum
687 321 805 355 addere
817 322 1046 369 videtur,quod
1061 320 1179 356 scilicet
1188 320 1305 356 nullibi
1317 320 1458 367 quiescat
1469 334 1476 355 :
1487 321 1571 354 unde
1581 332 1651 356 non
1663 332 1723 355 nev-
1759 333 1764 338 ·

328 371 456 408 cessaria
472 372 615 407 estaffio
631 369 758 419 physica
777 370 923 406 distincta
939 371 959 406 ἐι
974 373 1219 417 creatione‚qua
1231 383 1279 404 res
1291 369 1400 417 aliqua
1421 370 1440 405 ii
1452 372 1524 404 Deo
1540 382 1730 405 moveatur..

367 425 454 470 Qae
474 420 495 456 si
506 420 592 456 bene
611 420 825 468 intelligimus
842 431 893 463 ,ut
909 418 980 455 satis
992 419 1158 469 perspicua
1177 418 1239 454 else
1251 418 1445 454 arbitramur
1460 447 1469 462 ‚
1486 432 1554 454 non
1564 420 1626 453 etit
1637 417 1723 453 diffi-

329 471 391 506 cile
404 473 515 506 animo
531 469 684 516 consequi
698 497 708 513 ,
721 470 891 516 quomodo
908 473 996 505 Deus
1011 482 1084 504 cum
1097 467 1186 503 causa
1203 468 1340 505 naturali
1354 468 1621 503 commarcam
1636 471 1723 503 enim

330 525 421 558 Deus
434 523 501 569 agit
514 517 680 554 liberrime
690 547 700 562 ‚
713 531 780 554 non
792 519 892 553 modo
907 521 1036 568 operari
1048 518 1151 566 potest
1162 530 1233 552 cum
1255 517 1348 560 vult,
1362 517 1412 551 sed
1430 518 1530 552 etiam
1556 529 1630 551 cum
1653 517 1729 551 alim

330 567 426 605 causae
435 571 637 619 exigunt,ex
650 570 744 603 certis
767 580 886 616 nempe
905 567 1029 617 legibus
1049 567 1091 602 ab
1109 565 1176 615 ipso
1200 578 1235 602 ut
1251 566 1292 601 ab
1308 566 1445 601 authore
1463 578 1585 602 naturae
1608 566 1727 601 consti-

331 621 420 655 tutis,
442 621 532 654 Tum
546 620 641 667 igitur
652 620 743 652 Deus
763 630 831 655 rem
842 616 1047 653 conservabit
1059 620 1091 652 in
1110 616 1167 651 tali
1178 616 1294 654 loco&
1309 628 1457 664 tempore
1466 621 1556 663 juxta
1568 615 1663 650 causae
1679 615 1727 650 so-

330 668 443 704 cundae
462 668 677 715 indigentiam
690 695 700 710 ,
713 667 811 715 idque
825 670 887 702 erit
895 679 1081 702 concurrere
1096 678 1169 701 cum
1182 678 1336 702 creatura.
1362 667 1459 701 Actio
1482 664 1537 700 illa
1553 676 1617 711 qua
1636 667 1727 699 Deus

331 728 419 752 creat
429 723 462 754 ὅ(
474 716 652 753 conservat.
667 728 848 752 creaturam
863 745 870 759 ,
881 716 1064 752 universalis
1078 715 1141 755 est,
1157 717 1262 750 motio
1282 716 1397 764 praevia
1411 720 1445 751 &
1463 714 1730 757 indeterminata,

334 778 369 802 ut
379 771 446 813 jani
460 766 620 801 diximus:
636 765 725 802 illam
740 778 820 802 vero
837 766 1036 802 determinat
1055 766 1224 814 exigentia
1243 775 1393 799 creaturae
1415 792 1428 807 ,.
1447 776 1519 812 quae
1538 775 1594 812 per
1610 762 1640 797 se
1667 774 1736 812 nes:⁶

333 814 496 851 subsistere
512 815 636 864 potest,
651 827 712 851 nec
737 827 844 864 agere.
864 816 966 861 Qod
983 827 1094 851 autem
1114 816 1205 849 Deus
1217 825 1256 848 ex
1281 812 1490 861 beneplacito
1512 813 1577 855 suo,
1597 816 1630 849 δέ
1643 810 1736 859 quali-

332 877 391 914 per
408 864 438 899 se
455 865 624 909 solum‚aut
640 876 679 899 ex
691 863 783 913 ipsius
793 876 943 900 creatutae
953 866 1149 914 indigentia,
1163 862 1213 898 h‘ic
1228 862 1283 898 vel
1300 861 1399 906 alibi,
1410 864 1443 898 in
1456 875 1522 898 uno
1542 863 1644 913 autin
1661 859 1735 909 plu·

331 913 422 950 ribus
435 914 512 950 locis
532 927 600 949 rem
610 912 798 958 conservet,
818 914 880 949 hoc
893 943 902 958 ‚
918 916 1069 960 inquam,
1088 912 1166 949 nihil
1185 912 1304 946 addere
1324 911 1452 946 videtur
1477 910 1534 960 ipsi
1554 911 1725 945 conserva-

334 965 415 1000 tioni
435 962 492 999 nisi
508 963 705 998 relationem
725 963 911 1010 quamdam.
934 964 983 998 Est
996 965 1082 998 enim
1101 962 1188 996 idem
1208 963 1297 996 Deus
1317 963 1375 1008 qui
1392 963 1477 1009 agit,
1493 960 1609 995 eadem
1625 958 1668 993 est
1681 970 1738 993 res-

334 1024 442 1048 cteata
453 1043 462 1057 ‚
481 1013 596 1048 eadem
609 1010 782 1049 suntloea:
802 1012 886 1048 nihil
907 1024 986 1061 ergo
998 1014 1078 1048 novi
1093 1010 1154 1046 effe
1167 1010 1290 1059 potest,
1305 1009 1362 1045 nisi
1379 1009 1560 1045 formalitas
1582 1008 1739 1056 quaedam·

335 1061 564 1111 metaphysica,
576 1072 631 1096 aut
648 1062 764 1097 relatio
775 1074 867 1110 ,quae
883 1074 922 1097 ex
941 1062 1122 1111 indigentia
1139 1071 1292 1096 creatura:
1306 1061 1483 1108 repetitur,
1499 1069 1636 1107 quaeque
1655 1060 1733 1094 Deo

336 1111 379 1145 est
394 1111 485 1146 velut
501 1111 619 1158 agendi
633 1111 764 1146 occasi0·

395 1160 472 1205 Qa
486 1160 621 1206 quidem
636 1161 763 1195 ratione
779 1159 950 1196 Durandus
959 1161 991 1194 in
1003 1161 1142 1207 gratiam
1153 1158 1251 1200 facile
1266 1158 1372 1193 redire
1392 1156 1496 1207 posset
1510 1169 1584 1192 cum
1603 1156 1734 1204 reliquis

339 1207 540 1256 Pliiloi‘ophis
552 1213 585 1244 &
602 1208 795 1256 Theologis.
818 1209 905 1242 Cum
922 1210 1009 1242 enirn
1028 1219 1126 1255 negat
1143 1221 1224 1255 opus
1249 1209 1309 1242 esse
1329 1208 1524 1247 immediato
1543 1211 1577 1243 ὅ(
1596 1205 1734 1255 positivo

337 1260 403 1292 Dei
422 1256 576 1291 concursu
598 1285 606 1300 ‚
631 1270 698 1292 non
711 1257 797 1291 aliud
808 1285 818 1300 ,
834 1268 870 1298 ut
883 1267 962 1304 puto
975 1285 985 1300 ‚
1002 1255 1173 1304 intelligit,
1191 1268 1290 1303 quam
1306 1259 1371 1292 Dei
1385 1255 1572 1292 concursum
1592 1269 1661 1291 non
1672 1254 1734 1291 effe

337 1307 501 1340 actionem
522 1305 563 1340 ab
584 1305 647 1354 ipsa
658 1307 885 1347 creatione,&
898 1307 965 1354 jugi
978 1307 1023 1338 rei
1041 1305 1288 1340 conservatione
1304 1305 1495 1340 distinctam·
1524 1306 1621 1340 Aetio
1641 1306 1736 1353 quip-

338 1366 379 1402 pe
394 1354 489 1388 causae
504 1353 643 1389 secundae
660 1365 820 1401 quatenus
832 1353 964 1401 seipsam
982 1364 1167 1395 movet,aut
1180 1353 1311 1401 seipsam
1324 1355 1490 1389 movendo
1501 1365 1570 1388 rem
1579 1352 1676 1388 aliam
1690 1353 1734 1390 10⁴.

339 1403 485 1450 repellit,
500 1405 738 1450 astio,inquam
750 1431 759 1445 ,
777 1402 832 1436 illa
848 1414 916 1437 non
926 1401 1017 1436 aliud
1031 1402 1078 1436 est
1091 1414 1190 1449 quam
1202 1404 1376 1451 exigentia,
1391 1400 1442 1436 seu
1457 1401 1539 1437 nisus
1557 1400 1647 1450 ipfius
1661 1414 1736 1437 cau·-

342 1452 378 1486 sae
390 1451 704 1500 secniidae,quatenus
718 1454 782 1487 Dei
793 1452 956 1487 actionem
965 1449 1023 1486 sibi
1032 1452 1230 1500 adjunctam,
1241 1457 1274 1489 &
1289 1451 1380 1487 velut
1388 1449 1445 1486 sibi
1456 1451 1737 1487 accommodatam

343 1500 466 1537 habere
492 1502 642 1550 postulat.

374 1553 423 1585 Ex
437 1552 474 1584 iis
491 1550 595 1586 multa
613 1550 826 1599 colliguntur,
843 1563 916 1598 quae
937 1549 1004 1584 fuse
1028 1552 1214 1598 Magnanus
1231 1577 1242 1593 ,
1262 1562 1321 1585 nos
1340 1550 1474 1586 strietirn
1501 1561 1733 1596 percurremus,

342 1603 454 1635 Primo
467 1628 476 1642 ,
500 1600 588 1635 idem
598 1600 639 1634 de
651 1602 744 1635 omni
756 1601 888 1635 actione
901 1600 963 1634 dici
977 1598 1064 1648 polse
1077 1600 1165 1647 quod
1177 1601 1217 1634 de
1229 1611 1321 1634 motu
1337 1600 1487 1635 diximus.
1503 1599 1603 1633 Actio
1617 1601 1738 1648 quippe

341 1650 447 1683 omnis
467 1651 531 1683 Dei
546 1661 609 1696 qua
626 1647 664 1684 fit
681 1649 745 1684 tale
765 1662 821 1684 ens
835 1678 844 1692 ,
862 1648 914 1685 seu
933 1651 970 1685 in
986 1648 1043 1684 tali
1060 1649 1138 1684 statu
1154 1678 1163 1692 ,
1178 1648 1196 1683 s
1214 1651 1281 1683 ecie
1295 1678 1305 1692 ,
1321 1648 1428 1684 fornia
1445 1657 1501 1682 aut
1519 1647 1618 1682 modo
1632 1677 1642 1692 ‚
1670 1661 1738 1684 non

341 1698 387 1732 est
411 1696 498 1732 forte
517 1695 646 1747 physice
666 1697 792 1734 diversa
811 1697 853 1733 ab
883 1711 921 1733 ea
943 1700 1073 1734 afflone
1089 1711 1155 1746 qua
1202 1709 1215 1733 t
1233 1710 1288 1733 ens
1313 1697 1514 1748 simpliciter,
1530 1704 1589 1732 aut'
1601 1709 1738 1734 creatur.

341 1748 430 1783 Nam
445 1759 480 1781 ut
495 1760 544 1782 res
555 1761 620 1782 non
631 1748 738 1797 potest
760 1750 860 1782 creari
874 1777 884 1792 ‚
896 1759 950 1782 aut
967 1747 1147 1783 conservari
1165 1746 1220 1782 nifi
1232 1749 1263 1782 in
1282 1747 1392 1794 aliquo
1411 1747 1503 1789 loco3
1520 1748 1567 1781 ita
1581 1758 1641 1781 nec
1659 1759 1738 1782 con-

342 1797 520 1844 cipipotest
536 1794 592 1831 nisi
612 1798 646 1832 in
661 1796 770 1844 aliqua
783 1796 907 1845 specie,
921 1808 977 1831 aut
988 1808 1078 1831 certo
1091 1797 1174 1831 statu
1187 1826 1196 1840 ,
1214 1808 1270 1831 aut
1287 1798 1387 1831 modo
1399 1814 1408 1840 3
1421 1808 1562 1843 cumque
1576 1798 1666 1831 Deus
1703 1807 1738 1830 er

342 1845 374 1879 se
389 1844 490 1881 solum
501 1845 623 1893 aliquid
642 1845 752 1890 efficit,
763 1857 798 1881 ut
817 1845 884 1880 tale
897 1857 966 1892 enS,
982 1857 1052 1881 turn
1067 1847 1183 1881 eadem
1197 1845 1240 1881 est
1254 1844 1384 1895 physice
1394 1847 1500 1889 affio,
1516 1845 1622 1893 quaid
1635 1857 1653 1879 e
1693 1847 1738 1880 cit

343 1906 379 1930 ut
395 1896 438 1930 est
448 1907 502 1930 ens
515 1894 708 1943 (impliciter.

382 1959 407 1981 2.
428 1947 516 1980 Hinc
531 1945 694 1994 colligitur
708 1946 859 1981 eamdem
880 1943 942 1981 effe
958 1945 1126 1981 aCtionem
1143 1958 1205 1994 qua
1222 1949 1314 1982 Deus
1332 1957 1371 1980 ex
1393 1945 1570 1993 indigentia
1585 1954 1739 1981 creaturae

343 1996 410 2042 agit
424 2024 432 2037 ‚
444 2007 579 2041 quaeque
593 1994 759 2031 concursus
771 1994 962 2044 appellatur,
979 2007 1054 2030 cum
1067 1996 1198 2031 actione
1211 2008 1273 2043 qua
1290 1998 1450 2043 Deus-per
1466 1992 1497 2028 se
1512 1992 1663 2037 solum,&
1677 2007 1739 2030 nu-

345 2055 377 2077 tu
389 2041 444 2077 suo
456 2055 576 2089 ageret.
597 2046 643 2079 Ac
666 2045 803 2092 proinde
813 2055 957 2078 creatura
972 2045 1038 2079 Dei
1050 2044 1238 2079 concursum
1259 2047 1360 2094 exigit
1372 2073 1381 2087 ‚
1392 2055 1459 2078 non
1472 2052 1506 2076 ut
1530 2040 1587 2077 fiat
1602 2042 1738 2092 aliquod

343 2104 399 2126 ens
421 2091 567 2127 absolute
579 2122 586 2135 ‚
601 2092 652 2127 sed
669 2104 704 2126 ut
718 2092 775 2128 fiat
787 2092 851 2127 tale
864 2105 922 2128 ens
935 2120 945 2135 ‚
963 2092 1015 2127 seu
1024 2094 1058 2127 in
1068 2092 1125 2127 tali
1145 2093 1238 2137 loco,
1260 2105 1315 2129 aut
1336 2093 1415 2127 statu
1427 2120 1436 2135 ,
1460 2102 1516 2125 aut
1541 2092 1665 2136 modo;
1682 2103 1738 2127 aut

346 2140 409 2174 tale
427 2140 640 2190 compositum
659 2155 701 2177 ex
719 2153 795 2177 ente
808 2170 818 2186 ,
839 2147 872 2178 &
894 2140 1001 2176 fornia
1013 2141 1140 2189 aliqua:
1169 2144 1251 2178 adeo
1269 2154 1305 2177 ut
1322 2138 1486 2176 concursus
1500 2139 1634 2189 simplici
1649 2153 1740 2175 crea-

346 2192 428 2225 tioni
444 2190 542 2225 addat
551 2192 781 2227 tantummodo
790 2203 911 2226 novam
923 2190 1215 2235 modificationem,
1230 2204 1284 2227 aut
1295 2191 1572 2226 connotationem-
1597 2190 1662 2224 Sed
1681 2202 1739 2224 ea-

346 2239 420 2273 dem
431 2243 566 2275 omnino
579 2242 622 2276 est
631 2240 758 2289 physice
769 2243 856 2276 aetio
874 2253 938 2288 qua
954 2243 1043 2276 Deus
1061 2244 1225 2276 concurrit
1235 2241 1275 2275 ad
1295 2239 1415 2288 aliquid
1433 2237 1621 2274 faciendum
1634 2268 1644 2283 ,
1661 2251 1736 2275 cum

347 2298 384 2320 ea
401 2301 463 2335 quii
488 2288 570 2324 solus
591 2295 681 2326 Deus
694 2291 782 2325 idern
794 2289 957 2327 effecisset.

380 2350 399 2379 3.
418 2338 492 2382 jam
504 2338 593 2386 supra
604 2340 798 2374 ostendimus
811 2342 975 2375 affionem
984 2351 1134 2374 creaturae
1155 2351 1221 2374 non
1236 2337 1297 2374 effe
1308 2337 1484 2386 quamdam
1498 2339 1671 2373 entitatem
1690 2335 1735 2371 ab

347 2383 414 2431 ipso
426 2385 483 2421 effi
491 2389 733 2426 &iidistinstam
744 2418 754 2435 ,
766 2388 819 2426 sed
835 2388 896 2430 else
908 2387 1041 2426 effeetus
1057 2389 1309 2438 dependentiam
1323 2389 1343 2424 a
1364 2386 1463 2425 causa.
1485 2385 1639 2437 Qlibet
1657 2398 1738 2432 vero
