1857 2745
537 146 1059 183 PHILOSOPHIAE.
1469 164 1481 193 3

107 198 182 234 clem
195 196 266 234 sunt
280 197 432 245 Sceptici,
446 199 480 233 &
493 194 652 232 Platonici
666 196 771 243 :quod
791 195 884 230 Plato
895 223 906 238 ‚
924 206 981 230 aut
997 197 1103 244 potius
1114 196 1260 230 Socrates
1268 199 1386 234 author
1400 164 1485 234 illst‘is

109 249 198 284 seclae
215 246 322 282 fuerit.
363 245 542 295 Pyrrhonei
564 246 672 295 postea
688 247 766 280 diCti
779 244 850 280 sunt
865 244 885 280 ἐι
906 244 1095 293 Pyrrhone,
1116 246 1174 294 qui
1189 245 1270 282 hanc
1293 246 1486 284 sententiam

107 298 263 332 acerrime
282 296 512 344 propugnavit.
954 342 957 343 ⁷

144 346 329 382 Academici
345 356 467 380 nomen
491 342 579 379 suum
597 343 754 378 duxerunt
768 342 787 378 a
807 341 972 391 gymnasio
993 372 1002 387 ‚
1023 343 1109 391 quod
1127 344 1266 379 Athenis
1284 356 1352 382 erat
1375 350 1493 396 proxi.-

109 407 199 430 mum
214 408 222 429 :
239 407 314 429 nam
329 393 419 428 mille
433 404 485 427 aut
498 394 625 427 circiter
638 389 738 441 pallus
768 393 904 427 Athenis
930 391 1065 427 distabat
1085 394 1104 429 a
1129 394 1268 440 quodam
1292 397 1486 431 Academico

108 444 231 479 datum.
245 446 293 479 Hi
311 443 444 490 quidem
462 442 625 490 negabant
645 455 756 476 verum
768 442 787 477 a
808 440 887 476 falso
904 440 967 476 ulla
988 441 1097 490 insigni
1122 454 1197 476 nota
1211 443 1346 478 discerni
1378 444 1464 493 posse
1478 475 1487 489 ,

107 490 259 528 alsensum
277 504 409 527 omnem
425 490 624 527 cohibebant
641 521 650 535 ,
665 491 744 526 nihil
757 488 926 538 cognosci,
938 490 1018 526 nihil
1035 494 1168 539 percipi,
1181 492 1260 526 nihil
1273 492 1341 526 sciri
1359 506 1488 542 perten-

108 540 234 576 debant
245 570 254 585 ,
274 540 355 577 nihil
372 542 455 576 adeo
470 553 624 589 oportere
635 570 644 584 ‚
660 552 713 575 aut
730 540 894 588 profiteri,
918 551 975 574 aut
991 538 1149 575 affirmare
1170 553 1387 588 quemquam:
1405 544 1489 577 unde

109 590 323 639 Aeataleptici
342 589 544 626 vocabantur
560 620 570 634 ‚
587 590 673 638 quod
693 589 773 625 nihil
787 588 1019 637 comprehendi
1035 588 1120 637 posse
1134 591 1379 628 contenderent.
1395 594 1491 626 Hanc

109 637 228 674 sectam
250 641 468 675 recentiorum
481 641 750 675 Academicorum
761 638 945 674 Carneades
957 640 1072 674 Romae
1087 652 1202 688 magna
1217 653 1289 674 cum
1304 639 1493 688 eloquentia

109 687 266 736 profeffus
285 689 346 725 est..
1125 698 1130 703 '

136 739 278 785 Sceptici
293 737 345 772 vel
357 739 607 776 considzratores
617 739 649 773 in
663 749 799 783 utraque
811 739 1100 774 contradicentium
1115 749 1205 786 parte
1220 740 1306 786 paria
1321 737 1380 774 effe
1392 739 1492 772 ratio-

110 798 189 822 num
208 798 378 822 momenta
396 815 402 826 ‚
422 794 456 825 &
470 798 619 823 neutram
649 782 710 819 effe
731 784 832 819 altera
849 789 1009 822 veriorem
1027 800 1100 821 cum
1124 787 1350 839 Acat.1lepticis
1377 786 1493 821 sentie-

111 833 192 869 bant
209 852 218 878 ;
246 834 512 883 perseverandum
531 846 641 870 tamen
658 836 690 868 in
708 835 854 869 veritatis
878 835 1103 883 inquisitione,
1125 849 1185 871 nec
1207 836 1439 885 delperandum
1453 836 1493 871 de

111 885 250 919 veritate
266 886 462 921 invenienda
478 883 656 932 putabant:
676 883 759 918 unde
771 888 803 920 &
821 884 998 931 quaesitores
1010 886 1089 921 dicu
1104 885 1183 922 sunt.

147 935 336 981 Dogmatici
353 933 452 969 multa
466 934 497 969 se
517 935 627 968 animo
644 932 922 980 comprehendere
937 962 946 972 ,
966 937 1033 969 imo
1050 934 1154 982 plures
1175 947 1213 968 ex
1231 936 1267 968 iis
1284 936 1494 982 penebmnia

113 981 173 1018 {ise
190 984 311 1030 percipi
322 980 380 1017 sibi
396 981 628 1030 persuadebant
642 1010 651 1024 ‚
669 992 729 1016 nec
743 981 921 1028 quidquam
946 985 1046 1032 magis
1065 982 1244 1027 timebant,
1260 996 1360 1031 quam
1387 995 1429 1018 ne
1452 983 1494 1017 de

113 1030 221 1078 aliqua
236 1042 269 1064 re
281 1031 429 1065 dubitare
443 1032 629 1065 viderentur
641 1028 705 1063 :fic

278 1079 369 1112 Dum
385 1078 477 1124 stulti
494 1081 604 1112 vitant
624 1080 731 1113 vitia.
760 1079 793 1111 in
810 1080 972 1113 contraria
986 1091 1129 1115 currunt.

139 1128 329 1176 Dogmatici
342 1129 382 1163 'in
400 1129 503 1161 varias
515 1127 613 1162 sectas
630 1124 738 1160 abiere
761 1139 769 1160 ε
788 1138 863 1161 nam
883 1133 915 1164 δ(
933 1130 1160 1176 Peripatetici,
1179 1141 1317 1176 quorum
1342 1130 1494 1177 Princeps

114 1175 313 1220 Aristoteles,
330 1174 371 1211 fic
385 1177 465 1213 dicti
479 1176 586 1224 ,quod
599 1178 682 1211 inter
693 1174 969 1212 deambulandum
993 1177 1292 1227 philosopharentur
1307 1196 1314 1221 3
1335 1183 1368 1214 &
1392 1179 1497 1212 Stoici

115 1226 314 1269 extiterunt,
329 1238 466 1273 quorum
487 1225 604 1260 author
621 1228 731 1261 Zeno:
748 1224 831 1259 illius
847 1223 936 1261 sectae
955 1218 1087 1276 migstis
1104 1228 1230 1263 DOCtor
1256 1228 1318 1262 fuit
1343 1226 1496 1274 Chrysip-

115 1285 174 1322 pus
191 1288 198 1309 :
213 1274 248 1310 hi
265 1275 298 1310 in
316 1279 440 1323 porticu
458 1276 574 1311 stantes
592 1273 796 1323 disputabant
811 1291 818 1314 ς
832 1287 869 1309 ac
882 1276 1012 1311 demum
1033 1278 1194 1325 Epicurei,
1214 1281 1246 1314 ἃ
1262 1277 1330 1312 aliae
1347 1274 1496 1311 Philoso-

117 1322 258 1370 phorum
274 1323 404 1360 familia?
418 1326 436 1362 ὲ
453 1324 600 1360 Platonis
615 1323 732 1360 Schola
746 1323 815 1358 sunt
827 1324 1057 1373 proseminatae.

646 1401 758 1435 Prima
783 1400 944 1446 conclufiae).

118 1471 339 1558 MUltait
358 1471 458 1508 nobis
467 1476 704 1521 percipiuntur,
729 1473 827 1508 multa
846 1485 930 1508 certa
957 1473 1024 1508 ssint
1044 1479 1077 1510 &
1091 1474 1274 1523 explorata,
1294 1485 1354 1508 nec
1368 1474 1409 1509 de
1424 1488 1497 1510 om-

229 1520 323 1554 nibus
340 1522 487 1555 dubitare
498 1521 583 1565 licet,
602 1534 637 1554 ac
649 1523 783 1568 proinde
796 1523 900 1556 existit
920 1521 1137 1568 Philosophia.

159 1571 210 1604 Pr.
227 1568 397 1605 conclusio.
415 1576 455 1603 1⁰.
488 1569 593 1604 Multa
613 1568 683 1603 sunt
705 1581 742 1602 ac
761 1582 862 1616 prope
880 1569 1005 1604 infinita
1022 1598 1031 1612 ‚
1057 1570 1097 1603 de
1116 1569 1234 1617 quibus
1259 1568 1407 1603 dubitare
1430 1582 1497 1605 non

120 1615 282 1665 possumus
301 1630 308 1651 :
328 1617 501 1664 cujusmodi
522 1617 592 1653 sunt
609 1619 711 1665 prima
727 1619 885 1665 principia
900 1646 909 1660 ,
930 1631 999 1664 quae
1016 1622 1125 1666 negari
1144 1631 1210 1654 non
1230 1615 1370 1665 poffiint‚
1384 1629 1420 1652 ut
1444 1629 1497 1652 to-

122 1678 190 1700 tum
208 1663 268 1700 esse
281 1665 331 1700 sua
348 1678 438 1713 parte
458 1670 571 1713 majus:
587 1679 656 1713 quae
666 1665 736 1700 sunt
749 1667 862 1701 eadem
877 1669 930 1701 uni
947 1669 1045 1701 tertio
1056 1696 1066 1710 ,
1082 1666 1152 1702 sunt
1167 1667 1279 1702 eadem
1299 1669 1382 1701 inter
1404 1666 1433 1701 se
1447 1681 1454 1702 ε
1474 1666 1496 1701 si

121 1713 296 1762 :equalibus
326 1715 639 1762 :equaliaffadjeceris
661 1744 670 1754 ,
700 1726 769 1749 tota
790 1727 883 1750 eruut
911 1715 1044 1762 aequalia
1062 1721 1095 1753 δε
1123 1716 1186 1751 alia
1211 1727 1295 1763 pene
1318 1718 1497 1752 innumera.

120 1779 165 1801 20.
202 1764 283 1809 Qiae
301 1764 555 1799 demonstrantur
582 1767 614 1800 in
650 1767 838 1799 Geonietria
870 1771 903 1802 &
924 1765 1167 1801 Mathematicis
1197 1764 1389 1812 disciplinis,
1412 1777 1498 1811 quae-

120 1823 184 1861 que
199 1812 285 1848 nulla
297 1815 422 1848 ratione
432 1813 573 1849 convelli
594 1812 729 1861 possunt.
758 1828 799 1857 3:
811 1825 846 1849 ut
863 1814 994 1861 pulchre
1013 1816 1202 1863 Augustinus
1231 1825 1344 1848 contra
1373 1813 1500 1849 Acade..

123 1864 224 1899 micos
238 1861 535 1911 disputat-‚Multa
555 1863 650 1907 fitne.
686 1866 794 1910 inquit
807 1893 817 1907 ,
856 1877 919 1909 qux
939 1864 1131 1899 Academici
1149 1867 1180 1898 in
1194 1861 1323 1896 dubium
1350 1873 1501 1896 revocare

123 1925 185 1947 non
195 1922 368 1960 potuerunt
379 1939 388 1951 ,
404 1913 500 1959 quale
511 1910 551 1955 est
565 1912 669 1946 illua&
695 1915 764 1946 Scio
778 1926 825 1945 me
837 1916 951 1946 vivere
966 1941 974 1951 ,
989 1924 1046 1946 aut
1065 1915 1202 1963 cogitare
1219 1926 1228 1944 :
1243 1909 1296 1944 ubi
1308 1922 1362 1944 nec
1371 1910 1499 1957 dicipu-

123 1959 181 2004 test
195 1987 204 1999 ,
222 1961 349 2006 fortaffe
366 1961 484 1996 dormis
496 1989 504 1999 ,
526 1960 565 1996 (θ’
578 1961 673 2003 nescis
686 1989 697 2000 ,
723 1959 762 1996 (θ’
780 1963 938 2008 instimnis
959 1961 1051 1995 vides
1070 1978 1080 2005 3
1104 1963 1182 2010 quia
1201 1959 1240 1996 ὠ
1255 1958 1390 1994 dormire
1415 1958 1498 1994 &in

114 2010 231 2056 fhmnis
247 2010 361 2044 videre
380 2037 388 2048 ‚
415 2010 559 2045 viventis
576 2009 623 2053 est.

159 2060 248 2095 Hinc
259 2060 378 2094 merito
393 2060 476 2108 apud
493 2061 542 2095 M.
555 2059 699 2096 Tullium
717 2060 756 2095 L.
775 2059 924 2097 Lucullus
938 2058 1115 2103 concludit,
1131 2061 1214 2106 quod
1225 2059 1255 2105 fi
1272 2058 1352 2094 nihil
1365 2060 1502 2093 veritati

126 2109 318 2154 relinquitur
330 2137 337 2146 ,
353 2108 489 2153 fiomnis
505 2109 627 2157 affinfio
642 2108 682 2154 est
698 2107 871 2143 cohibenda
884 2137 892 2148 ,
915 2109 1046 2156 nefalsi'ae
1060 2120 1117 2144 aut
1132 2112 1292 2156 incognita
1309 2120 1356 2142 res
1383 2117 1501 2155 appro-

126 2155 238 2195 betur,
260 2161 356 2192 omnis
384 2170 509 2204 quoque
526 2158 605 2191 aelio
625 2160 697 2191 vim
710 2159 828 2201 ‚omm‘s
856 2161 1030 2193 animorum
1050 2170 1150 2192 motus
1165 2160 1301 2192 tollatur
1321 2158 1431 2203 neceffe
1450 2156 1499 2201 est.

126 2206 220 2253 qud
234 2206 359 2252 fienim
375 2219 496 2241 omnem
518 2208 745 2255 perceptionem
759 2205 978 2252 fitbtrareris,
1010 2205 1067 2253 qui
1089 2207 1258 2255 distingues
1288 2204 1443 2250 artificem
1460 2204 1502 2239 ab

128 2256 218 2301 inssio
232 2259 247 2287 ?
269 2255 358 2302 de
367 2258 448 2289 enim
458 2255 499 2299 es}
514 2258 601 2301 quod
613 2266 682 2290 arte
701 2255 779 2300 effici
798 2255 890 2303 poffit
901 2284 911 2299 ‚
939 2255 997 2301 nist
1011 2258 1036 2290 is
1050 2283 1059 2295 ,
1083 2258 1139 2303 qui
1155 2266 1255 2289 artcm
1274 2255 1405 2292 tradat,
1423 2255 1501 2287 mul-

129 2312 166 2336 ta
173 2306 345 2352 perceperit
358 2306 370 2335 ?
394 2304 455 2338 An
468 2305 550 2340 nihil
570 2305 740 2349 totsecttlir
754 2306 880 2343 fiammis
892 2307 1034 2354 ingeniis,
1050 2303 1322 2348 maximisstudiis
1339 2304 1502 2337 inventum

125 2361 277 2400 putamus
292 2355 305 2385 ?
324 2354 430 2387 Nemo
453 2355 533 2389 enim
547 2356 672 2387 invenit
691 2353 779 2398 falfa
794 2366 867 2395 ,nec
878 2366 915 2387 ea
927 2366 990 2399 que
1008 2355 1128 2387 incerta
1139 2362 1326 2401 permanent
1338 2379 1347 2390 ‚
1368 2353 1503 2385 inventa

129 2400 183 2448 effe
196 2401 324 2450 poffimt.
350 2402 534 2450 Qare,·ut
550 2403 637 2438 idem
646 2401 845 2452 prosequitur
857 2430 868 2447 ‚
898 2403 1087 2441 Academici
1106 2414 1224 2439 omnem
1244 2403 1387 2437 animum
1417 2399 1503 2435 nobis

1279 2451 1301 2484 F
1323 2450 1344 2495 ij
