1857 2745
670 178 697 211 L
716 178 751 212 O
772 177 803 210 G
830 177 843 210 1
864 176 894 212 C
914 178 961 212 ΛΕ.
1493 191 1526 216 ¹9

146 225 400 263 accommodata.
434 224 534 275 Qd
560 223 582 259 si
595 227 682 260 enim
701 226 836 261 doetore
854 237 981 268 careas,
1001 224 1180 273 usurpanda
1202 224 1337 262 tibierit
1354 226 1528 261 methodus

144 275 356 312 resolutionis.
384 275 427 309 At
443 273 464 309 fi
489 276 632 309 doctoris
656 276 753 309 utaris
772 287 871 323 opera
896 303 902 312 ,
921 274 1164 322 praeferendam
1188 274 1360 323 plurimum
1381 277 1443 309 erit
1456 288 1527 311 me-

146 325 262 360 rhodus
277 321 528 372 compositionis.
549 325 646 359 Sicut
659 327 840 360 inveniatur
862 324 1069 372 Genealogiae
1087 323 1215 370 alicujus
1232 323 1324 360 series
1339 353 1343 361 ,
1371 326 1528 372 incipien-

143 375 220 409 dum
232 376 293 408 erit
306 373 346 407 ab
361 385 418 415 eo,
437 378 523 421 cujus
539 372 731 423 genealogia
748 376 901 422 quaeritur
918 388 925 409 :
942 386 1056 410 verum
1065 384 1101 407 ut
1113 375 1246 409 inventa
1260 375 1454 423 explicetur,
1473 377 1527 409 via

144 425 282 458 omnino
300 420 446 470 opposita
458 423 502 457 est
519 423 668 458 ineunda.

184 475 264 508 Tres
284 471 352 506 sunt
368 474 534 520 praecipuae
553 472 702 507 methodi
720 471 807 521 leges
821 489 830 515 ·,
844 476 946 520 prima
961 501 970 515 ‚
990 483 1038 505 res
1060 474 1231 508 imitanda:
1247 476 1289 507 ita
1310 472 1526 522 disponantur,

143 533 178 556 ur
190 521 259 555 aliae
274 533 312 554 cx
327 520 398 555 aliis
407 523 484 556 oriri
498 522 684 565 videantur,
699 527 733 558 &
749 534 816 569 quae
827 520 1065 569 lequuiitur‚ab
1076 524 1114 556 iis
1126 535 1196 570 quae
1214 523 1411 571 paecedunt,
1422 523 1526 558 lucem

143 581 313 619 accipiant.
358 592 361 595 -

187 627 227 655 2³.
256 621 463 654 Omittantur
477 618 649 655 divisiones
668 632 774 654 rerum
784 619 1060 656 minutiffimarum
1074 649 1083 664 ‚
1093 633 1228 668 quarum
1241 618 1417 654 multitudo
1439 619 1525 654 fasti-

142 668 232 703 dium
246 671 347 716 parit,
365 667 513 703 discentis
529 671 696 718 ingenium
709 668 864 704 obtundit
877 697 882 706 ,
897 682 934 704 ac
950 672 1143 705 memoriam
1162 669 1285 720 prorsus
1304 668 1434 705 obruit:
1449 683 1526 705 nam

158 730 192 751 es
206 720 360 752 minutim
376 716 507 751 concisae
519 718 677 766 frangunt
689 720 815 765 ingenii
835 720 945 753 aciem.

195 773 235 810 3².
257 765 425 813 Fugiendae
438 764 506 801 sunt
521 767 623 814 longa:
634 765 840 815 digreffiones
858 766 878 802 ἐι
896 780 931 801 re
947 767 1107 817 proposita
1128 768 1257 813 ah'enae,
1272 767 1388 816 quibus
1408 771 1452 803 ita
1466 768 1526 803 ab-

142 814 268 850 ducitur
283 814 458 863 aliquando
478 818 601 852 animus
614 844 623 859 ‚
640 827 676 851 ut
692 827 800 850 errore
819 816 988 866 divagetur
999 847 1008 862 ‚
1023 831 1083 853 nec
1092 817 1213 854 habeat
1230 817 1367 868 amplius
1387 818 1466 865 quid
1482 817 1527 852 se-

141 875 266 911 quatur.

645 946 878 983 CAPUT
926 950 1005 983 IV.

647 1027 702 1059 De
718 1040 830 1076 argum
842 1031 1013 1065 entatione.

140 1105 477 1195 ARgumentatio
488 1108 532 1143 est
544 1110 666 1144 Oratio
682 1137 691 1151 ‚
703 1109 736 1142 in
751 1119 815 1154 qua
829 1120 928 1143 unum
943 1119 984 1142 ex
999 1107 1065 1142 alio
1076 1107 1219 1143 infertur.
1238 1110 1287 1144 Ut
1298 1111 1367 1144 avis
1384 1110 1530 1160 respirat:

240 1171 316 1208 ergo
332 1156 433 1193 habet
454 1157 635 1206 pulmones.
662 1158 828 1205 roirca
845 1160 879 1192 in
896 1159 987 1192 omni
1002 1160 1282 1206 argumentatione
1295 1159 1360 1193 duo
1379 1157 1446 1195 sunt
1464 1172 1526 1209 po;

141 1206 294 1243 tiffimum
308 1206 479 1256 spestanda
494 1236 504 1250 ,
522 1219 592 1255 pars
604 1207 758 1249 inferens,
769 1211 802 1243 δέ
817 1205 906 1241 illata
924 1207 1034 1254 3quod
1050 1207 1236 1255 colligitur,
1254 1207 1306 1241 seu
1316 1206 1525 1257 consequens,

140 1260 176 1292 &
191 1257 225 1290 id
244 1257 329 1291 unde
345 1256 528 1305 colligitur,
545 1254 598 1290 seu
615 1256 819 1291 antecedens.

132 1313 135 1317 ’
178 1306 430 1354 Argumentatio
444 1317 565 1340 nomen
579 1305 667 1340 suum
685 1306 774 1339 duxit
786 1304 828 1339 ab
848 1316 1042 1354 argumento
1054 1334 1063 1348 ‚
1073 1303 1124 1339 seu
1134 1334 1143 1348 ,
1160 1316 1195 1339 ut
1210 1303 1384 1352 loquuntur
1396 1335 1406 1350 ,
1423 1306 1443 1343 a
1455 1320 1524 1342 me..

139 1353 217 1397 dio,
234 1367 302 1401 quo
327 1353 448 1389 scilicet
462 1355 492 1388 id
512 1355 602 1401 quod
623 1353 759 1389 dubium
779 1366 847 1389 erat
865 1384 874 1398 ‚
891 1368 948 1404 per
963 1355 995 1389 id
1015 1354 1105 1401 quod
1125 1353 1260 1388 dubium
1278 1368 1343 1390 non
1358 1355 1403 1390 est
1418 1384 1428 1399 ‚
1443 1370 1522 1392 con-

139 1401 287 1438 firmatur
302 1434 312 1448 ‚
328 1409 362 1441 δε
383 1416 422 1439 ex
441 1404 612 1451 quaestione
624 1402 662 1438 fit
679 1402 846 1440 conclusio.
863 1405 951 1439 Cum
966 1407 1053 1439 enim
1067 1401 1294 1451 propositionis
1320 1416 1467 1440 extrema
1478 1409 1523 1441 ita

139 1453 224 1487 inter
242 1452 272 1487 se
290 1453 452 1488 cohaerent
463 1481 472 1495 ‚
488 1464 524 1487 ut
536 1464 648 1487 eorum
659 1465 758 1487 nexus
769 1456 873 1488 menti
887 1452 923 1488 lit
942 1465 1089 1502 apertus,
1102 1463 1177 1486 tunc
1190 1464 1257 1487 non
1268 1466 1348 1502 opus
1366 1455 1409 1488 est
1424 1467 1522 1504 argu-

138 1504 344 1537 mentatione
361 1531 370 1545 ‚
387 1514 424 1535 ac
441 1503 588 1549 cognitio
613 1500 697 1535 illius
711 1501 937 1548 propositionis
957 1503 997 1535 ad
1014 1500 1267 1549 intelligentiam
1290 1505 1522 1550 principiorum

139 1553 277 1585 omnino
300 1552 462 1598 pertinet:
482 1561 518 1583 ut
537 1551 570 1583 in
588 1549 642 1583 illa
654 1548 893 1596 propositione,
908 1562 1006 1584 omne
1027 1561 1134 1584 totum
1153 1553 1255 1595 majus
1277 1551 1320 1584 est
1341 1550 1392 1584 sua
1407 1563 1521 1598 parte,

139 1609 210 1643 quae
235 1601 267 1632 in
285 1599 493 1645 quaestionem
519 1599 631 1631 venire
648 1610 715 1632 non
738 1598 852 1644 potest.
879 1598 942 1632 Sed
958 1597 1016 1632 ubi
1036 1610 1102 1632 non
1122 1599 1166 1631 ita
1185 1596 1281 1643 plana
1299 1599 1341 1645 5.st
1360 1604 1394 1635 δε
1408 1612 1521 1648 aperta

138 1645 275 1694 subje&i
296 1659 370 1681 cum
381 1646 540 1680 attributo
555 1644 687 1679 societas
701 1673 711 1688 ,
731 1657 801 1680 turn
817 1658 853 1681 ea
864 1645 1060 1695 propositio,
1074 1657 1130 1680 aut
1146 1646 1273 1693 qriaestio
1286 1676 1295 1691 ‚
1312 1659 1368 1682 aut
1384 1648 1520 1696 proble-

137 1707 192 1729 ma
204 1695 268 1729 dici
279 1693 371 1730 solet.
393 1695 505 1740 Qare
523 1696 695 1728 terminum
716 1723 726 1737 ,
744 1706 805 1729 aut·
815 1698 923 1744 potius
950 1696 1056 1730 ideam
1073 1695 1235 1742 quandam
1252 1698 1442 1743 inquirimus
1455 1727 1465 1742 ,
1487 1701 1533 1734 in⁴

138 1755 204 1790 qua
221 1749 256 1781 δε
271 1743 495 1792 subjefit'um&
519 1741 715 1778 attributum
732 1747 951 1787 conveniant3
971 1756 1070 1792 atque
1091 1744 1145 1779 hic
1163 1747 1335 1790 terminus,
1355 1758 1410 1781 aut
1426 1759 1521 1796 argu-

137 1804 286 1828 mentum
297 1821 307 1836 ,
321 1804 377 1827 aut
389 1792 513 1827 medius
529 1795 683 1828 terminus
698 1797 896 1829 nominatur.

174 1844 295 1877 Omnis
313 1853 423 1876 autem
441 1847 680 1890 argumentatio
697 1841 882 1891 syllogismo
897 1849 931 1880 &
947 1843 1136 1880 inductione
1156 1845 1340 1879 continetur
1360 1843 1520 1893 :syllogis-

137 1903 206 1927 mus
224 1891 264 1925 ad
275 1891 616 1935 docendum,indu6ti0
625 1891 664 1925 ad
675 1893 904 1926 inveniendum
918 1892 962 1926 est
978 1891 1306 1941 aptior.Syllogifi1ius
1317 1891 1397 1927 vero
1407 1893 1519 1929 defini-

139 1951 188 1975 tur
200 1939 242 1974 ab
255 1939 426 1977 Aristotele
436 1969 445 1983 ‚
458 1943 558 1975 oratio
568 1969 578 1984 ,
590 1943 624 1974 in
633 1952 699 1987 qua
708 1938 1022 1989 quibusdanrpofiiis
1034 1969 1042 1979 ,
1068 1941 1161 1975 aliud
1179 1941 1345 1989 quidpiam
1362 1945 1521 1988 neceffim‘o

128 1990 324 2035 ftquitumeo
335 1989 420 2035 quod
428 1988 559 2034 haecsmt
567 2005 576 2023 :
590 1989 652 2024 hoc
663 1989 716 2032 est,
732 1987 931 2037 syllogismus
951 2001 989 2023 ex
1000 1989 1100 2026 tribus
1113 1990 1234 2025 constat
1248 1989 1517 2038 propositionibus

139 2040 185 2072 ita
194 2037 399 2086 dispositis,ut
408 2050 445 2072 ex
455 2036 578 2073 duabus
589 2040 714 2086 primiS‚
724 2050 796 2085 quae
813 2039 932 2073 idcirco
943 2037 1101 2086 praemissae
1113 2037 1430 2082 dicuntur,tertia‚seu
1440 2052 1519 2076 cori-

139 2085 235 2122 clufio
246 2085 418 2122 necess'atio
429 2086 640 2134 consequatur
653 2115 661 2130 ‚
670 2099 709 2121 ex
724 2100 763 2121 eo
774 2088 864 2135 qnod
874 2087 1106 2136 propositiones
1118 2090 1163 2124 ita
1176 2088 1297 2124 fuerint
1309 2086 1470 2136 dispositae.

166 2137 257 2171 Hinc
275 2137 349 2184 apte
363 2135 383 2170 ὲ
396 2136 559 2173 nonnullis
579 2135 732 2171 definitur
754 2136 953 2186 syllogismus
967 2167 976 2181 ‚
991 2139 1242 2184 Argumentatio
1257 2139 1291 2172 in
1305 2149 1367 2184 qua
1391 2150 1434 2172 ex
1457 2152 1518 2174 una

138 2183 360 2233 propositione
374 2197 431 2233 per
447 2185 544 2220 aliam
556 2185 810 2234 propositionem
827 2189 923 2222 tertia
935 2178 1116 2237 colligitur,
1136 2200 1206 2235 quae
1216 2185 1373 2221 conclusio
1394 2187 1457 2222 dici
1470 2187 1519 2223 so-

140 2232 206 2269 let:
217 2247 291 2269 nam
307 2234 471 2283 perfecitus
482 2237 507 2269 is
522 2236 565 2270 est
576 2234 786 2284 syllogismuS,
798 2237 866 2271 imo
877 2239 1158 2285 &argumentatio
1170 2266 1179 2280 ‚
1197 2248 1269 2270 cum
1291 2247 1354 2271 una
1371 2235 1517 2285 propoli-

143 2284 190 2316 tio
206 2283 367 2332 colligitur
375 2296 415 2318 ex
425 2282 505 2328 alia,
520 2287 553 2320 in
561 2297 626 2333 qua
643 2286 804 2320 contineri
817 2285 913 2321 nobis
928 2285 964 2321 fit
978 2287 1192 2322 manifestum.
1212 2283 1391 2332 Propofitio
1408 2287 1440 2320 in
1451 2298 1515 2333 qua

141 2330 300 2367 conclusio
309 2335 494 2368 continetur
507 2363 516 2378 ‚
531 2345 568 2370 ut
580 2334 752 2382 plurimum
766 2334 808 2368 est
832 2335 987 2385 generalis
1002 2353 1011 2380 ;
1031 2349 1088 2384 per
1108 2335 1206 2370 aliam
1228 2345 1307 2369 vero
1323 2332 1516 2382 propositio.

141 2392 218 2414 nem
229 2391 382 2428 tanquam
402 2394 457 2430 per
473 2383 633 2431 utriusque
652 2396 823 2418 commune
838 2385 1018 2430 vinculum,
1037 2385 1069 2420 id
1081 2382 1176 2420 nobis
1191 2382 1228 2420 fit
1246 2394 1395 2432 apertum
1405 2382 1515 2419 conse-

142 2440 243 2475 quens
254 2432 286 2466 in
302 2429 521 2479 propositione
531 2432 675 2482 generali
687 2435 857 2471 contineri.

1274 2481 1304 2516 C
1329 2483 1350 2528 ij
