1857 2745
423 156 491 190 DE
528 152 775 190 NATURA
823 151 850 185 L
876 150 911 186 O
938 151 970 188 G
995 152 1009 187 1
1034 150 1065 187 C
1089 154 1138 189 AE.

91 203 216 252 jeiStum
233 216 244 246 ·,
259 213 291 240 20
304 203 394 252 quod
402 203 487 240 illius
495 201 533 237 fit
541 213 639 252 genus
656 231 666 247 ,
687 215 755 251 quae
768 211 902 244 natura;
917 209 946 246 30
959 214 1031 250 quae
1047 200 1132 237 illius
1147 199 1313 240 neceffitas
1324 231 1334 248 ,
1358 208 1400 251 40
1411 167 1487 253 qujaet

90 250 178 289 illius
193 262 310 300 partes,

40 304 46 306 “
121 303 124 305 ’
566 301 656 350 QU
674 304 713 335 ΑΞ
731 303 751 335 S
767 302 797 336 T
813 302 828 335 1
845 302 880 336 O
939 303 953 335 1
968 303 992 338 1.

587 354 641 384 De
657 349 771 395 objeffio
787 352 919 399 Logicae,

91 401 246 486 CUin
259 399 448 447 Philosophi
461 411 545 448 pene
557 412 671 435 omnes
689 401 771 433 circa
789 401 916 447 Logicoe
927 408 1084 447 praecepta
1103 396 1323 441 consentiant,
1345 397 1386 432 de
1398 397 1480 434 illius

179 462 287 485 tamen
300 449 436 498 objecto
450 454 484 486 &
498 461 609 484 natura
624 449 798 498 plurimum
812 447 1000 484 dissentiunt
1015 460 1023 481 ε
1043 458 1140 495 atque
1154 447 1217 482 haec
1230 449 1421 494 opinionum
1434 448 1482 482 di-

90 499 217 534 versitas
232 500 307 534 hinc
318 502 438 543 oritur,
462 499 550 546 quod
566 511 616 533 res
628 511 697 546 quse
716 499 893 533 tra&aiitur
917 499 950 532 in
962 497 1081 544 Logica
1093 523 1103 538 ‚
1130 496 1340 530 instrumenta
1360 495 1479 543 quibus

88 551 191 584 Utitur
202 549 241 583 ad
254 550 425 583 veritatem
443 548 677 583 inveniendam
691 577 700 592 ‚
719 546 947 582 definitionem
965 544 1119 581 videlicet
1129 573 1139 587 ,
1152 543 1342 579 divisionem
1352 573 1360 587 ‚
1384 550 1417 581 ὃ(
1429 558 1480 579 ar-

87 601 389 646 gumentationem3
405 599 553 633 achone-s
570 596 660 647 ipsius
680 599 798 632 mentis
812 625 821 640 ,
854 595 939 645 signa
956 590 1100 641 denique
1112 592 1231 641 quibus
1249 605 1339 629 niens
1357 595 1459 628 utitur
1470 622 1481 638 ‚

87 658 124 681 ut
139 647 207 682 suos
219 658 393 694 conceptus
412 649 588 695 exprimat,
618 659 683 682 non
710 645 781 681 satis
801 656 949 679 accurate
966 644 1116 693 plerique
1132 642 1341 692 distinguant.

124 696 212 730 Cum
223 697 322 744 igitur
332 697 392 730 tria
402 695 602 744 potissmium
618 695 752 745 spe-{bari
779 693 895 743 possint
917 696 951 728 iii
968 704 1037 727 arte
1050 690 1219 727 disserendi
1232 721 1242 736 ‚
1262 694 1417 728 nimirum
1433 705 1481 728 res

88 743 129 778 de
149 744 265 791 quibus
282 742 440 778 diffecitur
455 772 465 787 ,
492 747 651 792 cogitatio
670 744 734 791 ipsa
744 743 797 777 vel
812 745 931 777 mentis
950 744 1100 790 operatio
1112 770 1122 785 ,
1140 748 1172 778 δε
1184 740 1305 791 [ignum
1319 771 1329 782 ,
1345 741 1397 776 seu
1416 754 1481 777 vox

87 805 152 842 qua
170 794 288 828 msntis
299 795 458 841 cogit-atio
472 795 671 841 exprimitur.
686 792 835 840 Qdani
854 803 903 825 res
920 803 1035 825 omnes
1050 819 1060 834 ‚
1081 803 1117 825 ut
1132 790 1152 826 ὲι
1171 793 1360 840 cognitione
1380 792 1484 826 nostra

88 854 211 878 nomen
225 839 312 877 suum
327 844 510 890 accipiunt,
533 854 571 877 ac
583 840 725 877 defiiiirae
734 870 744 884 ‚
757 853 810 876 aut
823 839 932 875 divisa:
943 869 952 883 ‚
965 851 1021 874 aut
1034 842 1207 875 ratiocinio
1221 840 1357 876 evolutae
1370 841 1482 875 dicun-

88 902 205 936 tur‚ut
215 892 343 939 Logicae
361 890 529 939 objectum
547 890 758 926 considerant.
776 890 842 925 Alii
854 902 950 924 voces
962 888 1042 937 ipsas
1061 901 1117 924 aut
1131 888 1234 938 signa,
1260 901 1294 924 ut
1312 892 1484 924 Gramma-

89 942 168 976 tices
178 969 188 985 ‚
203 952 257 975 aut
268 939 464 975 Rhetorices
477 969 486 984 ‚
515 939 554 974 sic
572 942 710 988 Logices
722 939 890 987 objectum
900 939 1105 974 constituunt.
1125 939 1340 973 Coniniunior
1358 938 1483 973 senten-

89 993 136 1024 tia
149 1018 157 1033 ,
181 987 443 1032 &verisimilior‚
465 1000 503 1023 tit
515 991 598 1023 inter
627 999 787 1022 extremas
805 987 912 1022 media
924 1016 933 1031 ‚
951 989 1068 1022 mentis
1091 990 1297 1035 operationes
1313 988 1351 1022 ad
1370 999 1482 1024 verum

89 1038 275 1086 dirigendas
294 1043 328 1074 &
345 1037 594 1072 conformandas
619 1035 681 1070 csse
696 1037 865 1084 objestum
877 1038 1012 1083 Logices
1025 1036 1184 1070 decernit.

119 1084 255 1135 Triplex
265 1086 309 1120 est
322 1113 332 1128 ,
347 1096 384 1119 ut
401 1085 538 1120 diximus
553 1113 562 1128 ‚
579 1086 698 1120 mentis
709 1085 871 1132 operatio,
894 1085 1063 1131 perceptio
1075 1110 1084 1123 ,
1101 1083 1258 1128 judicium
1275 1087 1308 1118 ἂν
1320 1081 1485 1118 discursus.

86 1134 270 1171 Methodus
282 1136 387 1178 enim,
400 1147 500 1182 quam
509 1133 656 1183 plerique
675 1144 824 1181 quartam
841 1134 961 1166 mentis
980 1131 1186 1166 functionem
1199 1129 1258 1165 effe
1280 1130 1394 1166 volunt
1406 1160 1416 1175 ‚
1442 1143 1460 1165 a

39 1202 43 1206 ·
90 1195 154 1222 txes
171 1183 243 1219 illas
255 1183 460 1234 pervulgatas
473 1194 655 1219 revocatur.
676 1185 765 1218 Nam
782 1193 874 1217 mens
891 1193 948 1229 per
965 1179 1141 1228 finiplicem
1167 1182 1412 1228 perceptionem
1434 1182 1485 1215 in..

91 1245 199 1269 tuetur
211 1232 378 1280 quomodo
394 1243 500 1281 partes
518 1232 648 1282 alicujus
669 1231 806 1267 scientiae
828 1229 886 1265 sint
901 1230 1084 1264 ordinanda:
1099 1247 1107 1273 3
1132 1242 1188 1277 per
1201 1229 1353 1278 judicium
1369 1230 1483 1264 decer-

89 1285 140 1319 nit
152 1283 214 1319 hoc
227 1281 281 1317 vel
299 1281 356 1317 illo
369 1282 469 1317 modo
480 1280 599 1318 res-esse
611 1279 823 1330 disponendas
839 1296 847 1324 3
865 1292 922 1328 per
939 1278 1106 1313 discursum
1122 1280 1262 1325 denique
1282 1290 1405 1314 certam
1421 1280 1484 1314 init

89 1333 271 1373 rationem,
294 1344 346 1366 cur
363 1332 426 1367 hoc
437 1331 538 1367 niodo
557 1343 608 1366 eas
629 1330 788 1379 disponat.

125 1384 233 1417 Prima
242 1383 362 1416 mentis
375 1383 462 1416 aetio
475 1409 484 1423 ,
500 1383 719 1429 perceptionis
731 1410 739 1423 ‚
758 1391 812 1414 aut
835 1389 1027 1428 conceptus,
1052 1387 1109 1412 aut
1132 1375 1281 1424 simplicis
1305 1376 1484 1424 apprchen-

89 1429 185 1466 sionis
197 1432 329 1466 nomine
339 1428 452 1479 signari
470 1429 554 1465 solet.
583 1433 667 1478 Qiae
684 1429 819 1476 quidem
833 1440 929 1463 voces
943 1430 1082 1476 primum
1103 1428 1222 1460 mentis
1241 1424 1403 1474 aspeehini
1427 1437 1484 1459 ex-

91 1480 342 1528 primunt.Cum
355 1482 444 1513 enim
463 1480 508 1512 rei
521 1479 650 1527 alicujus
664 1480 840 1526 iiii.·1ginciii
851 1479 1052 1526 cogitatione
1066 1476 1290 1523 depingimus,
1309 1476 1427 1521 primus
1445 1473 1484 1508 il-

93 1529 255 1563 lenientis
265 1529 398 1561 intuitus
410 1555 420 1569 ,
437 1539 505 1573 quo
522 1539 590 1560 rem
605 1526 662 1560 libi
674 1526 894 1572 repraesentat,
917 1524 968 1559 seu
980 1522 1165 1572 praesentem
1183 1522 1240 1558 sibi
1254 1522 1405 1564 exhibet,
1429 1533 1482 1556 aut

92 1575 178 1611 illius
205 1575 312 1609 ideam
323 1574 468 1623 effingit,
492 1576 659 1622 perceptio
671 1602 680 1615 ‚
699 1573 753 1607 vel
765 1571 975 1620 apprehensio
986 1572 1148 1606 vocitatur
1161 1583 1168 1605 :
1183 1583 1252 1617 quae
1261 1582 1324 1604 una
1342 1570 1482 1617 plrruni-

92 1637 158 1671 que
168 1636 251 1658 voce
268 1634 324 1658 aut
339 1622 565 1670 inwmplexa,
591 1622 699 1664 insol,
717 1632 772 1655 aut
783 1620 951 1668 complexa
966 1648 975 1662 ‚
1002 1631 1039 1654 ut
1062 1618 1105 1652 sol
1122 1617 1261 1662 lucidus,
1280 1621 1480 1666 exprimitur.

91 1674 142 1708 Est
155 1675 252 1721 igitur
261 1671 392 1719 simplex
406 1669 615 1719 apprehensio
640 1699 649 1714 ‚
666 1672 770 1718 prima
785 1671 902 1704 mentis
913 1670 1002 1704 aerio
1013 1696 1022 1711 ,
1037 1679 1102 1714 qua
1124 1678 1171 1700 res
1195 1667 1303 1715 aliqua
1314 1668 1481 1716 cognosci-

92 1733 145 1756 tur
155 1724 234 1756 citra
244 1718 497 1755 affirmationem
509 1748 518 1762 ‚
536 1730 590 1754 aut
602 1721 831 1767 negationem:
855 1719 936 1752 adeo
954 1729 989 1753 ut
1010 1717 1178 1765 perceptio
1200 1715 1255 1750 illa
1273 1714 1309 1750 sit
1326 1714 1456 1764 simplex
1471 1746 1481 1761 ,

92 1783 160 1806 non
172 1782 241 1806 tam
255 1771 382 1804 ratione
392 1767 537 1815 objecti,
552 1769 640 1816 quod
653 1768 730 1817 saepe
749 1768 791 1802 est
801 1766 1008 1815 complexum
1031 1778 1039 1801 :
1073 1768 1084 1809 (
1105 1775 1140 1799 ut
1152 1765 1283 1812 quando
1300 1767 1480 1813 concipitur

92 1818 139 1855 sol
154 1818 299 1861 lucidus)
321 1817 420 1865 quc‘im
439 1819 564 1853 ratione
578 1818 669 1854 modi
684 1830 748 1866 quo
760 1829 808 1852 res
824 1818 1020 1865 percipitur,
1042 1815 1097 1862 qui
1109 1814 1233 1849 nullum
1243 1813 1410 1861 judicium,
1424 1826 1480 1849 aut

91 1866 265 1904 discursum
289 1866 435 1902 includit.

121 1918 291 1966 Judicium
310 1916 353 1950 est
369 1918 456 1952 :ustio
475 1915 593 1950 mentis
606 1942 615 1957 ,
640 1926 705 1961 qua
722 1913 901 1962 siibjefflim
919 1926 993 1947 cum
1008 1909 1171 1947 attributo
1193 1913 1380 1960 conjungit,
1405 1923 1479 1947 cum

92 1965 212 2002 scilicet
221 1963 359 2001 affirmat
372 1982 381 2009 ·‚
393 1976 555 2000 autunum
568 1962 610 1997 ab
623 1962 728 1997 altero
743 1962 863 2012 separat
876 1991 885 2006 ‚
912 1974 984 1997 cum
1006 1972 1118 2009 negat.

129 2014 290 2051 Discursus
308 2026 365 2049 aut
376 2015 582 2049 ratiocinium
602 2024 672 2047 tum
687 2013 804 2047 dicitur
817 2042 826 2057 ,
845 2024 919 2046 cum
933 2023 1034 2045 unum
1053 2022 1090 2045 ex
1117 2008 1183 2044 alio
1197 2006 1376 2056 colligimus
1398 2023 1406 2045 :
1426 2008 1479 2043 sed

95 2065 136 2099 de
145 2063 194 2099 his
212 2061 536 2112 saepepluribus.J1m
551 2063 591 2096 ad
605 2060 800 2111 propositam
820 2060 1023 2109 quaestionem
1041 2060 1217 2094 veniamus.

143 2114 226 2160 Qiae
235 2125 271 2147 ut
281 2112 406 2148 facilius
418 2113 586 2146 dirimatur
600 2140 608 2154 ‚
628 2108 806 2145 meminisse
817 2120 950 2156 oportet
962 2108 1129 2157 objeCkum
1144 2108 1208 2142 dici
1218 2106 1248 2140 id
1261 2118 1358 2140 omne
1373 2135 1383 2150 ‚
1396 2108 1479 2140 circa

94 2164 180 2210 quod
191 2161 345 2204 facultas,
361 2162 414 2196 vel
430 2160 560 2197 habitus
572 2159 722 2196 versatur.
732 2159 813 2194 Illud
829 2160 872 2194 est
882 2158 1059 2202 materiale,
1069 2169 1123 2193 aut
1137 2154 1283 2192 formale.
1297 2154 1478 2203 ObjeEtuin

94 2210 262 2247 materiale
273 2211 388 2245 dicitur
400 2210 540 2260 subjeeta
555 2209 703 2245 facultati
727 2208 781 2244 vel
797 2208 924 2243 habitui
945 2209 1096 2243 materies
1116 2221 1124 2243 ε
1147 2204 1185 2241 fic
1204 2216 1251 2238 res
1271 2216 1340 2250 quae
1363 2205 1479 2239 viden-

95 2272 146 2304 tur
157 2289 164 2299 ,
179 2259 248 2295 sunt
261 2258 425 2308 obJeetum
441 2258 608 2294 materiale
629 2257 726 2296 visus.
752 2257 898 2292 Formale
908 2269 988 2292 vero
1006 2255 1171 2303 objecitum
1188 2253 1230 2288 est
1239 2264 1322 2287 ratio
1333 2281 1340 2291 ‚
1366 2252 1479 2288 secun-

95 2308 171 2343 dum
228 2322 292 2343 iani
309 2321 359 2344 res
370 2309 476 2356 aliqua
487 2306 690 2350 ὰῐαειιὶῐειιε,
709 2306 765 2343 vel
777 2306 819 2342 ab
830 2305 945 2343 habitu
959 2303 1171 2340 consideratur
1187 2319 1196 2346 3
1214 2313 1269 2337 aut
1285 2302 1398 2337 modus
1411 2301 1476 2350 ipse

94 2322 332 2396 conficffiandi,
355 2359 410 2393 vel
433 2358 464 2392 id
483 2357 571 2405 quod
590 2355 724 2391 facultas
739 2358 873 2405 attingit
887 2357 918 2391 in
934 2353 1068 2402 obje&o
1085 2369 1093 2391 :
1114 2364 1151 2388 ut
1169 2350 1259 2386 color
1278 2351 1320 2385 est
1341 2350 1477 2399 idipsum

95 2407 183 2454 quod
193 2404 302 2442 oculus
322 2407 455 2445 videtin
469 2405 579 2444 iebus.
599 2409 636 2444 In
650 2416 718 2442 arte
741 2405 895 2443 medendi
918 2415 1031 2453 corpus
1052 2403 1229 2486 humanu&
1247 2400 1290 2456 est
1310 2398 1477 2448 objectum

1224 2482 1226 2484 .
1244 2463 1263 2495 ij
