1857 2745
352 138 407 182 568
794 134 1274 171 METAPHYSICAE

353 196 428 218 nem
447 183 529 218 entis
545 184 834 219 rationemmmne
850 186 974 232 quippe
996 195 1053 219 ens
1076 196 1134 232 per
1151 185 1436 234 participationem
1454 185 1500 222 ab
1520 195 1562 221 eo
1583 188 1670 236 quod
1688 188 1736 226 est.

352 244 409 280 per
425 230 590 266 ellenriam
601 261 610 275 ‚
630 232 766 269 ducitur.

382 284 497 326 Qare
506 293 714 329 omnes-pene
726 280 914 331 Philosophi
928 282 1230 320 immediatumDei
1242 283 1428 320 concursum
1443 285 1590 321 adversus
1601 289 1734 324 'Duran-

347 332 423 365 dum
436 341 564 365 tuentur
577 343 584 365 t
599 331 681 366 adeo
694 343 729 366 ut
739 344 806 368 non
821 331 923 367 solum
938 330 1125 380 permiffive
1137 361 1148 376 ,
1159 345 1195 368 ut
1206 332 1255 368 illi
1268 333 1369 369 visum
1382 333 1446 378 esti,
1457 333 1517 370 {ed
1536 338 1635 372 etiam
1652 336 1734 372 effe-

347 381 433 414 ‹S‘tive
449 391 618 414 concurrat
635 392 709 414 cum
729 380 824 417 causis
843 381 1003 425 secundi53
1021 394 1081 417 nec
1094 393 1219 417 tantum
1239 386 1332 419 Deus
1350 396 1446 432 agere
1465 397 1547 420 vcum
1564 397 1732 430 creatura,

345 440 402 463 aut
417 428 592 464 influerein
606 427 761 465 effectum
778 429 954 466 censendus
973 429 1027 475 fit,
1039 433 1113 479 quia
1123 431 1247 467 causam
1268 431 1438 468 secundam
1462 434 1630 470 conservat
1644 463 1655 479 ,
1673 445 1729 470 aut

344 489 417 512 eam
436 481 556 513 virtute
570 479 686 526 agendi
705 479 868 517 instruxit:
883 479 936 514 sed
957 483 1034 527 quia
1048 483 1123 516 actu
1149 483 1182 516 in
1204 481 1358 517 effectum
1374 481 1485 517 saltem
1498 511 1510 526 ,
1534 483 1555 518 fi
1572 485 1677 519 minus
1696 486 1730 519 in

343 529 522 570 actionem,
543 527 653 563 influit·
676 530 765 565 Hinc
776 532 1038 565 rerumomnium
1054 532 1237 577 procreatio
1255 530 1414 579 paffimin
1427 533 1598 581 scripturis
1615 531 1731 567 tribui-

343 587 392 610 tur
410 580 506 620 Dco,
528 588 565 612 ut
582 576 671 611 lsa'iae
687 585 739 614 26.
764 580 884 614 Omnia
896 589 993 628 opera
1015 578 1118 623 nostra
1134 589 1281 628 operatus
1299 594 1329 614 es
1348 582 1382 615 in
1408 579 1494 615 nobis
1512 584 1659 618 Domine.
1690 583 1730 617 Et

339 626 510 673 Apostolus
530 641 550 663 1.
569 626 645 663 Cor.
668 640 709 662 12.
733 628 853 664 Omnia
870 638 1022 676 operatur
1032 631 1065 662 in
1077 628 1220 663 omnibus
1233 646 1242 673 3
1255 631 1393 678 &Joam
1413 642 1437 665 1.
1461 631 1580 666 Omnia
1602 641 1661 679 per
1676 633 1729 678 ip.

330 675 597 720 sumfh‘ffasunt,
612 675 651 710 ὠ·
664 676 732 721 fine
743 678 804 725 ipfh
814 678 940 723 fallam
964 676 1004 721 est
1022 677 1114 714 nihil.
1145 677 1272 727 SicJob
1286 683 1343 712 216.
1362 680 1493 715 Manus
1512 679 1724 725 tuaefecerunt

337 736 387 756 me
401 739 411 757 .·
427 736 461 759 ut
476 723 605 761 infinita
626 737 728 773 prope
742 725 813 761 loca
826 729 979 762 omittam
995 754 1004 769 ,
1022 725 1139 772 quibus
1152 726 1289 763 efficitur
1300 730 1405 763 Deum
1417 740 1582 776 nunquam
1599 727 1725 772 cess‘are,

337 774 583 822 cun<sta>regerc
596 802 608 817 ,
622 773 832 822 conservare,
849 778 948 824 eique
968 775 1071 812 causas
1085 789 1198 813 omnes
1211 790 1310 821 ,cum
1327 776 1510 812 neceilatias
1521 806 1531 822 ,
1552 789 1622 813 tum
1640 776 1727 813 libe-

337 833 386 855 ras
403 821 531 859 subeffe.
887 826 890 827 ⁷

370 872 454 919 Qtae
467 884 578 908 contra
593 885 635 922 op
642 875 718 921 poni
736 873 860 920 solent,
874 876 1077 912 commodius
1088 873 1180 911 ¹infra
1192 874 1353 910 diluentur
1364 903 1374 917 ‚
1386 886 1491 911 unum
1503 886 1629 912 tantum
1641 905 1650 921 ,
1667 876 1723 914 vel

331 919 468 956 alterum
481 921 631 958 hocloco
644 921 829 960 afferemuS.

376 971 497 1019 Opp.=x.
519 970 622 1007 Causa
632 970 767 1008 secunda
778 985 814 1009 ut
832 974 914 1022 ignis
925 972 1127 1016 ‚vim'habet
1137 972 1253 1022 agendi
1267 971 1465 1021 completam
1483 978 1516 1010 &
1536 976 1718 1025 integram.-

330 1021 415 1067 Ergo
427 1033 495 1055 non
512 1022 794 1070 indigetconcursu
803 1025 874 1060 Dei
893 1034 928 1057 ut
944 1034 1107 1071 operetur.

368 1070 458 1117 Rcsp.
474 1070 612 1106 Causam
627 1070 799 1107 secundam
812 1085 882 1108 tum
900 1073 933 1107 in
952 1074 1027 1107 actu
1045 1074 1161 1120 primo,
1181 1085 1250 1109 tum
1266 1075 1299 1108 in
1329 1073 1405 1107 actu
1426 1070 1595 1108 secundo&
1616 1076 1721 1122 prima

329 1116 419 1152 causa
431 1120 584 1166 pendere:
597 1131 671 1168 eget
680 1123 768 1155 enim
776 1120 929 1157 concursu
940 1125 1005 1158 Dei
1016 1124 1048 1156 in
1061 1123 1133 1157 adiu
1144 1126 1252 1171 primo
1265 1152 1274 1167 ,
1293 1133 1328 1157 ut
1344 1119 1439 1170 possit
1450 1125 1575 1170 operati
1587 1137 1595 1159 :
1606 1136 1718 1160 verum

329 1167 493 1203 concursus
515 1167 569 1202 ille
578 1168 659 1203 nihil
678 1169 722 1207 est
729 1169 924 1217 aliudnquam
934 1171 1080 1207 voluntas
1094 1174 1179 1216 Dei,
1189 1185 1255 1219 qua
1270 1172 1374 1207 statuit
1389 1168 1461 1204 fore
1487 1182 1523 1206 ut
1534 1183 1608 1208 cum
1626 1173 1717 1208 causa

326 1213 464 1251 secunda
486 1229 701 1252 concurreret.

360 1265 425 1299 Sed
439 1295 450 1309 ,
467 1267 633 1313 inquiunt,
650 1268 697 1302 vis
713 1265 768 1303 illa
785 1279 891 1304 creata
908 1268 952 1304 est
961 1266 1131 1303 intrinsece
1151 1268 1336 1318 completa:
1358 1270 1444 1316 Ergo
1460 1282 1528 1304 non
1542 1282 1616 1319 eget
1634 1284 1716 1309 con.

326 1312 413 1348 cursu
433 1317 498 1350 Dei
517 1314 705 1351 extrinseco.

367 1364 457 1410 Resp.
476 1366 556 1399 Vim
571 1364 659 1399 illam
671 1367 715 1398 ita
733 1363 793 1398 esse
807 1366 1006 1414 completam
1015 1364 1203 1407 intrinsece,
1225 1377 1260 1399 ut
1275 1379 1341 1401 non
1360 1376 1454 1413 agat,
1479 1366 1534 1401 nisi
1552 1370 1599 1403 vis
1615 1381 1712 1405 exte..

324 1412 388 1445 rior
399 1440 408 1454 ‚
424 1411 477 1447 seu
495 1411 660 1448 concursus
671 1413 799 1448 divinus
811 1413 972 1451 accesserit
989 1428 997 1450 z
1015 1413 1057 1448 ab
1068 1426 1108 1447 eo
1128 1415 1216 1448 enim
1228 1415 1349 1461 pendet
1365 1414 1553 1452 necessario.

366 1461 454 1496 Cum
478 1474 587 1497 autem
616 1463 698 1496 circa
718 1462 863 1500 divinum
889 1463 1074 1500 concursum
1095 1474 1208 1511 graves
1225 1462 1284 1498 fint
1302 1461 1508 1499 difficultates
1526 1494 1536 1508 ‚
1556 1467 1609 1500 vix
1637 1466 1710 1503 satis

319 1511 493 1545 commode
507 1524 552 1546 eae
566 1509 699 1560 possunt
716 1513 881 1560 expediri,
898 1512 952 1549 nifi
972 1525 1043 1550 rem
1059 1511 1101 1546 ab
1122 1511 1232 1547 altiori
1244 1524 1424 1561 repetamus
1437 1514 1571 1549 exordio
1582 1532 1605 1558 ,·
1618 1521 1652 1552 &
1672 1519 1709 1552 in

312 1571 389 1605 ¹quo
407 1562 548 1596 maxime
568 1558 683 1610 pofitus
698 1558 734 1595 sit
753 1564 922 1598 concursus
937 1563 1066 1598 divinus
1077 1590 1086 1605 ‚
1096 1573 1149 1596 aut
1166 1563 1336 1609 quomodo
1347 1564 1435 1596 Deus
1444 1573 1517 1598 cum
1531 1563 1626 1599 rebus
1635 1578 1709 1600 cor..

319 1611 444 1656 poreiS,
468 1622 535 1657 quo
551 1611 664 1645 itidem
682 1610 783 1647 modo
802 1625 875 1652 cum
888 1611 985 1649 rebus
1008 1610 1118 1650 liberis
1130 1623 1319 1657 concurrat,
1337 1609 1435 1659 paulo
1454 1611 1581 1649 uberius
1605 1626 1706 1651 excu-

321 1658 446 1695 tianius,
462 1661 512 1695 Sit
533 1661 629 1711 igitur

829 1712 985 1750 ‚Secunda
1003 1710 1178 1757 Conclusto.

357 1807 535 1843 Concursus
546 1809 688 1856 divinus,
698 1812 829 1849 &atilio
844 1821 993 1845 creaturae
1008 1808 1077 1845 sunt
1089 1809 1239 1844 distinctae
1250 1810 1401 1845 actiones.

350 1856 447 1892 Proh.
462 1859 641 1905 etmel-jam
656 1860 745 1910 supra
757 1860 952 1896 ostendimus
968 1861 1131 1894 actionem
1145 1872 1218 1895 'non
1241 1857 1305 1892 esse
1332 1862 1503 1894 entitatem
1524 1859 1565 1894 ab
1581 1872 1698 1909 agente

315 1909 349 1940 &
370 1905 488 1942 effectu
511 1908 691 1945 distinctam
703 1925 711 1945 .·
725 1913 809 1957 Ergo
819 1907 874 1943 ubi
894 1907 990 1943 causae
1003 1908 1072 1943 sunt
1085 1907 1215 1944 diversae
1234 1936 1244 1950 ‚
1261 1913 1294 1944 &
1313 1907 1448 1943 effeetus
1467 1909 1615 1952 distineri,
1627 1909 1696 1944 sunt

312 1955 427 1990 itidem
448 1956 593 1992 afflones
604 1959 737 1994 diversa:
753 1951 842 1996 scum
853 1960 950 2007 igitur
969 1961 1056 1995 Deus
1073 1963 1106 1994 δε
1128 1957 1217 1992 causa
1230 1956 1366 1991 secunda
1387 1956 1474 1992 simul
1495 1957 1533 1991 ad
1552 1958 1695 2004 ejusdem

311 2002 445 2038 effictus
456 2010 720 2052 procreationem
734 2007 918 2055 conspirant
931 2035 940 2049 ‚
956 2007 1070 2042 eadem
1083 2008 1194 2053 utique
1213 2005 1377 2041 moraliter
1399 2005 1564 2053 loquendo
1580 2035 1589 2049 ‚
1606 2008 1694 2042 affio

310 2055 507 2101 concipitur,
522 2067 653 2103 propter
667 2061 825 2093 unitatem
845 2055 1002 2093 effectus:
1018 2054 1069 2090 sed
1086 2053 1107 2089 fi
1119 2054 1246 2104 physice
1258 2083 1268 2098 ‚
1287 2066 1388 2101 atque
1400 2084 1410 2099 ,
1428 2065 1463 2088 ut
1484 2066 1532 2088 res
1553 2056 1599 2089 est
1614 2085 1624 2099 ,
1643 2056 1694 2091 lo-

310 2104 363 2148 qui
378 2102 527 2138 volumus
539 2104 624 2146 ‚duae
639 2105 708 2145 sunt
721 2108 866 2142 actiones
886 2133 895 2147 ‚
906 2117 1049 2152 quarum
1069 2104 1220 2140 distincta
1235 2103 1303 2137 sunt
1318 2105 1474 2151 principia
1488 2133 1496 2146 ,
1511 2116 1570 2138 nec
1591 2106 1693 2139 credi-

310 2150 411 2186 derim
430 2153 462 2186 id
482 2154 516 2186 in
531 2154 782 2191 controversiam
804 2155 916 2190 venire
935 2151 1025 2202 posse
1043 2167 1050 2188 ε
1074 2165 1146 2188 cum
1164 2154 1251 2188 actio
1264 2152 1341 2187 nihil
1361 2150 1396 2186 fit
1409 2162 1518 2199 praerer
1538 2153 1689 2189 influxum

309 2203 434 2247 agentis
446 2215 452 2235 ε
463 2202 616 2251 Ergoubi
627 2217 724 2254 agens
740 2205 785 2240 est
801 2203 989 2253 multiplex,
1006 2201 1163 2239 influxum
1174 2211 1305 2251 quoque
1321 2199 1384 2235 esse
1397 2200 1611 2250 multiplicem
1630 2215 1689 2238 ne-

310 2248 394 2284 ccsse
410 2251 465 2285 cst.

345 2298 430 2346 Ορρ.
453 2299 524 2336 Ubi
548 2301 616 2338 duae
635 2303 733 2339 causae
742 2303 883 2352 junctim
899 2313 1000 2351 agunt
1020 2307 1052 2340 δε
1066 2314 1122 2351 per
1143 2301 1277 2336 modum
1295 2301 1387 2335 unius
1400 2328 1409 2343 ‚
1423 2311 1491 2334 tum
1513 2299 1627 2333 eadem
1644 2300 1687 2354 est

310 2347 412 2383 affin:
427 2361 462 2383 ut
473 2362 544 2385 cum
557 2352 623 2387 duo
636 2356 710 2401 equi
731 2354 871 2388 eundem
886 2365 1014 2387 currum
1038 2351 1189 2386 trahunt:
1214 2353 1295 2397 Ergo
1312 2362 1385 2384 cum
1418 2351 1506 2384 Deus
1525 2359 1685 2382 concurrit

309 2406 381 2430 cum
399 2397 485 2433 causa
501 2397 638 2438 secunda
653 2431 664 2446 ,
677 2414 740 2438 una
754 2402 800 2438 est
820 2407 853 2439 ὃ(
871 2401 986 2438 eadem
998 2401 1085 2435 actio
1098 2428 1108 2442 ,
1119 2401 1166 2434 uti
1181 2411 1258 2435 unus
1272 2398 1318 2434 est
1330 2399 1460 2437 &idem
1478 2397 1621 2434 effeetus.
