1857 2745
314 123 348 156 28
704 113 1288 154 INSTITUTIONES

623 168 735 202 Omne
754 164 874 203 animal
893 166 935 202 est
949 164 1119 201 substantia
1134 179 1142 201 :

619 215 734 252 Nullus
760 215 841 265 lapis
860 215 903 249 est
921 215 1062 251 animal:

611 267 696 313 Ergo
706 264 812 300 nullus
826 265 907 312 lapis
920 264 962 298 est
982 263 1163 300 substantia.

332 313 503 352 Concluiio
515 313 559 348 est
573 312 670 358 falsa,
691 314 784 362 quod
802 313 973 350 substantia
993 316 1026 348 in
1042 326 1080 348 ea
1096 313 1301 349 distribuatur
1315 340 1325 356 ,
1351 322 1425 346 cuni
1449 308 1486 347 sit
1519 323 1578 360 pro
1607 311 1686 349 ositi

295 376 416 415 negans
430 382 439 407 ;
453 370 486 401 &
501 375 610 399 tamen
626 377 696 400 non
705 363 901 399 distribuitur
913 365 946 399 in
957 367 1076 413 majore
1091 363 1331 412 propositione,
1358 360 1391 396 id
1401 361 1445 397 est
1454 389 1466 406 ,
1486 374 1554 404 non
1573 325 1694 401 {simitu

294 412 471 449 secundum
492 426 628 449 omnem
653 412 1004 451 suanitxtenfionem.'

329 467 358 499 Is
369 463 505 512 quidem
523 462 724 512 syllogismus
739 462 908 499 videturle
933 464 1052 502 itimus.

585 515 700 549 Omne
711 512 833 549 animal
849 513 894 547 est
919 515 1044 549 entiens
1059 527 1067 548 :

586 562 706 599 Nullus
731 562 811 611 lapis
834 563 878 597 est
889 562 1011 597 animal
1028 577 1036 599 ε

577 616 670 662 Ergo
687 611 792 648 nullus
813 611 894 660 lapis
910 611 955 646 est
973 611 1126 651 sentiens.

344 662 546 710 Haecutique
563 660 669 698 forma
690 660 865 710 syllogismi
883 671 941 710 per
960 663 1112 698 accidens
1129 662 1174 698 est
1196 661 1301 706 bona,
1356 663 1421 698 uod
1448 663 1586 701 sentiens
1613 671 1696 702 com

293 723 438 747 vertatur
450 723 525 746 cum
539 711 695 755 animali,
709 717 744 749 &
762 710 969 750 sitterminus
982 713 1177 760 reciprocus,
1190 711 1241 747 sed
1258 723 1315 760 per
1332 674 1364 747 {ie
1382 726 1449 749 non
1460 715 1506 750 est
1527 714 1695 763 legitima:

294 772 370 797 nam
385 764 418 796 in
428 760 578 809 qualibet
593 764 731 798 materia
747 774 816 796 non
833 759 932 796 valet.

330 813 367 846 In
378 812 483 846 modis
495 812 664 847 indirectis
676 838 686 853 ,
705 812 868 859 Fapesmo,
895 808 935 844 ἀ
953 812 983 843 F
986 812 1194 858 rifisomorum
1206 838 1217 850 ‚
1243 822 1281 845 ea
1297 812 1409 861 regula
1427 816 1496 848 vim
1517 811 1602 848 suam
1625 826 1695 850 non

295 859 428 896 obtinet
444 875 452 895 ε
480 864 598 896 namin
611 860 660 895 his
672 865 770 909 majus
788 870 987 905 extremum,
1011 861 1100 907 quod
1128 861 1173 894 est
1187 859 1378 908 ¹subjectum
1392 861 1601 899 conclusionis
1620 875 1695 910 pai·-

296 909 437 944 ticularis
454 937 465 953 ‚
483 922 550 945 non
575 908 709 945 sumitur
723 906 930 946 universalius
947 911 981 946 in
998 908 1202 946 conclusione
1216 936 1227 952 ‚
1254 909 1353 956 quiam
1376 912 1409 945 in
1431 913 1546 957 majori
1574 924 1695 960 propo-

296 957 419 995 sitione.

789 1008 915 1055 ‘Regulae
927 1009 1068 1054 fi’cundae
1084 1007 1204 1058 figura.

333 1057 420 1091 Cum
434 1059 466 1092 in
483 1057 617 1092 secunda
631 1055 731 1105 figura
741 1055 901 1092 conclusio
910 1057 947 1092 fit
959 1057 1083 1105 semper
1101 1069 1240 1107 negans»,
1275 1073 1312 1095 ea
1330 1070 1395 1095 uno
1408 1058 1564 1093 duntaxat
1579 1059 1698 1096 funda:

296 1118 411 1141 mento
429 1105 562 1142 subnixa
575 1105 620 1140 est
639 1122 649 1149 ς
671 1106 739 1140 duae
752 1117 801 1140 res
811 1119 878 1140 non
891 1105 961 1141 sunt
971 1107 1048 1154 quid
1059 1119 1155 1141 unum
1169 1113 1202 1144 ὅ(
1214 1110 1311 1153 idem,
1321 1120 1395 1144 cuni
1409 1109 1464 1141 uni
1478 1106 1602 1154 aliquid
1616 1121 1695 1145 con-

297 1158 401 1197 venit,
418 1156 509 1203 quod
523 1155 617 1190 alteri
633 1168 700 1190 non
708 1157 876 1191 convenit.
887 1155 967 1191 Aliis
979 1155 1114 1191 vocibus
1124 1155 1232 1193 efferri
1247 1157 1335 1194 solet.
1347 1154 1484 1193 Sublato
1497 1157 1698 1205 consequen·

298 1217 331 1239 te
354 1203 481 1239 tollitur
492 1204 708 1241 antecedens:
727 1204 791 1239 hoc
803 1205 867 1248 est,
893 1204 1017 1240 sublato
1033 1208 1173 1241 termino
1198 1210 1255 1254 qui
1280 1221 1322 1242 ex
1343 1207 1408 1242 alio
1426 1204 1583 1250 infertur,
1603 1206 1693 1244 fimu'l

297 1259 331 1291 ὃς
342 1253 465 1294 tollitur
475 1255 632 1292 terminus
646 1265 685 1288 ex
698 1266 764 1301 quo
777 1253 938 1300 infertum
961 1253 1087 1290 sublato
1101 1256 1254 1300 animali,
1273 1257 1374 1292 honio
1389 1253 1523 1289 tollitur.

336 1305 428 1339 Hinc
439 1304 508 1338 ‘duce
523 1305 671 1338 oriuntur
689 1302 817 1352 regulae:
830 1305 917 1351 prior
931 1304 976 1339 est
992 1319 999 1339 :
1015 1317 1055 1340 ex
1070 1316 1206 1351 utraque
1220 1306 1372 1354 piaemiss'a
1391 1301 1573 1340 affirmante
1599 1306 1633 1338 in
1648 1303 1694 1339 se>

297 1353 399 1389 cunda
416 1351 516 1402 figura
531 1351 613 1388 nihil
627 1352 844 1389 concluditur.
859 1354 958 1389 Unde
974 1352 1105 1389 vitiosus
1122 1353 1167 1388 est
1188 1355 1243 1390 ille
1255 1353 1466 1405 syllogismus,

600 1403 713 1437 Omne
732 1402 854 1439 animal
877 1402 921 1437 est
937 1402 1131 1439 substantia:
1337 1404 1341 1407 “

598 1453 718 1486 Omnis
735 1450 815 1498 lapis
840 1451 883 1485 est
905 1451 1077 1486 substantia
1094 1467 1102 1488 ε

596 1501 682 1547 Ergo
702 1502 807 1534 omnis
824 1499 904 1547 lapis
924 1501 969 1535 est
988 1500 1121 1537 animal.

332 1546 492 1586 Defectus
506 1547 595 1593 hujus
616 1546 794 1596 syllogismi
823 1550 855 1583 in
869 1548 931 1583 hoc
953 1547 1069 1596 positus
1087 1549 1132 1583 est
1151 1580 1160 1595 ‚
1187 1552 1278 1599 quod
1295 1549 1422 1586 medius
1443 1550 1598 1584 terminus
1622 1549 1694 1584 nus-

297 1611 395 1646 quam
408 1596 628 1635 distribuatur:
647 1609 722 1632 nani
734 1595 927 1632 attributum
938 1597 1166 1647 propositionis
1185 1600 1378 1636 affirmantis
1390 1611 1448 1646 per
1466 1599 1496 1634 se
1508 1611 1574 1634 non
1589 1598 1694 1633 distri-

299 1647 415 1683 buitur.

335 1697 483 1732 Secunda
497 1708 529 1730 re
555 1696 607 1732 ula
620 1697 685 1732 haec
703 1697 747 1732 est
760 1715 769 1744 3
781 1710 820 1735 ex
833 1703 956 1749 majore
971 1696 1155 1749 particulari
1168 1695 1251 1735 nihil
1262 1695 1473 1733 concluditur·
1487 1695 1576 1730 Hinc
1589 1697 1695 1739 vitio-j

300 1746 348 1782 sus
366 1746 411 1782 est
431 1745 486 1781 ille
500 1744 535 1794 sy
551 1746 712 1797 logismuS.

566 1829 739 1877 Qaedam
751 1830 925 1867 substantia
939 1832 983 1867 est
1003 1829 1143 1866 animal<

581 1878 702 1914 Nullus
722 1880 802 1928 lapis
817 1881 862 1914 est
875 1879 996 1914 animal
1012 1894 1020 1914 ε

587 1929 670 1976 Ergo
687 1928 822 1974 quidam
838 1927 918 1975 lapis
930 1941 998 1963 nori
1014 1928 1059 1962 est
1071 1926 1252 1962 substantia.

328 1998 454 2030 Vitium
472 1996 562 2043 hujus
573 1992 749 2042 syllogismi
763 1995 900 2030 minime
908 1994 1079 2030 obscurum
1094 1996 1163 2039 est5:
1179 2006 1254 2030 nam
1268 1998 1365 2043 majus
1383 2003 1562 2028 extremum
1575 2021 1583 2035 ,
1597 2005 1691 2031 nem.

300 2058 342 2093 pe
355 2044 528 2085 substantia
543 2073 553 2087 ‚
577 2045 610 2078 in
623 2045 738 2091 majori
755 2043 978 2093 propositione
996 2044 1131 2082 sumitur
1152 2043 1408 2093 particulariter,
1431 2044 1463 2075 iri
1489 2041 1690 2081 conclusione

301 2094 523 2131 universaliter
537 2107 545 2131 :
560 2090 758 2134 distribuitur
770 2095 857 2130 enim
867 2097 900 2130 in
915 2092 1117 2134 conclusione
1132 2122 1141 2138 ‚
1154 2106 1224 2131 non
1241 2094 1321 2132 item
1330 2094 1364 2127 in
1373 2095 1504 2139 majore.

815 2177 937 2226 Regulae
963 2181 1057 2212 tertiae
1073 2176 1196 2227 figurae.

333 2243 498 2286 Duosiuit
519 2245 620 2279 tertiae
636 2243 742 2293 figurae
756 2241 967 2280 fundamenta
988 2262 997 2289 3
1019 2256 1119 2281 unum
1136 2239 1370 2278 affirmantibus
1383 2268 1394 2284 ,
1412 2238 1550 2275 alterurn
1569 2252 1691 2289 negan-

248 2334 250 2337 ,
303 2290 389 2326 tibus
403 2292 589 2341 syllogismis
600 2293 742 2330 inservit.

346 2342 491 2377 Primum
500 2342 543 2376 est
553 2342 708 2390 ejusmodi
722 2356 730 2379 ι
743 2354 816 2378 cuin
828 2341 892 2378 duo
906 2343 1064 2382 attributa
1089 2342 1197 2381 eidem
1219 2338 1361 2388 subjecto
1374 2340 1579 2377 conveniunt
1590 2368 1602 2384 ,
1629 2338 1692 2383 alif

305 2391 436 2439 quando
447 2393 645 2440 etiaminter
654 2391 685 2431 sc
701 2394 923 2438 conveniunt3
938 2405 975 2430 ut
