1857 2745
452 106 861 145 TRACTATUS
910 105 1168 142 TERTIUS.
1513 121 1523 141 i

136 161 205 196 sto.
213 160 360 195 Primum
374 159 462 193 enim
473 159 520 194 est
535 157 680 193 accidens
694 157 860 204 quoddam
873 158 974 192 menti
990 155 1148 192 inhaerens
1161 184 1170 199 ,
1184 152 1236 189 seu
1252 154 1366 188 modus
1394 153 1429 188 fit
1448 184 1458 198 ,
1471 122 1526 191 assit

136 211 288 257 cognitio
305 206 370 256 ipsa
387 207 535 243 formalis
549 237 558 252 ‚
577 207 709 255 perinde
727 206 780 241 est.
797 206 945 242 Alterum
958 205 999 240 ab
1013 204 1145 253 obje&o
1158 203 1224 253 ipso
1240 215 1403 238 mutuatur
1418 217 1425 239 :
1439 206 1527 252 quod

137 257 260 293 scilicet
275 269 373 292 unam
397 269 465 291 rem
489 258 596 305 potius
608 255 707 302 quam
723 254 856 290 alteram
870 253 1034 290 exhibeat.
1053 257 1104 290 Ut
1121 256 1194 288 idea
1206 253 1245 287 ad
1263 264 1408 288 mentem
1425 254 1528 288 refer-

139 318 191 341 tur
207 335 218 350 ,
231 308 400 354 perceptio
413 306 476 340 dici
490 304 571 340 solet
587 305 849 350 3idea‚quatenus
860 303 1048 352 objectumi
1074 302 1140 338 sum
1151 301 1291 350 respicit.
1315 305 1367 336 Sic
1382 304 1476 350 igitur
1491 303 1531 338 il..

126 355 172 400 ⁴le
186 357 420 390 ratiocinatur:
436 355 599 403 perfeetio
623 352 788 400 objectiva
799 354 876 389 ideae
895 353 1037 400 aliquam
1051 317 1175 387 llabeat
1189 350 1314 385 causam
1337 352 1460 387 neceffe
1477 349 1546 396 ests

140 416 211 451 quae
223 405 300 439 adiu
317 405 486 439 contineat
501 432 511 448 ,
536 402 588 438 seu
607 402 789 437 formaliter
804 431 814 446 ,
825 401 877 437 seu
898 404 1082 436 eminenter
1097 429 1107 445 ,
1119 400 1276 448 quidquid
1292 400 1363 434 idea
1391 400 1455 448 ipsa
1483 414 1533 435 re..

166 451 329 488 raesentat-
364 455 452 489 Nam
471 454 576 488 omnis
595 451 755 500 perfectio
769 465 837 499 quae
852 452 898 486 est
914 453 948 486 in
960 450 1081 487 effectu
1098 480 1109 494 ,
1135 451 1317 484 continetur
1335 451 1368 484 in
1387 448 1440 484 sua.
1463 463 1533 484 cau-

141 465 173 538 sa
189 503 300 549 :atqui
319 501 411 545 idea,
427 514 524 548 quam
544 500 702 536 habemus
716 529 725 543 ‚
753 500 956 550 repraesentat
975 505 1009 538 &
1031 501 1183 546 exprimit
1199 511 1268 533 rem
1288 498 1407 533 summe
1424 499 1535 547 perfe-

144 552 247 586 &an-i.
265 553 349 599 Ergo
360 563 427 585 non
441 550 572 586 aliunde
582 563 680 597 quam
694 550 736 584 ab
748 562 824 585 ente
837 549 957 585 summe
967 549 1115 598 perfecto
1128 545 1343 596 proficiscitur.

179 598 334 644 Confirm.
350 599 560 634 lllamidearn
574 612 641 634 uon
657 599 812 634 hausimus
823 599 842 634 a
862 597 1000 634 sensibus
1013 615 1022 642 3
1034 610 1093 634 nec
1104 600 1203 632 etiam
1215 596 1236 632 a
1247 595 1342 632 uobis
1352 594 1462 632 efficta
1479 598 1535 633 est:

145 659 223 685 narn
234 647 313 683 nihil
330 648 378 683 illi
391 648 562 684 detrahere
576 676 585 692 ‚
604 648 685 683 nihil
695 647 906 696 superaddere
921 648 1018 696 plane
1028 645 1187 695 possumus
1207 662 1216 689 3
1234 658 1270 679 ac
1285 646 1419 694 proinde
1434 645 1538 695 stiper-

146 696 194 732 est
215 707 252 731 ut
268 696 362 733 nobis
376 695 412 733 sit
429 700 539 733 innata
558 712 566 734 :
582 698 859 745 quemadmodum
878 709 976 733 etiarn
993 697 1074 733 mihi
1098 696 1142 731 est
1154 697 1299 745 ingenita
1318 695 1389 729 idea
1403 698 1470 730 mei
1487 699 1539 745 ip-

146 744 215 782 sius.

185 793 338 839 Confirm.
353 795 476 829 iterum.
497 796 531 829 Si
549 798 621 844 quis
636 794 756 831 habeat
774 796 882 832 ideam
900 794 1031 844 alicujus
1045 795 1200 830 machinae
1215 823 1219 827 .
1237 805 1308 841 quae
1323 805 1423 828 omne
1440 793 1541 829 artifi-

147 845 232 879 cium
248 842 470 891 excogitabile
489 846 523 879 in
534 844 564 879 se
586 847 775 880 contineat:
791 857 861 892 quae
881 843 916 879 sit
934 844 1025 891 hujus
1049 845 1130 879 ideae
1152 843 1260 886 causa,
1283 845 1401 877 merito
1426 856 1544 896 rogare

147 890 335 942 posfim3an
347 892 408 926 alia
419 893 568 929 machina
580 896 665 941 prius
681 893 747 929 visa
758 922 767 937 ‚
781 907 821 929 an
843 893 989 940 perfeeia
1012 893 1212 928 mechanices
1232 894 1347 940 peritia
1359 920 1368 936 ,
1386 904 1441 926 aut
1461 894 1542 927 ium-

150 953 204 976 ma
221 942 342 988 ingenii
360 940 516 975 subtilitas
530 951 543 977 ἒ
561 955 762 989 quascunque
774 955 811 976 ea
836 941 871 977 fit
883 941 971 976 causa
981 969 991 985 ,
1004 943 1036 976 id
1046 943 1176 977 videtur
1189 953 1311 976 certum
1327 970 1337 984 ,
1351 954 1449 975 omne
1471 944 1544 976 arti-

151 988 263 1024 ficium
279 988 369 1036 quod
388 989 460 1024 idea
482 989 537 1025 illa
553 991 782 1039 complectitur
797 1020 806 1035 ,
817 992 851 1026 in
869 990 960 1025 causa
970 990 1076 1038 aliqua
1091 993 1265 1033 contineri,
1281 1002 1335 1025 aut
1352 990 1544 1034 formaliter,

153 1049 208 1072 aut
226 1040 417 1072 eminenter.
436 1041 519 1087 Ergo
528 1039 600 1074 idea
612 1042 673 1075 Dei
683 1052 782 1088 quarn
799 1051 908 1075 mente
925 1051 1117 1088 conceptam
1134 1053 1212 1089 gero
1225 1069 1235 1083 ,
1261 1052 1394 1087 quaeque
1412 1052 1544 1074 omnem

151 1085 393 1135 perfeaionem
419 1086 671 1136 excogitabilem
684 1088 766 1122 mihi
781 1087 935 1131 exhibet,
953 1101 1020 1122 non
1036 1089 1142 1136 potest
1160 1089 1289 1123 aliunde
1303 1101 1401 1135 quam
1415 1087 1457 1122 ab
1471 1100 1546 1123 ente

152 1134 285 1171 infinito
297 1164 306 1179 ‚
317 1135 405 1183 quod
420 1149 534 1171 omnes
551 1149 604 1171 eas
618 1137 836 1185 perfedkiones
853 1136 1080 1185 compledhtur
1094 1165 1104 1180 ,
1118 1136 1275 1185 proficisci
1289 1151 1296 1171 :
1313 1138 1454 1171 maxime
1472 1149 1545 1172 cum

155 1186 262 1219 omnis
280 1186 427 1233 cognitio
440 1185 544 1220 nostra
562 1198 602 1220 eo
620 1187 779 1234 principio
797 1187 960 1220 innitatur·
987 1186 1072 1221 Cum
1085 1188 1180 1234 igitur
1210 1186 1328 1221 claram
1351 1184 1492 1220 habeam
1515 1193 1548 1223 &

156 1232 340 1268 distinekam
359 1235 405 1267 rei
418 1233 552 1269 infinitae
569 1237 739 1270 notionem
749 1247 841 1282 ‚quae
851 1235 871 1270 a
886 1234 972 1270 nulla
983 1247 1017 1269 re
1031 1233 1122 1270 finita
1138 1236 1212 1269 oriri
1225 1236 1330 1284 potest
1344 1264 1353 1278 ,
1372 1246 1440 1269 rem
1459 1235 1547 1270 illam

156 1279 318 1317 infinitam
336 1283 467 1318 existere
484 1281 606 1318 neceffe
620 1284 679 1319 est.

166 1327 169 1330 ’
191 1331 275 1374 Sed,
291 1334 442 1376 inquiunt
453 1360 466 1375 ,
488 1332 547 1366 hac
562 1334 687 1366 ratione
701 1330 839 1378 probare
850 1333 921 1377 quis
932 1330 1036 1378 posset
1057 1333 1211 1367 mundum
1228 1330 1289 1367 esse
1305 1331 1465 1367 infinitum
1478 1361 1487 1375 ,
1511 1345 1548 1367 ut

159 1391 291 1416 veteres
300 1378 489 1427 Philosophi
504 1380 722 1415 crediderunt.

196 1429 282 1473 qup.
310 1427 341 1460 id
352 1441 450 1462 omne
463 1441 528 1462 non
540 1428 676 1462 existere
685 1431 772 1474 cujus
789 1427 896 1462 ideam
915 1426 1117 1476 effingimus:
1136 1425 1188 1462 sed
1215 1428 1325 1465 nihilh
1351 1427 1447 1464 nobis
1466 1428 1551 1463 clare

161 1481 195 1514 ὅ(
210 1476 360 1510 distinere
369 1478 520 1560 percipi,
541 1477 627 1522 quod
639 1490 709 1511 non
726 1475 856 1517 existat,
877 1488 930 1511 aut
948 1490 1014 1512 non
1043 1476 1138 1524 poffit
1158 1478 1299 1513 existere.
1323 1479 1453 1514 Deinde
1470 1491 1552 1512 nun-

162 1538 260 1610 }lluam
275 1524 368 1560 Philo
383 1526 461 1573 ophi
481 1523 644 1560 infinitum
659 1525 814 1560 mundum
828 1523 987 1561 finxissent
997 1555 1008 1569 ,
1024 1524 1080 1561 nifi
1095 1537 1185 1561 meus
1203 1537 1313 1561 eorum
1331 1526 1482 1576 attigisset
1503 1529 1553 1561 in-

189 1585 300 1610 nltum.

199 1627 335 1666 Verum,
348 1622 465 1667 instant
486 1651 497 1666 ,
512 1622 602 1657 nullo
619 1622 718 1657 modo
738 1624 875 1670 percipis
890 1623 1067 1659 infinitum.

204 1673 291 1719 Resp.
308 1670 547 1706 infinitudinem
564 1671 584 1706 a
595 1669 690 1706 nobis
708 1684 773 1704 non
788 1674 923 1719 percipi,
936 1672 987 1706 sed
999 1685 1067 1707 rem
1086 1670 1230 1717 aliquam
1246 1669 1306 1707 effe
1316 1672 1477 1708 infinitam
1492 1688 1552 1709 nos

166 1722 333 1769 percipere
347 1725 380 1757 δε
397 1721 625 1756 demonstrare.
641 1722 692 1753 Sic
705 1731 738 1754 in
750 1721 952 1764 Geometria,
971 1727 1005 1758 ὃ(
1028 1719 1240 1756 Arithmetica
1263 1722 1371 1756 multae
1388 1722 1428 1756 de
1442 1722 1554 1759 infini-

168 1781 203 1804 to
217 1769 294 1804 fiunt
304 1769 600 1805 demonstrationes,
618 1770 698 1805 Uno
711 1767 814 1803 verbo
827 1768 992 1806 infinitum
1005 1783 1074 1805 non
1085 1769 1389 1818 comprehendimus
1403 1800 1413 1815 ,
1435 1771 1486 1806 sed
1497 1786 1555 1807 co,

169 1820 329 1867 gitatione
348 1820 545 1866 attingimus,

214 1867 348 1910 Instant.
367 1870 475 1902 Deum
488 1880 554 1903 non
569 1866 624 1903 nifi
634 1866 765 1901 confuse
776 1895 786 1909 ,
798 1865 931 1902 obscure
945 1897 956 1910 ,
975 1869 1008 1903 in
1024 1870 1194 1916 aenigmate
1214 1866 1453 1916 cognoscimus:
1472 1883 1557 1918 quo-

172 1916 272 1951 modo
284 1917 378 1963 igitur
403 1916 520 1950 claram
544 1922 578 1952 &
596 1915 778 1950 distineram
789 1915 874 1950 illius
882 1917 988 1950 ideam
998 1916 1139 1951 formare
1150 1914 1308 1964 possumus
1323 1945 1333 1960 ,
1347 1919 1404 1964 qui
1421 1931 1462 1954 ne
1480 1931 1557 1968 gut‘

175 1963 276 1999 tulam
286 1966 416 2012 quidem
426 1964 507 1998 illius
521 1966 668 2006 Oceani,
679 1975 733 1999 aut
747 1965 903 2012 pundkum
915 1964 996 2000 illius
1018 1964 1137 2000 infiniti
1162 1967 1365 2013 percipimus,

208 2015 299 2061 Resp.
312 2013 474 2049 effentiam
488 2017 551 2049 Dei
562 2024 597 2047 ut
618 2015 649 2048 in
659 2012 689 2047 se
700 2013 747 2047 est
759 2041 769 2054 ,
790 2012 920 2049 obscure
935 2014 1110 2050 admodum
1124 2043 1135 2057 ,
1157 2019 1191 2050 &
1208 2013 1375 2064 analogice
1395 2025 1517 2051 tantum
1537 2017 1559 2054 ξι

175 2059 272 2097 nobis
281 2065 419 2110 percipi:
438 2062 490 2097 sed
515 2063 664 2097 distinete
692 2067 726 2098 &
742 2061 826 2096 clare
837 2065 1029 2112 percipimus
1043 2075 1112 2097 rem
1125 2061 1185 2098 effe
1201 2061 1383 2107 infinitam,
1401 2066 1558 2114 indepen-

178 2111 310 2144 dentem
328 2139 337 2154 ,
351 2112 566 2159 undequaque
585 2111 775 2158 persedram.
790 2114 904 2159 Itaque
919 2112 1138 2160 perfeetioues
1163 2114 1247 2155 Dei,
1264 2118 1297 2149 &
1315 2112 1470 2148 attributa
1489 2114 1561 2163 pos.

179 2158 251 2193 sunt
281 2159 406 2207 semper
432 2174 517 2196 nova
545 2162 656 2208 detegi
680 2189 689 2202 ,
725 2165 758 2196 &
785 2161 965 2196 distinctius
992 2162 1134 2208 percipi,
1157 2172 1254 2208 atque
1278 2162 1350 2196 idea
1384 2175 1481 2209 quam
1520 2165 1560 2198 de

182 2209 260 2241 Deo
273 2206 427 2243 habemus
439 2210 648 2255 explicariUt
661 2208 852 2256 triangulum
864 2212 918 2256 qui
930 2212 1021 2244 novit
1031 2208 1092 2243 effe
1104 2208 1235 2257 figuram
1252 2208 1351 2245 tribus
1366 2210 1460 2246 lineis
1470 2225 1560 2248 com-

183 2255 372 2303 prehensam
388 2286 397 2300 ,
418 2259 501 2294 illius
520 2258 630 2306 postea
643 2256 835 2292 affeetiones
855 2258 1010 2306 paulatim
1032 2258 1135 2304 potest
1153 2260 1316 2306 percipere
1335 2273 1343 2294 ε
1366 2258 1405 2294 fic
1430 2273 1538 2296 acarus
1550 2291 1560 2305 ,

184 2303 285 2353 vulgo
311 2317 353 2340 un
378 2309 462 2341 ciron
482 2335 492 2346 ,
522 2308 615 2343 nudis
639 2306 740 2343 oculis
767 2319 801 2342 ut
818 2309 974 2356 punCtum
994 2305 1137 2343 albicans
1157 2308 1306 2344 videtur:
1334 2308 1387 2343 sed
1415 2310 1560 2346 adhibito

1256 2358 1343 2394 Zzz
1368 2359 1387 2405 ij
