1857 2745
429 125 781 167 TRACTATUS
833 126 1154 169 SECUNDUS.
1445 144 1501 180 529

110 174 216 224 >quam
234 174 314 212 alibi
328 191 338 220 3
357 187 411 213 aut
425 190 481 213 cur
496 191 611 227 corpus
626 182 658 214 in
673 191 768 214 unam
787 182 892 227 potius
910 192 1036 229 partem
1049 210 1059 225 ‚
1072 182 1172 229 quarn
1194 179 1229 215 in
1250 178 1346 215 aliam
1367 193 1504 216 movea-

110 236 175 262 tur.
202 226 301 263 Unde
315 224 406 261 causa
424 225 595 263 neceffaria
608 226 662 263 suo
680 227 824 277 subjedto
844 230 906 263 rite
920 229 1079 278 applicata
1100 232 1169 278 agit
1189 241 1348 277 quantum
1374 231 1478 277 potest
1494 246 1505 273 ;

106 277 181 323 agit
201 277 290 311 enirn
303 274 498 319 neceffario,
521 288 628 325 neque
649 277 713 314 ulla
734 279 777 313 est
794 278 877 313 ratio
901 291 954 313 cur
970 291 1070 314 unam
1094 281 1203 327 potius
1224 290 1351 326 partem
1369 278 1503 316 effeetus

108 325 270 372 producat
284 351 294 366 ,
305 323 404 371 quam
420 325 524 360 aliam.
1383 331 1390 336 “

147 375 192 408 Ex
205 373 254 407 his
263 372 391 420 aliquot
398 372 564 409 solvuntur
577 388 647 423 quae
654 377 771 411 stiones
783 405 793 420 ,
804 387 883 424 quas
895 374 948 418 suo
967 375 1042 415 loco
1051 387 1285 424 proponemus.
1303 379 1402 412 Nunc
1414 388 1500 423 quae-

110 423 140 457 ti
155 420 236 457 solet
245 450 254 465 ,
267 434 308 458 an
319 433 406 458 tanta
421 421 481 458 effe
493 423 588 472 poffit
607 425 778 461 effectricis
788 424 887 460 causae
899 427 964 467 vis,
973 436 1010 459 ut
1018 427 1118 460 etiam
1129 426 1162 460 in
1176 425 1294 459 distans
1315 424 1409 473 possit
1422 437 1501 474 aget

110 481 151 505 te.
214 471 279 505 uod
291 482 326 505 ut
343 472 458 507 melius
473 473 673 522 intelligatur
683 505 692 518 ,
703 474 736 509 id
749 473 883 509 subinde
897 472 1135 509 observandum
1150 502 1160 516 ,
1177 474 1304 508 causam
1319 475 1499 509 naturalem

95 531 169 568 :per
187 522 374 557 contactum
398 523 571 569 quemdam
590 526 623 558 in
641 522 820 572 subjeetum
836 526 904 558 vim
915 522 1001 558 suam
1013 534 1143 557 exerere
1158 539 1166 565 3
1184 523 1349 570 duplicem
1360 534 1439 557 vero
1453 523 1501 558 es.

110 567 142 603 se
155 566 331 614 huiusmodi
349 571 536 606 contaCtum
547 601 557 616 ,
575 571 724 622 suppositi
743 575 896 608 nimirum
913 602 922 616 ‚
936 585 1010 607 cum
1029 584 1077 606 res
1096 583 1168 619 quae
1185 575 1255 626 agit
1269 600 1278 614 ‚
1293 584 1350 619 per
1368 570 1500 619 seipsam

93 619 217 665 ,tangit
234 630 302 653 rem
314 648 324 662 ,
342 621 374 654 in
384 632 483 667 quam
492 623 559 667 agit
572 635 579 656 :
591 634 627 656 ut
644 624 725 671 ignis
736 622 869 670 liguum.
884 621 1067 657 contaetus
1081 623 1210 655 virtutis
1229 633 1254 654 ιε
1272 622 1389 655 dicitur
1401 649 1409 662 ‚
1433 633 1500 667 quo

109 678 207 713 agens
218 679 276 714 pet
288 671 440 704 virtutem
458 669 600 705 diffusam
611 669 789 718 subjeRum
800 673 952 719 attingit:
968 668 1007 704 sic
1023 668 1069 704 sol
1079 681 1195 704 terram
1209 668 1385 705 collustrat.
1396 671 1499 714 Qiae„

108 714 170 748 stio
193 716 305 762 itaque
330 718 374 751 est
395 729 502 753 utrum
521 718 592 754 fieri
609 721 798 756 naturaliter
812 719 907 768 posfit
919 748 928 762 ,
947 730 984 753 ut
998 731 1094 768 agens
1105 720 1139 753 in
1156 729 1226 752 rem
1245 718 1414 753 distantem
1430 720 1498 754 vim

95 762 196 800 ,suam
211 762 251 800 fic
264 777 385 810 exerat,
400 778 436 801 ut
449 779 507 815 per
518 769 726 817 interjedmm
746 771 890 805 medium
907 780 946 803 ea
961 769 1008 803 vis
1023 781 1093 805 non
1105 766 1316 803 diffundatur.

637 870 747 902 Unica
764 867 938 914 Conclusio.

149 965 232 1000 Non
247 963 350 1014 potest
363 962 431 997 dari
444 967 528 1000 aetio
542 965 654 1000 saltem
667 964 852 999 naturaliter
860 967 893 1000 in
908 976 978 999 rem
990 964 1161 999 distantem
1173 992 1183 1007 ,
1200 966 1244 999 ita
1261 972 1298 997 ut
1314 965 1362 999 vis
1379 963 1496 1012 agendi

107 1024 164 1061 per
179 1011 383 1062 interjestum
396 1014 540 1048 medium
554 1028 620 1049 non
634 1011 838 1048 diffundatur.

143 1061 304 1096 Probatur
316 1061 475 1107 conclufio.
496 1065 614 1098 Omnis
633 1061 719 1095 causa
731 1074 765 1097 ut
784 1073 876 1110 agat,
897 1061 997 1096 debet
1010 1060 1071 1096 esse
1083 1062 1298 1098 determinata
1309 1090 1319 1104 ,
1336 1061 1399 1096 five
1413 1061 1433 1097 ἐι
1446 1060 1495 1096 se-

106 1108 266 1158 ipsa‚five
283 1108 325 1145 ab
335 1107 506 1159 aliotimo·
519 1114 605 1147 aetio
621 1109 705 1145 nihil
727 1111 770 1145 est
790 1111 876 1144 aliud
897 1122 996 1156 quarn
1017 1110 1115 1144 causae
1135 1110 1307 1146 effectricis
1338 1110 1496 1144 determi-

106 1161 209 1196 natio.
237 1159 338 1208 Atqui
364 1156 386 1192 si
406 1170 502 1207 agens
528 1160 622 1210 poffit
652 1170 748 1207 agere
783 1161 816 1194 in
841 1157 957 1193 distans
982 1186 990 1197 ‚
1021 1160 1069 1193 vis
1088 1159 1169 1193 illius
1192 1188 1202 1203 ‚
1218 1169 1274 1193 aut
1296 1159 1384 1192 actio
1403 1158 1493 1194 nullo

101 1209 209 1243 modo
223 1211 283 1244 erit
295 1209 509 1244 determinata
520 1238 529 1253 ,
544 1222 581 1243 ac
592 1207 680 1244 nulla
698 1207 783 1242 illius
801 1209 863 1242 erit
872 1207 1048 1243 activitatis
1060 1206 1192 1256 sphaera.
1207 1210 1330 1255 Neque
1342 1210 1431 1243 enirn
1445 1210 1495 1242 vis

106 1255 188 1291 illius
213 1270 270 1305 per
290 1258 494 1306 interjectum
520 1259 664 1294 medium
688 1259 875 1300 minuetur;
897 1269 1002 1304 eaque
1030 1254 1147 1291 servari
1167 1258 1288 1306 poterit
1311 1259 1436 1304 integra
1452 1256 1494 1290 ad

104 1305 290 1353 quamlibet
304 1305 488 1342 distantiam
501 1320 626 1355 3neque
637 1305 701 1340 ulla
712 1309 772 1340 erit
781 1308 865 1341 ratio
879 1335 888 1349 ,
903 1317 959 1340 cur
975 1308 1082 1353 potius
1097 1307 1131 1341 in
1145 1317 1233 1340 certa
1250 1305 1399 1339 distantia
1416 1317 1495 1353 aget

104 1367 141 1389 te
156 1357 288 1403 incipiat
298 1384 308 1399 ‚
321 1356 421 1402 quam
432 1358 463 1390 in
478 1356 540 1392 alia
554 1368 624 1399 ;cur
635 1354 677 1388 ab
687 1367 752 1388 uno
767 1357 874 1402 potius
886 1353 1015 1389 milliari
1028 1383 1038 1397 ‚
1057 1365 1155 1400 quarn
1167 1354 1188 1389 ὲ
1201 1353 1326 1389 duobus
1338 1356 1492 1389 virtutem

105 1402 191 1438 suam
209 1403 388 1439 diffundere
402 1406 536 1451 incipiat
552 1417 560 1439 :
580 1416 648 1451 quae
666 1404 777 1437 omnia
791 1416 856 1437 non
866 1402 967 1437 modo
977 1415 1050 1436 cum
1068 1405 1268 1451 experientia
1281 1401 1493 1450 pugnant‚sed

104 1455 247 1488 omnino
263 1453 413 1487 videntur
426 1451 560 1488 absurda
572 1482 582 1496 ‚
594 1464 648 1487 aut
666 1463 753 1486 certe
768 1463 886 1486 naturae
898 1449 1020 1486 viribus
1035 1450 1104 1486 fieri
1113 1464 1178 1486 non
1190 1449 1326 1500 possunt.

152 1503 206 1537 An
224 1502 302 1537 vero
314 1506 390 1538 Deo
406 1502 538 1537 volente
551 1502 584 1535 id
600 1500 666 1535 fieri
681 1499 793 1548 poslit,
805 1513 872 1535 non
898 1500 1090 1534 crediderim
1112 1500 1144 1533 id
1154 1500 1298 1535 nostrum
1310 1498 1370 1534 else
1383 1499 1493 1534 decer-

103 1562 184 1586 nere
197 1552 274 1598 quid
285 1551 355 1586 fieri
368 1549 473 1586 &Deo
485 1549 592 1599 poffit.
611 1552 727 1585 Tutius
747 1550 791 1583 est
806 1563 871 1584 non
887 1551 1081 1597 praecipitare
1102 1547 1310 1591 sententiam,
1329 1553 1363 1584 &
1377 1547 1494 1595 quous-

105 1611 171 1646 que
186 1601 351 1635 manifesta
361 1611 512 1648 appareat
525 1599 740 1635 contraditffio
751 1601 800 1642 ,in
817 1611 888 1633 eam
901 1600 1007 1646 potius
1024 1598 1242 1645 propendere,
1254 1610 1326 1644 quae
1339 1609 1406 1631 rem
1424 1610 1492 1633 non

105 1647 169 1682 effe
184 1651 312 1696 penitus
330 1647 559 1696 impossibilem
580 1648 748 1683 defendit:
764 1646 933 1696 ptaesertim
957 1659 1029 1681 cum
1041 1658 1138 1695 agens
1152 1658 1193 1680 eo
1214 1657 1339 1680 tantum
1358 1648 1492 1680 nomine

105 1709 173 1732 non
191 1695 289 1745 poffit
306 1700 372 1732 vim
390 1696 476 1732 suam
490 1700 522 1732 in
536 1698 649 1732 distans
669 1696 851 1732 diffundere
865 1726 874 1740 ‚
888 1695 975 1744 quod
995 1694 1138 1744 subjedto
1154 1695 1298 1743 indigeat
1310 1723 1319 1737 ‚
1335 1695 1386 1728 cui
1403 1694 1492 1728 aetio

106 1745 261 1794 applicari
283 1746 387 1790 poffit.
415 1749 505 1783 Nam
522 1746 701 1795 subJesturn
715 1747 883 1780 astionem
898 1747 1022 1793 agentis
1046 1745 1260 1786 determinat,
1275 1756 1346 1790 quae
1367 1742 1493 1789 alioqui

107 1794 186 1830 effet
206 1795 389 1831 indifferens
403 1823 412 1837 ‚
427 1801 460 1832 &
480 1797 738 1831 indeterminata.
766 1795 829 1830 Sed
847 1794 902 1829 illa
928 1793 1063 1842 subjecti
1087 1792 1261 1842 applicatio
1278 1792 1325 1826 est
1346 1792 1490 1826 conditio

105 1854 204 1889 quam
219 1848 308 1879 Deus
321 1844 464 1893 supplere
476 1846 578 1892 potest
588 1861 598 1878 .·
615 1858 690 1879 cuin
707 1848 795 1879 Deus
807 1842 870 1891 ipse
883 1841 976 1890 posfit
989 1842 1114 1877 causam
1137 1843 1350 1877 determinare
1369 1851 1403 1874 ut
1415 1851 1492 1888 agat

105 1893 140 1926 in
155 1893 212 1928 tali
226 1893 381 1942 subjecto.
401 1894 503 1937 Quod
518 1893 538 1928 si
550 1893 682 1928 enimid
692 1892 818 1927 efficere
832 1891 928 1940 poffit
939 1919 949 1934 ‚
965 1903 1000 1927 ut
1020 1890 1108 1926 calor
1125 1889 1161 1925 fit
1172 1889 1235 1925 fine
1251 1889 1395 1937 [ωδ]εὲὶο
1408 1917 1416 1931 ,
1429 1901 1492 1938 po-

105 1944 184 1977 terit
200 1943 233 1977 id
249 1955 381 1990 quoque
394 1940 526 1977 efficere
537 1955 572 1977 ut
586 1942 673 1977 calor
684 1942 879 1990 producatur
888 1941 906 1976 ὲ
920 1940 1008 1975 causa
1016 1939 1080 1976 fine
1088 1939 1230 1987 subjeClm
1242 1967 1251 1981 ,
1260 1940 1357 1974 autin
1373 1939 1492 1984 quovis

106 1988 184 2026 licet
195 1992 415 2028 remotislimo.
428 1992 521 2026 Idem
532 1992 574 2026 est
584 1995 671 2027 enim
682 1991 816 2027 effeetus
825 1988 888 2024 sive
905 1989 942 2025 fit
960 1991 993 2024 in
1005 1988 1146 2038 subjecto
1161 2017 1170 2032 ,
1189 1987 1253 2023 five
1273 1998 1364 2023 extra
1387 1985 1492 2036 subje-

105 2038 208 2076 ἂιπη.
235 2042 270 2075 ld
291 2042 423 2089 quidam
441 2043 528 2076 vires
546 2053 664 2076 naturae
680 2040 827 2089 superat3
846 2052 921 2075 narn
939 2037 1026 2073 causa
1043 2052 1109 2073 non
1120 2036 1253 2086 agitnisi
1262 2037 1491 2078 determinata,

106 2090 197 2136 quod
212 2102 249 2124 ex
261 2089 392 2140 subjeeti
404 2090 622 2139 applicatione
634 2089 856 2137 consequitur:
877 2087 929 2123 sed
946 2091 1037 2123 Deus
1050 2087 1132 2123 hanc
1156 2086 1278 2136 supplet
1296 2084 1491 2133 applicatio-

108 2149 184 2175 nem
201 2152 294 2174 :nam
304 2141 610 2189 impedimentorum
620 2141 761 2174 remotio
776 2168 785 2181 ,
799 2144 831 2174 &
850 2137 983 2186 subJecti
1005 2136 1183 2184 applicatio
1201 2135 1271 2170 sunt
1285 2134 1491 2168 conditiones

108 2185 150 2219 ad
163 2189 322 2236 agendum
341 2188 497 2236 requifitae
508 2218 517 2233 ,
527 2187 578 2223 sed
592 2189 796 2223 conditiones
813 2197 939 2221 tantum
951 2214 960 2229 ,
970 2185 1087 2233 quibus
1098 2188 1189 2221 Deus
1198 2197 1264 2220 non
1281 2182 1429 2231 illigatur.

593 2286 773 2322 Solvuntur
797 2283 992 2330 obs·e5liones.

172 2385 242 2431 Qii
258 2384 323 2419 vim
336 2385 457 2431 agentis
472 2385 505 2420 in
519 2383 636 2420 distans
650 2385 737 2419 exeri
756 2380 841 2432 polle
859 2380 1081 2425 contendunt,
1101 2378 1203 2416 multa
1222 2378 1324 2414 solent
1349 2378 1492 2428 objicere

1183 2432 1215 2465 V
1229 2440 1277 2464 uu
1296 2429 1330 2475 iij
