1857 2745
439 141 805 181 TRACTATUS
839 141 1158 180 SECUNDUS.
1435 141 1472 178 ‘i

102 189 240 239 amplius
255 191 298 225 est
310 201 384 225 caro
398 191 607 235 animalis‚sed
623 204 713 227 mera
728 205 816 236 caro,
828 197 862 229 &
878 204 994 240 corpus
1009 194 1147 227 mixtum
1160 203 1199 226 ex
1214 189 1394 226 elementis.
1411 156 1488 226 Νέἑ

99 240 201 274 video
216 240 295 286 quid
311 238 396 274 aliud
421 243 566 289 generari
583 240 676 288 possit
691 243 771 276 novi
787 244 820 275 in
835 253 972 289 corpore
989 240 1134 275 animalis
1148 268 1158 283 ,
1186 252 1261 274 cum
1287 239 1320 273 id
1339 241 1483 274 moritur.

103 288 169 323 Sed
180 287 249 323 haec
264 287 363 324 alibi:
380 302 488 337 neque
502 292 587 324 enim
605 291 716 323 omnia
727 289 815 324 fimul
829 291 912 324 tradi
935 288 1069 338 possunt.

135 337 304 372 ‘Postremo
315 366 324 381 ,
343 340 476 373 minime
492 335 659 374 neceisaria
676 339 803 374 videtur
814 339 918 373 forma
927 350 995 385 quae
1009 339 1234 384 corporeitatis
1248 334 1347 384 vulgo
1359 336 1484 380 dicitur,

101 396 239 432 quoeque
257 387 313 420 dat
325 385 385 421 else
405 389 558 435 corporis.
577 389 665 422 Nam
684 387 789 422 forma
798 400 868 434 quae
882 387 937 421 dat
951 385 1012 420 effe
1029 385 1126 428 ferri,
1142 386 1196 419 dat
1207 386 1321 419 itidem
1335 383 1395 419 effe
1408 397 1486 420 cor-

101 436 201 480 poris,
218 436 298 470 Non
315 436 401 470 enini
422 436 528 484 potest
547 434 608 470 effe
618 448 733 484 corpus
743 438 822 484 quin
840 435 877 469 sit
896 438 928 470 in
953 434 1060 482 aliqua
1073 433 1175 483 specie
1189 435 1403 468 determinata
1419 447 1426 469 :
1450 439 1484 470 &

102 493 174 528 quae
190 483 294 518 forma
304 496 418 532 corpus
428 482 551 528 efficit,
567 485 681 519 eadem
695 485 756 519 hoc
769 496 884 532 corpus
902 489 936 521 δε
953 495 1076 517 certum
1088 483 1184 518 consti
1191 486 1262 519 tuit.
1283 481 1354 518 Alia
1377 482 1420 515 est
1437 493 1485 515 ra-

103 534 152 565 tio
168 531 280 566 fortnae
291 534 452 577 viventis¹
474 546 544 581 quae
558 533 597 567 ad
613 536 817 581 operationes
833 533 898 568 suas
911 562 920 576 ‚
935 531 1010 566 alias
1021 531 1143 566 formas
1158 530 1376 579 praesupponit.
1394 531 1483 565 Nam

101 590 207 626 partes
217 583 382 628 organicas
395 584 511 630 exigit:
525 582 577 616 sed
590 581 695 616 forma
705 582 861 618 elementi
873 594 934 617 una
949 586 983 617 &
996 580 1110 614 eadem
1123 581 1186 623 est,-
1201 592 1273 626 quae
1286 591 1401 626 corpus
1412 576 1483 612 effi·

101 628 147 660 cit
158 633 194 664 &
207 628 271 663 tale
285 642 408 678 corpus.
428 630 495 667 Nisi
508 631 592 666 forte
606 633 677 678 quis
694 631 776 667 velit
789 632 928 667 formam
951 640 1082 677 quoque
1107 628 1276 677 agnoscere
1291 657 1301 671 ‚
1325 639 1395 674 quae
1410 639 1483 678 gra-

102 675 180 710 dum
199 677 319 713 tribuat
340 678 522 715 substantia:
537 695 545 716 :
563 681 653 727 quod
674 682 784 728 utique
811 682 949 715 omnino
969 676 1140 713 absurdum
1164 675 1250 712 effet.
1277 678 1394 722 Itaque
1411 677 1482 709 latis

100 722 201 759 fuerit
215 729 386 775 unicuique
400 729 566 764 elemento
584 728 670 763 suani
686 729 826 765 formam
844 728 986 765 tribuere
1004 741 1015 763 ε
1043 738 1104 762 nec
1118 723 1290 762 necessario
1309 725 1355 759 est
1377 724 1482 759 forma

107 770 278 822 simplicior
291 804 302 819 ‚
326 788 394 823 quae
411 779 634 826 corporeitatis
647 778 772 815 dici-tur.

564 876 651 923 QU
673 878 712 910 AE
732 877 754 911 S
778 878 809 912 T
835 878 849 910 1
870 879 905 913 O
942 878 955 911 1
973 879 1024 913 11.

336 974 392 1005 De
407 973 569 1019 utriusque
583 974 673 1018 causfae
689 974 872 1007 materialis
893 971 1091 1018 &formalis
1107 973 1224 1021 effeflu.

106 1064 400 1151 COnipositum
417 1073 450 1105 &
464 1072 600 1118 partium
619 1072 696 1104 unio
712 1098 722 1112 ,
751 1081 786 1104 ut
806 1069 1001 1116 loquuntur,
1026 1069 1096 1106 sunt
1124 1070 1221 1106 causae
1253 1070 1427 1107 materialis
1447 1074 1481 1106 &

194 1113 339 1148 formalis
356 1114 509 1154 effectus:
528 1119 568 1152 de
587 1120 624 1152 iis
639 1119 721 1152 adeo
732 1116 891 1170 sigillatim
909 1119 1093 1154 dicendum.

678 1215 731 1248 De
754 1215 927 1265 compofito.

199 1313 338 1348 Uaeritut
347 1314 451 1358 primo
459 1325 501 1349 an
509 1314 591 1347 inter
602 1325 707 1361 partes
718 1313 884 1363 compositi
900 1315 1068 1349 materiam
1079 1319 1112 1350 &
1129 1313 1269 1348 formam
1279 1311 1371 1347 realis
1383 1315 1481 1347 inter-

201 1361 295 1395 cedat
315 1362 486 1398 distinctio.

135 1411 225 1456 Reffi.
240 1411 413 1444 Materiam
427 1416 460 1446 &
471 1410 610 1444 formam
625 1409 754 1444 realiter
766 1412 850 1444 inter
862 1409 891 1444 se
906 1410 1058 1458 distingui.
1086 1410 1173 1444 Cum
1199 1412 1287 1443 enim
1311 1409 1418 1445 forma
1436 1409 1482 1444 est

105 1457 258 1501 absoluta,
270 1469 305 1491 ut
319 1460 425 1492 anima
439 1458 617 1501 rationalis,
633 1471 700 1493 tum
712 1458 818 1507 palam
831 1459 877 1493 est
888 1471 959 1493 earn
978 1458 1156 1506 ὲεοῐροῐε,
1172 1468 1208 1492 ut
1221 1470 1289 1492 rem
1310 1457 1329 1493 ὲ
1343 1457 1483 1505 resejun-

99 1509 133 1554 gi
154 1535 162 1549 ‚
183 1511 217 1542 &
237 1506 402 1553 separatim
425 1507 511 1554 posse
533 1508 682 1542 existere.

134 1556 223 1589 Cum
233 1555 461 1590 autem‘forma
476 1554 574 1590 habet
595 1558 647 1602 effi
659 1555 872 1603 respeffivum
887 1585 896 1598 ,
913 1555 944 1589 id
957 1567 1086 1603 quoque
1105 1554 1238 1602 planum
1252 1554 1298 1588 est
1317 1566 1415 1590 unam
1438 1554 1480 1590 ab

97 1603 199 1638 altera
218 1603 346 1637 realiter
356 1604 599 1650 quodammodo
614 1632 623 1646 ,
639 1617 698 1639 nec
707 1603 771 1639 sola
784 1606 985 1653 cogititione
1007 1604 1125 1638 secerni
1148 1618 1156 1639 :
1170 1616 1243 1637 cum
1257 1602 1348 1638 vnulla
1362 1602 1398 1638 fit
1416 1604 1484 1638 for..

99 1664 152 1686 ma
164 1650 313 1686 sensibilis
331 1681 339 1695 ‚
357 1652 599 1699 quaeiiniareria
614 1653 747 1702 separari
759 1667 826 1688 non
840 1651 958 1702 poffit3
979 1664 1116 1699 cunique
1143 1654 1232 1686 unius
1256 1652 1328 1685 idea
1345 1652 1483 1700 positive

98 1700 246 1736 excludat
268 1701 374 1734 ideam
397 1701 526 1735 alterius
551 1716 559 1737 :
588 1715 652 1736 una
668 1704 788 1750 quippe
806 1703 853 1736 est
875 1704 1024 1750 potentia
1048 1701 1087 1734 ad
1115 1702 1167 1747 effe
1189 1727 1198 1738 ,
1227 1699 1327 1734 altera
1356 1701 1403 1734 est
1428 1713 1482 1735 ac..

99 1760 168 1792 tus,
198 1748 249 1782 seu
277 1751 358 1783 ratio
386 1749 530 1784 formalis
552 1750 645 1796 ipsius
668 1754 721 1797 effe
747 1765 754 1785 :
794 1763 863 1798 quae
886 1751 1004 1785 scilicet
1027 1750 1081 1784 dat
1098 1749 1164 1784 'hoc
1179 1749 1256 1794 effe;
1280 1747 1333 1781 illa
1357 1749 1401 1782 est
1432 1751 1482 1783 in-

99 1798 314 1832 determinata
334 1803 367 1834 δε
388 1811 489 1847 vaga,
525 1799 593 1833 haec
618 1800 659 1833 ad
685 1811 807 1834 certam
831 1811 976 1835 naturam
998 1798 1175 1845 subjectum
1206 1795 1308 1845 ipsum
1330 1798 1483 1832 determi-

97 1858 162 1883 nat.

132 1896 218 1938 Sed,
234 1896 372 1940 inquies,
395 1893 499 1930 forma
517 1894 661 1930 absoluta
678 1897 820 1930 viventis
838 1895 918 1930 nihil
933 1895 979 1929 est
992 1894 1047 1931 nifi
1063 1896 1197 1929 materia
1217 1894 1361 1941 quaedam
1381 1892 1483 1928 subti-

98 1942 211 1980 liffirna
223 1972 232 1986 ‚
256 1948 291 1980 &
305 1945 446 1978 maxime
462 1944 589 1980 miniosa
602 1973 612 1987 ,
643 1955 677 1978 ut
695 1945 728 1977 in
745 1942 875 1991 Physica
892 1944 1097 1980 ostendemus
1116 1958 1124 1980 :
1141 1955 1219 1992 ergo
1235 1955 1274 1978 ea
1291 1956 1358 1979 non
1371 1941 1485 1977 distin·

99 2005 206 2041 guitur
222 2005 243 2027 a
263 2004 405 2026 materia.

136 2042 222 2089 Resp.
235 2043 306 2075 Nos
316 2044 485 2077 materiam
496 2042 676 2090 intelligere
696 2043 784 2090 quod
799 2041 929 2077 crassum
951 2043 994 2076 est
1011 2047 1043 2078 &
1063 2039 1205 2076 sensibile
1223 2069 1233 2084 ‚
1250 2039 1409 2087 quodque
1440 2039 1483 2075 ab

97 2089 164 2124 alio
184 2089 369 2136 perficitur3
389 2090 529 2125 formam
547 2090 627 2126 vero
650 2092 681 2125 id
704 2091 791 2138 quod
820 2090 1024 2133 dominatur,
1043 2092 1125 2138 regit
1138 2119 1148 2133 ,
1171 2091 1318 2124 continet
1340 2089 1483 2124 elemen-

100 2149 152 2180 ta,
180 2137 230 2173 seu
253 2140 419 2173 materiam
448 2139 568 2187 ipsam,
598 2143 769 2174 communi
786 2142 932 2174 omnium
957 2139 1043 2174 sensu
1065 2145 1098 2176 ὅ(
1119 2150 1200 2172 voce
1226 2137 1388 2185 appellari.
1430 2140 1482 2172 Sic

102 2186 206 2220 fornia
217 2188 330 2221 dicitur
351 2190 384 2222 in
405 2188 590 2223 viventibus
609 2188 781 2223 substantia
803 2189 952 2234 quaedam
970 2191 1075 2222 tenuis
1099 2193 1132 2223 &
1146 2198 1260 2233 vegeta
1281 2214 1290 2228 ‚
1325 2198 1394 2232 quae
1408 2198 1482 2235 par-

101 2246 147 2268 tes
166 2248 278 2269 omnes
299 2236 389 2270 velut
412 2239 444 2271 in
472 2236 516 2271 sui
538 2235 697 2284 obsequio
725 2240 891 2279 continet,
916 2249 1052 2283 quaeque
1088 2236 1293 2271 fiiiistionum
1325 2235 1368 2268 est
1391 2233 1481 2269 causa

99 2285 251 2331 primaria
275 2298 283 2319 ι
313 2297 373 2318 nec
395 2285 502 2319 forma
521 2298 628 2320 tamen
652 2286 715 2319 dici
736 2285 838 2332 potest
852 2314 860 2327 ,
897 2283 953 2320 nisi
973 2297 1008 2319 ut
1037 2285 1079 2318 est
1101 2288 1131 2318 iii
1154 2295 1287 2330 corpore
1306 2285 1480 2331 organico,

99 2333 150 2365 ciii
179 2333 277 2366 vitam
301 2337 334 2368 δε
356 2331 475 2368 sensum
500 2333 642 2382 largitur.
674 2336 761 2368 Tum
787 2336 875 2367 enim
902 2336 995 2367 certis
1014 2333 1137 2382 legibus
1164 2344 1278 2378 corpus
1310 2344 1423 2366 movet
1445 2337 1481 2367 &

99 2390 234 2430 vegetat
251 2409 261 2425 ‚
289 2386 324 2416 &
349 2379 414 2416 sese
441 2382 635 2431 multiplicat
665 2383 735 2419 fere
763 2382 856 2418 instat
877 2382 1034 2426 flmnmae,
1057 2393 1113 2417 aut
1134 2392 1190 2430 per
1208 2378 1251 2415 sui
1273 2379 1484 2424 divisionem,
