1857 2745
688 168 716 203 L
734 169 768 203 O
787 168 816 202 G
835 167 849 202 1
865 166 894 203 C
912 168 959 201 ΑΞ.
1481 166 1517 201 '21

125 220 233 257 medio
244 221 393 256 continet
407 247 417 264 ‚
441 221 549 255 minor
561 229 632 267 quae
658 220 761 253 minus
775 229 955 253 extremum
971 225 1044 249 cum
1057 212 1168 250 medio
1182 212 1410 263 complectitur
1423 230 1432 259 3
1450 214 1513 251 five

123 270 222 319 priori
234 268 308 304 loco
316 299 326 313 ‚
347 268 410 304 sive
418 270 591 318 posteriori
606 266 792 302 collocetur.

157 322 201 354 Ex
215 321 302 353 varia
314 321 496 355 communis
509 348 519 363 ,
541 317 594 353 seu
611 317 710 352 medii
723 320 853 353 termini
863 329 936 351 cum
945 326 1084 363 utroque
1094 324 1241 348 extremo
1251 316 1454 349 connexione
1464 315 1513 350 di-

123 367 217 404 versae
227 380 356 416 quoque
364 368 620 418 syllogismorum
639 366 744 415 figurae
759 368 927 415 prodeunt.
944 366 1030 400 Cum
1054 365 1143 399 enim
1161 363 1283 398 medius
1302 366 1455 398 terminus
1478 367 1512 400 in

123 421 245 466 majore
253 417 471 466 propositione
484 417 618 467 subjecti
632 446 642 460 ,
664 419 697 451 in
710 420 835 452 minore
848 414 998 450 attributi
1008 414 1115 448 locum
1129 423 1220 446 tenet
1229 441 1238 454 ‚
1249 423 1317 446 tum
1328 415 1434 460 prima
1448 415 1513 448 ori-

124 479 174 502 tur
192 464 300 515 figura.
320 468 406 503 Cum
417 470 451 503 in
465 480 602 516 utraque
619 463 770 516 praemilsa
793 466 915 500 medius
938 464 1093 498 terminus
1110 462 1315 509 praedicatur,
1343 460 1513 499 secundam

123 513 223 550 efficit
238 514 391 563 figuram:
414 519 449 553 in
470 521 565 552 tertia
576 517 717 564 denique
730 516 855 550 medius
870 515 1024 550 terminus
1044 513 1077 547 in
1098 521 1235 557 utraque
1252 508 1402 558 praemiffa
1417 510 1513 560 subji-

124 566 204 599 citur
217 579 224 600 :
236 569 327 612 juxta
339 569 449 602 tritum
464 566 554 603 illum
567 564 761 602 versiculum.

474 639 542 675 Sub
561 651 623 690 prae
632 643 742 690 prima
754 671 764 685 ‚
777 637 839 687 fid
848 640 955 673 altera
970 637 1018 673 bis
1033 648 1093 685 prae
1106 664 1112 673 .
1126 636 1222 669 tertia
1244 631 1369 680 bisficb.

156 688 345 736 Exemplum
355 691 464 737 primae
476 690 580 739 figura:
596 690 685 740 supra
699 690 879 726 attulimus.
901 687 1096 737 Exemplum
1116 684 1275 733 secundae,
1290 681 1350 730 ubi
1372 683 1515 719 medium

123 737 171 772 bis
186 739 392 786 praedicatur,
415 737 451 774 stt
470 739 525 776 ille
535 739 744 788 syllogismus.

545 814 667 849 Omnis
692 815 795 848 virtus
819 816 863 848 est
879 811 1071 856 laudabilis3

488 863 552 897 Sed
582 864 732 911 injustitia
750 875 817 898 non
838 863 880 897 est
907 861 1075 897 laudabilis
1092 879 1101 905 ·‚

489 915 573 960 Ergo
590 913 737 960 injustitia
747 925 812 946 non
824 913 866 946 est
876 914 985 946 virtus-

157 960 349 1009 Exemplum
370 961 471 993 tertiae
489 959 596 1009 figurae
608 988 618 1003 ,
645 960 701 995 ubi
718 961 862 995 medium
881 960 930 994 bis
952 958 1127 1007 subjicitur.

559 1012 680 1044 Omnis
700 1009 778 1055 lapis
793 1008 838 1042 est
864 1007 1033 1042 submntia
1049 1024 1058 1049 3

504 1057 569 1091 Sed
585 1057 701 1103 aliquis
721 1057 802 1103 lapis
817 1056 862 1089 est
883 1056 1033 1090 Adamas.

504 1109 587 1154 Ergo
612 1105 728 1153 aliquis
746 1105 887 1139 Adamas
901 1104 944 1139 est
957 1102 1139 1138 substantia.

152 1156 250 1192 Modi
265 1157 344 1194 verb
361 1155 613 1206 syllogismorum
625 1167 661 1189 ex
671 1157 856 1202 quantitate
871 1159 905 1191 &
917 1152 1078 1200 qualitate
1093 1149 1348 1200 propositionum
1360 1151 1514 1198 pendent:

121 1206 180 1241 hos
196 1209 328 1254 utique,
347 1219 385 1242 ut
399 1205 530 1241 libirrun
549 1205 612 1247 est,
628 1204 681 1239 vel
691 1214 810 1253 augent
819 1202 873 1238 vel
884 1205 1050 1245 minuunt;
1064 1213 1163 1249 atque
1176 1204 1211 1235 iis
1224 1199 1309 1235 ultro
1322 1200 1516 1243 accedimus,

121 1258 179 1304 qui
197 1258 335 1304 primam
350 1256 483 1306 figuram
504 1267 571 1290 non
593 1254 693 1288 modo
707 1250 990 1302 perfectissunam,
1020 1250 1072 1286 sed
1087 1262 1185 1286 unam
1212 1262 1295 1298 pene
1312 1247 1517 1284 necessariam

121 1305 310 1342 existimant.
325 1309 414 1343 Nam
426 1306 537 1340 omnia
562 1303 771 1351 quaestionum
781 1314 900 1353 genera
910 1300 1061 1336 concludi
1084 1305 1117 1335 in
1133 1312 1171 1334 ea
1190 1297 1334 1348 possunt,
1354 1296 1517 1333 affirman-

122 1356 205 1389 tium
219 1384 228 1398 ,
245 1357 454 1405 negantium,
468 1352 698 1389 universalium
714 1382 723 1396 ,
741 1351 981 1401 particularium
997 1365 1004 1386 :
1030 1362 1105 1385 cum
1120 1352 1152 1384 in
1168 1348 1304 1384 secunda
1325 1347 1426 1396 figura
1445 1359 1516 1382 tan-

122 1415 192 1438 tum
201 1417 354 1452 negantes
369 1421 377 1447 ·,
396 1407 430 1440 in
444 1405 539 1439 tertia
550 1401 759 1452 particulares
783 1402 941 1437 duntaxat
958 1398 1107 1436 concludi
1126 1397 1245 1447 possint
1259 1428 1269 1442 ,
1298 1400 1346 1432 uti
1372 1409 1448 1432 mox
1466 1397 1516 1431 di-

121 1455 202 1488 &uti
219 1451 330 1489 sumus.

160 1503 281 1537 Modus
300 1506 411 1550 itaque
425 1500 597 1550 syllogismi
617 1500 789 1547 respondet
803 1506 868 1548 ejus
890 1502 1033 1534 materiae
1060 1501 1222 1546 proximae.
1252 1499 1365 1545 Qare
1390 1499 1414 1528 is
1432 1495 1517 1530 nihil

120 1549 209 1584 aliud
221 1552 264 1584 est
277 1579 286 1592 ,
307 1551 364 1586 nisi
384 1548 606 1598 praemiss'arum
619 1548 794 1584 sectmdum
811 1550 1031 1595 quantitatem
1055 1546 1089 1582 δ’(
1105 1546 1298 1594 qualitatem
1322 1542 1516 1579 conclufioni

123 1598 297 1634 inferendae
325 1612 401 1648 apta
421 1596 596 1647 dispositio.

157 1648 254 1681 Modi
281 1647 465 1696 syllogistici
479 1645 709 1681 novemdecim
737 1645 834 1694 vulgo
850 1657 1078 1689 numerantur,
1105 1646 1161 1693 qui
1184 1643 1322 1679 totidem
1348 1640 1515 1677 vocabulis

123 1695 258 1744 expreffi
273 1708 409 1743 quatuor
428 1695 512 1731 hisce
528 1693 668 1729 versibus
683 1694 916 1743 comprehendi
934 1694 1047 1731 solent.

221 1744 395 1784 Barbara,
420 1746 562 1779 celarent
576 1771 585 1782 ‚
613 1744 731 1779 Darii.
748 1744 834 1789 ferio
849 1771 856 1781 ,
878 1745 1069 1792 Baralipton
1081 1771 1091 1785 ,

220 1795 376 1828 celantes
388 1823 396 1833 ,
431 1793 553 1828 dabitis
578 1820 587 1834 ‚
628 1792 771 1838 fapesmo
799 1821 809 1834 ,
839 1792 1072 1838 frisesbmorum
1083 1819 1093 1831 ‚

220 1845 336 1887 Cefizre
351 1871 360 1882 ‚
402 1841 592 1886 Camestres,
614 1840 726 1885 festino
745 1869 753 1879 ,
776 1844 896 1876 Baroco
910 1869 918 1879 ,
949 1841 1080 1889 dat-apti
1093 1866 1102 1878 ‚

221 1893 377 1940 Felapton
400 1921 409 1935 ,
440 1891 581 1936 Dtfizmis
593 1919 602 1933 ,
634 1890 746 1935 Datifi
762 1919 773 1932 ‚
798 1890 941 1924 Bocardo
956 1917 965 1927 ‚
981 1887 1108 1934 fbrisbn.

159 1944 295 1978 Novem
309 1944 431 1989 priores
444 1940 534 1975 modi
547 1941 712 1986 pertinent
727 1938 767 1972 ad
779 1939 916 1985 primam
941 1936 1075 1984 figuram
1094 1951 1102 1972 :
1119 1948 1257 1983 quatuor
1278 1937 1375 1985 primi
1393 1948 1518 1973 vocan..

125 2001 176 2025 tur
191 1991 307 2026 directi
319 2008 328 2034 3
340 1993 486 2038 quinque
500 1988 554 2023 alii
569 1988 722 2023 indirecsti
737 1998 744 2020 :
764 1998 903 2035 quatuor
918 1985 1090 2034 sequentes
1105 1988 1270 2034 pertinent
1288 1986 1327 2020 ad
1349 1984 1517 2022 secundam

125 2037 262 2088 figuram
277 2056 286 2082 3
302 2038 352 2075 sex
369 2039 487 2086 reliqui
499 2038 540 2071 ad
554 2039 694 2072 tertiam.

161 2089 284 2124 Modus
295 2100 405 2124 autem
415 2086 553 2122 directus
572 2089 595 2120 is
609 2087 669 2129 est,
685 2088 717 2120 in
731 2090 911 2134 quomajus
928 2098 1109 2121 extremum
1123 2087 1164 2121 de
1182 2086 1307 2119 minore
1332 2084 1518 2131 praedicatut

126 2139 161 2173 in
178 2137 443 2174 conclusionezut
453 2137 568 2172 modus
584 2137 758 2171 indire&us
772 2137 796 2169 is
813 2136 978 2178 dicitur‚in
998 2138 1177 2183 quominus
1196 2145 1380 2169 extremum
1393 2132 1435 2169 de
1445 2146 1518 2169 ma-

122 2190 186 2234 jori
200 2188 388 2237 praedicatur
400 2190 434 2223 in
458 2184 661 2222 conclusione
678 2199 686 2220 :
714 2184 803 2232 quod
822 2196 914 2232 patet
929 2197 968 2219 ex
982 2185 1126 2232 sequenti
1140 2182 1334 2233 syllogilmO.

610 2237 724 2271 Omne
738 2232 860 2268 animal
877 2234 920 2268 est
936 2237 1052 2269 vivens
1066 2249 1075 2268 ς

610 2285 729 2320 Omnis
743 2283 845 2318 homo
864 2283 908 2317 est
924 2282 1045 2319 animal
1061 2300 1070 2325 3
1415 2302 1434 2309 ο

557 2337 641 2383 Ergo
663 2333 767 2381 omnis
781 2332 881 2367 homo
895 2333 938 2366 est
951 2336 1077 2367 vivens.

560 2387 644 2430 Ergo
659 2380 792 2429 aliq'uod
806 2384 920 2417 vivens
931 2383 973 2416 est
984 2382 1094 2416 homo.

165 2435 201 2468 In
217 2444 284 2480 quo
298 2431 385 2482 prior
398 2431 557 2471 conclusio
571 2430 691 2469 directa
705 2460 714 2477 ,
732 2431 887 2481 posteriot
898 2431 940 2468 est
952 2430 1120 2468 indirecta.
1292 2477 1321 2512 C

1343 2490 1375 2527 ll]
