1857 2745
603 109 644 143 M
662 109 698 143 O
715 108 747 143 R
764 109 793 144 A
817 109 870 143 L1
894 110 929 145 S.
1385 129 1401 150 2

39 160 176 208 quadam
190 156 326 195 afficitur
345 157 514 194 molestia:
532 168 720 206 quanquam
733 156 793 193 fibi
810 156 959 194 debiturn
975 169 1043 194 non
1061 157 1123 194 effe
1147 159 1251 208 probe
1270 130 1436 207 intelligi?

41 211 151 258 Quare
173 219 209 243 ut
233 219 282 242 res
299 205 541 256 supernaturalis
561 206 731 255 cognosci,
759 205 800 242 fic
817 209 930 256 appeti
954 207 1143 243 naturaliter
1158 210 1264 258 potest
1283 202 1434 259 appefitu

10 295 11 298 ,
37 258 167 306 quidem
181 256 292 292 elicito
306 286 316 301 ,
335 270 403 293 non
425 259 547 293 innato.
573 257 674 292 Unde
699 256 765 305 ipse
781 256 968 296 Aristoteles
998 257 1188 294 felicitatem
1218 261 1252 294 in
1276 259 1430 308 sapientia

0 321 2 334 ν
37 305 103 356 ipfit
115 305 238 355 posuit,
256 309 306 342 cui
322 306 416 342 Plato
433 318 544 355 puram
569 305 775 354 voluptatem
791 307 947 355 adjunxit.

0 359 2 384 ἰ
63 356 131 390 Sed
145 357 267 402 inquiet
281 370 292 389 .-
314 358 478 405 appetitus
497 358 544 390 rei
561 366 681 390 naturae
698 354 818 391 viribus
838 354 1044 404 impoffibilis
1069 384 1079 400 ,
1111 358 1154 392 est
1172 369 1296 393 tantum
1316 357 1428 392 velle'i'·

37 415 88 442 tas
105 405 251 453 quaedam
266 432 276 448 ,
292 416 326 439 ut
338 405 515 452 loquuntur
532 434 541 448 ,
559 403 789 441 &desiderium
800 403 964 442 inefficax:
983 417 1062 454 ergo
1075 404 1096 440 fi
1112 418 1277 441 careamus
1288 418 1329 441 eo
1339 407 1430 454 quod

38 453 189 489 obtinere
202 466 269 490 non
281 452 460 502 possumus,
471 460 504 492 &
520 453 560 488 ad
575 459 659 502 quus
674 455 885 501 adeptionem
896 467 964 490 non
983 453 1086 489 sumus
1099 455 1120 491 a
1137 467 1249 490 natura
1265 455 1409 490 destinati
1421 484 1431 498 ,

9 499 13 538 ἶ
37 503 70 538 id
83 515 151 540 non
161 504 261 552 magis
271 502 442 539 molestum
451 502 546 539 nobis
558 503 703 539 fututum
712 505 755 539 est
770 533 781 547 ,
799 503 899 552 quam
923 503 1013 551 quod
1031 504 1235 552 Angelorum
1243 515 1356 538 natura
1367 532 1377 547 ,
1397 510 1433 541 δε

9 561 13 590 1
36 553 85 588 vis
97 551 302 601 intelligendi
311 551 406 588 nobis
416 566 483 589 non
494 555 668 602 contigerit
685 570 693 596 ς
713 566 775 589 nec
786 555 926 602 privatio
937 552 991 589 illa
1001 550 1082 589 boni
1093 553 1229 589 dicenda
1237 581 1248 597 ‚
1269 551 1321 588 sed
1333 566 1433 602 nega-

38 602 107 644 tio,
125 614 196 650 quae
208 600 303 636 nobis
324 600 457 638 molesta
471 601 531 639 effe
543 615 604 639 nec
622 603 743 647 debet,
765 615 827 638 nec
841 603 957 651 potest.

76 651 260 700 Resp.Neg·
273 662 342 688 ant.
354 651 532 688 Ostensum
546 654 669 702 quippe
684 657 751 702 jam
769 650 789 687 a
805 651 898 688 nobis
912 651 975 686 fuit
992 678 1004 695 ,
1029 651 1168 688 hominis
1187 653 1369 701 appetitum
1387 651 1434 687 sa-

34 700 108 734 tiari
123 711 188 736 non
198 698 284 748 posse
294 699 349 734 nisi
364 700 626 749 Deiposseffione
637 730 647 744 ,
658 707 692 738 δι
705 701 862 736 fruitione
880 718 889 744 3
905 700 950 735 est
962 702 1052 736 enim
1061 702 1148 738 idem
1165 702 1304 738 hominis
1318 703 1433 750 princi·

59 750 126 783 ium
137 776 148 791 ,
165 753 200 785 &
216 748 287 784 finis
296 748 426 785 ultimus
441 750 547 794 ·,ide1n
563 749 709 798 perficit,
733 750 824 797 quod
839 749 947 787 efficit.
969 750 1082 798 Qare
1099 751 1120 787 fi
1140 763 1232 787 mens
1243 751 1348 786 nostra
1366 749 1385 786 a
1403 748 1434 785 se

33 761 190 841 liaberet,
206 797 298 846 quod
316 797 392 834 ess'et
406 828 416 842 ‚
448 812 517 835 non
535 798 602 834 alio
619 810 731 848 egeret
752 799 863 842 bono,
894 812 962 847 quo
988 799 1168 836 frueretur:
1188 799 1241 835 sed
1268 802 1343 848 quia
1358 811 1435 835 eum

33 844 193 882 habemus
207 846 377 883 authorem
396 859 432 883 ut
448 847 540 884 fimus
556 877 567 893 ,
590 848 691 898 ipsum
706 860 841 897 quoque
858 847 1023 884 suavitatis
1043 849 1232 900 largitorem
1252 848 1433 885 habeamus

35 894 156 931 necesse
168 895 228 937 est,
241 899 275 930 ut
286 894 375 931 beati
390 895 493 933 fimus.

68 945 191 980 Utrum
210 954 320 978 autem
340 944 409 978 dari
426 943 520 992 possit
536 943 704 980 beatitudo
721 943 777 980 illa
789 944 942 980 naturalis
955 973 966 987 ‚
986 957 1059 992 quae
1076 947 1108 980 in
1122 944 1311 982 abstractiva
1321 949 1434 994 cogni-

35 993 128 1027 tione
140 990 277 1027 confistit
289 1020 298 1035 ,
320 992 467 1027 hocloco
478 1007 544 1029 non
558 995 767 1040 inquirimus:
793 994 826 1027 id
845 995 935 1029 enim
947 993 989 1028 ad
998 994 1189 1042 Theologos
1208 998 1361 1043 pertinet.
1386 998 1432 1030 In-

36 1042 130 1075 terim
140 1053 206 1075 non
223 1052 374 1088 negamus
386 1069 396 1084 ,
414 1044 493 1088 quin
507 1045 583 1077 Deo
598 1044 641 1076 ita
657 1041 791 1076 volente
803 1069 813 1084 ‚
836 1053 874 1074 ea
890 1042 959 1075 dari
970 1040 1074 1088 posset
1094 1055 1103 1077 :
1121 1053 1256 1089 tumque
1277 1044 1433 1079 tristitiam

34 1093 70 1127 δε
87 1091 187 1125 animi
198 1089 420 1136 aegritudinem
438 1101 510 1137 quae
522 1088 618 1124 rebus
628 1092 674 1124 ita
689 1101 725 1124 ut
745 1089 817 1124 sunt
832 1117 842 1132 ,
857 1089 1040 1124 constitutis
1055 1118 1063 1132 ‚
1083 1088 1255 1125 neceffatio
1272 1094 1434 1138 privatio-

34 1149 112 1175 nem
126 1137 251 1174 visionis
261 1138 379 1173 diviuae
395 1137 537 1186 sequitur
548 1168 559 1182 ‚
576 1141 664 1174 Deus
674 1140 810 1174 omniuo
824 1137 1025 1187 prohiberet.
1044 1138 1144 1189 Qd
1162 1142 1251 1175 Deus
1270 1140 1301 1174 id
1318 1152 1435 1189 potue-

32 1188 75 1222 tit
88 1185 216 1222 efficere
230 1215 239 1230 ‚
257 1199 325 1222 non
334 1186 538 1224 dubitamus:
555 1201 630 1222 cum
643 1187 813 1223 beatitudo
827 1188 950 1224 donum
971 1185 1008 1222 fit
1024 1190 1203 1237 gratuitum
1220 1218 1229 1231 ,
1257 1202 1324 1225 non
1340 1189 1435 1224 debi-

35 1245 104 1272 tum
125 1235 373 1279 misericordiae
384 1265 394 1280 ,
413 1249 480 1273 non
489 1238 609 1286 justitiae
624 1250 751 1273 munus.
785 1238 849 1272 Sed
863 1236 958 1272 rebus
977 1239 1021 1272 ita
1034 1249 1070 1273 ut
1081 1235 1148 1273 sunt
1161 1237 1181 1273 ὲ
1191 1240 1268 1273 Deo
1279 1239 1434 1274 constitu-

35 1287 95 1329 tis,
110 1285 145 1320 id
153 1297 277 1321 certum
291 1284 505 1331 arbitramur,
531 1286 621 1335 quod
636 1299 672 1322 ut
682 1285 795 1335 paffim
808 1287 908 1322 docet
925 1288 959 1323 S.
978 1287 1169 1336 Augustinus
1182 1315 1192 1330 ,
1217 1301 1278 1322 non
1294 1287 1335 1333 est
1347 1300 1435 1321 crea·
1453 1311 1469 1336 ,p
1489 1318 1511 1334 ιι
1536 1309 1565 1330 a:

37 1344 111 1381 ηιμ
125 1335 296 1370 rationalis
307 1335 363 1369 vel
379 1335 606 1370 intelleHualis
617 1334 730 1370 bonum
742 1363 751 1375 ‚
767 1349 828 1383 quo
840 1334 935 1370 beata
941 1335 1000 1382 fit,
1010 1337 1068 1381 m'fi
1079 1336 1183 1372 Deus.
1196 1339 1307 1384 Itaque
1319 1349 1433 1384 quam·
1453 1345 1499 1369 civ.
1512 1344 1556 1365 Dc«

35 1385 83 1420 vis
98 1395 159 1419 non
173 1386 273 1419 omnis
287 1382 380 1418 beata
401 1382 492 1432 poffit
509 1385 562 1432 effe
581 1395 729 1420 creatura
747 1399 758 1419 .·
778 1397 880 1432 neque
903 1388 984 1420 enim
999 1384 1055 1419 hoc
1078 1398 1192 1421 munus
1211 1386 1434 1434 adipiscuntur

35 1443 94 1467 aut
105 1433 235 1480 capium
239 1432 315 1477 ferae
329 1459 339 1471 ‚
358 1433 452 1480 ligna
471 1460 480 1475 ‚
491 1435 598 1478 saxa,
627 1432 665 1468 ό·
673 1433 704 1478 fi
717 1433 799 1480 quid
817 1434 967 1479 ejufinodi
981 1433 1042 1477 est3
1056 1446 1093 1467 ea
1106 1445 1214 1474 >tamen
1230 1446 1293 1478 quae
1310 1434 1431 1482 potest,

37 1493 99 1516 non
105 1482 141 1526 fi
157 1480 336 1562 ilfitpotest,
349 1482 427 1526 quia
439 1493 478 1515 ex
488 1480 588 1515 nihilo
603 1491 711 1514 creata
719 1480 760 1524 est
772 1481 847 1524 ;fid
859 1494 898 1514 ex
907 1481 964 1514 illo
975 1478 996 1513 ἂ
1012 1495 1072 1527 quo
1083 1492 1192 1515 creata
1203 1481 1253 1524 est.
1267 1483 1340 1515 Hoc
1349 1484 1431 1516 enim

33 1530 150 1578 adepto
180 1540 253 1562 eata
263 1527 325 1573 est,
344 1540 404 1574 qno
414 1529 518 1575 amiffi,
533 1529 644 1573 misera
654 1527 704 1571 eli.
731 1530 828 1564 Hanc
845 1530 1005 1564 rationem
1019 1527 1114 1564 affert
1132 1531 1165 1565 S.
1181 1528 1328 1565 Thomas
1347 1544 1356 1566 t
1380 1528 1432 1565 bo·

35 1591 113 1613 num
126 1604 137 1620 ,
151 1578 275 1624 inquit,
296 1577 383 1623 quod
399 1576 440 1621 est
449 1580 582 1611 ultimus
594 1576 674 1622 finis
686 1603 697 1616 ,
719 1576 759 1622 est
769 1575 883 1611 bonum
902 1577 1092 1625 peffefium,
1115 1579 1270 1626 complens
1289 1576 1362 1612 boni
1375 1589 1432 1628 ap·
1449 1594 1468 1609 ι.
1486 1592 1497 1607 «-
1510 1594 1532 1616 φ
1544 1595 1567 1609 ι.

33 1629 196 1678 petitum:
216 1628 378 1674 appetitus
389 1636 496 1659 autem
510 1626 666 1660 humanus
692 1653 702 1668 ‚
725 1627 782 1672 qui
802 1623 844 1670 est
860 1626 1012 1660 voluntas
1031 1653 1042 1668 ‚
1063 1625 1104 1671 est
1129 1624 1202 1661 bom*
1220 1627 1429 1673 univerfhli53
1455 1625 1491 1642 ”t
1530 1637 1535 1643 ·

37 1673 201 1724 quodlibet
215 1685 323 1708 autem
344 1672 457 1708 bonum
475 1674 623 1709 inhaerens
644 1674 702 1724 ipst
719 1675 827 1708 animae
851 1673 892 1719 est
921 1673 1033 1708 bonum
1059 1678 1304 1724 participatum.
1335 1676 1432 1710 Vnde

39 1721 220 1772 impoffibile
234 1722 293 1766 est,
319 1721 404 1769 qued
427 1723 562 1769 aliquod
578 1735 683 1757 eorum
691 1723 735 1769 fit
744 1724 876 1757 ultimus
887 1721 964 1769 finis
985 1723 1129 1758 hominis.
1145 1724 1180 1758 Id
1195 1722 1275 1758 vero
1289 1723 1431 1773 imposs-

35 1770 286 1857 Eilejudicamus
297 1770 465 1807 moraliter
477 1771 662 1820 loquendo,
675 1785 743 1808 non
754 1770 901 1807 absolute
915 1800 926 1815 ,
938 1783 1037 1820 atque
1058 1784 1092 1808 ut
1113 1774 1204 1808 aiunt
1219 1801 1229 1815 ‚
1247 1772 1430 1822 Metaphy-

57 1833 106 1857 ce.

68 1871 156 1919 Opp.
168 1879 196 1918 30
205 1872 303 1906 Mens
314 1868 450 1905 humana
464 1898 474 1913 ,
501 1881 571 1916 quae
584 1871 626 1905 est
639 1869 750 1913 finita,
769 1881 838 1904 non
857 1870 961 1917 potest
983 1869 1100 1904 versari
1117 1871 1201 1904 circa
1224 1872 1334 1905 Deum
1347 1898 1358 1913 ,
1374 1873 1431 1917 qui

38 1919 81 1961 est,
93 1919 234 1957 infinitus
252 1918 361 1954 :nulla
370 1920 456 1954 enirn
467 1918 509 1953 est
520 1921 688 1968 proportio
702 1921 751 1953 tei
772 1917 871 1953 finitae
885 1931 959 1954 cum
978 1917 1102 1955 infinita
1116 1936 1126 1963 ;
1144 1931 1206 1954 nec
1231 1917 1334 1953 sensus
1349 1918 1431 1954 ullus

35 1971 119 2005 circa
131 1982 228 2005 omne
249 1966 413 2011 sensibile,
431 1979 467 2002 ut
478 1967 645 2016 objectum
656 1967 744 2005 suum
758 1967 875 2004 versari
886 1967 992 2017 potest
1003 1969 1145 2013 5nedum
1156 1967 1339 2005 intellectus
1347 1966 1433 2004 sum-

34 2031 123 2054 mum
135 2016 342 2068 intelligibile
361 2015 582 2065 consequetur.

23 2104 25 2110 ,
71 2069 160 2116 Resp.
175 2069 238 2102 His
254 2073 288 2105 δε
302 2066 371 2101 aliis
384 2079 457 2114 quae
476 2066 579 2102 solent
601 2069 634 2102 in
652 2066 777 2102 Scholis
798 2064 952 2101 ventilari
972 2094 983 2109 ‚
1013 2078 1157 2102 mentem
1181 2066 1355 2102 humanam
1372 2067 1433 2102 effe

23 2114 25 2149 l
40 2115 207 2153 intrinsece
222 2115 347 2152 finitam
357 2145 366 2158 ‚
382 2128 453 2150 eam
464 2128 575 2152 tamen
587 2114 647 2151 esse
657 2116 849 2151 facultatem
861 2114 1073 2150 universalem
1087 2121 1122 2152 &
1135 2114 1311 2150 extrinsece
1322 2114 1433 2151 infini-

23 2157 26 2217 ᾖ
41 2175 108 2200 tam
123 2193 134 2208 ‚
162 2170 246 2215 cujus
265 2165 430 2213 objedrum
441 2166 483 2200 est
497 2179 596 2201 omne
609 2163 827 2213 intelligibile.
847 2166 895 2200 Ac
911 2163 987 2199 licet
1000 2165 1085 2200 nulla
1104 2163 1140 2198 fit
1158 2175 1244 2198 certa
1262 2169 1296 2200 &
1315 2163 1432 2200 defini-

24 2223 26 2260 ι
43 2224 75 2248 ta
87 2217 253 2262 proportio
267 2244 277 2259 ‚
297 2227 368 2263 quae
385 2217 527 2250 entitatis
542 2217 702 2250 vocitatur
713 2243 722 2258 ,
738 2217 846 2250 Deum
857 2215 939 2249 inter
958 2219 992 2251 &
1009 2213 1213 2249 intellectum
1225 2212 1374 2257 nostrum,
1388 2213 1431 2248 est

24 2270 152 2311 {tamen
163 2266 329 2310 proportio
346 2264 492 2311 quaedam
507 2264 705 2299 habitudinis
718 2293 727 2306 ,
748 2263 850 2310 qualis
873 2263 919 2296 est
940 2266 1025 2298 inter
1052 2262 1240 2297 facultatem
1266 2266 1300 2298 ὅ(
1318 2262 1432 2311 objec-

24 2313 26 2333 l
42 2321 124 2346 tum.
142 2310 195 2345 Ut
205 2314 292 2346 Deus
307 2313 349 2347 est
365 2312 576 2363 intelligibilis
593 2343 602 2358 ‚
621 2311 661 2348 fic
675 2325 767 2348 mens
787 2312 927 2346 humana
946 2312 993 2345 est
1008 2310 1194 2358 intelligens
1211 2324 1218 2345 :
1239 2308 1314 2345 licet
1332 2313 1433 2347 ratio-

26 2371 84 2396 ¹ue
106 2359 166 2397 suae
185 2361 328 2396 entitatis
358 2360 486 2398 infinite
506 2361 527 2398 a
549 2367 625 2401 Deo
640 2363 743 2398 distet.
771 2363 880 2409 Atque
907 2360 973 2396 haec
991 2359 1190 2396 habitudinis
1210 2363 1377 2407 proportio
1402 2361 1433 2394 in

9 2426 13 2456 Ι
26 2426 27 2443 ;
191 2409 282 2445 Tom.
309 2411 341 2446 I.
1207 2410 1235 2443 K
1248 2419 1271 2442 K
