1857 2745
335 155 398 184 620
805 149 1284 186 METAPHYSICAE·
1336 171 1341 175 -

332 194 432 244 quam
448 196 633 238 machinas,
659 207 731 243 quae
752 196 831 232 nihil
855 197 1016 242 sentiunt,
1047 198 1128 234 nihil
1147 212 1253 248 agunt.

370 258 399 279 2.
415 243 507 279 Nihil
525 244 568 277 est
582 243 651 278 fere
661 245 748 290 quod
767 244 809 280 ab
831 248 1031 294 experientia
1043 275 1054 291 ‚
1077 247 1097 283 ὲ
1114 250 1281 283 communi
1309 247 1481 282 hominum
1494 245 1580 281 sensu
1595 274 1604 290 ,
1627 251 1658 282 &
1672 244 1724 280 ab:

335 290 400 340 ipsa
412 293 576 326 evidentia
591 294 691 339 magis
705 292 899 338 abhorreat,
917 294 1019 343 quam
1039 295 1162 331 sensum
1183 302 1217 334 δε
1232 298 1454 345 cognitionem
1470 294 1575 329 bestiis
1594 295 1721 329 adime-

335 352 379 376 re.
390 341 468 374 fieri
486 342 572 375 enim
588 342 642 374 vix
656 341 758 388 potest
773 345 906 379 utcanis
924 357 956 379 V.
967 357 1004 392 g:
1020 348 1186 380 venaticus
1204 357 1262 393 pet
1284 344 1477 392 compendia
1491 346 1613 378 viarum
1628 343 1719 390 lepo-

337 400 406 423 rem
429 386 634 435 insequatur3
652 400 706 424 aut
723 389 847 438 lepores
865 390 921 439 ipsi
931 404 988 439 per
1002 395 1105 428 varios
1114 393 1219 428 flexus·
1229 405 1322 428 canes
1343 392 1547 440 insequentes
1567 391 1718 432 eludant;
1733 417 1737 423 .

337 448 392 471 aut
404 436 510 471 bestiae
536 437 612 472 aliae
626 436 696 471 aliis
712 438 830 474 struant
845 439 967 475 insidias
978 469 987 484 ‚
1006 452 1041 475 ut
1068 454 1136 489 quae
1147 442 1300 490 ex-praeda
1313 443 1447 484 vivunt,
1462 439 1482 475 fi
1497 442 1587 475 omni
1608 441 1720 473 omni-

341 498 386 520 no
406 487 593 534 cognitione
609 488 785 533 priventur:
815 489 892 522 Hoc
910 487 982 523 sane
994 501 1161 537 nunquam
1174 502 1342 526 venatores
1353 492 1410 537 qui
1425 489 1564 524 ferarum
1579 499 1662 522 artes
1686 492 1720 523 δε

341 533 465 568 astutias
477 546 615 577 norunt,
630 536 661 569 in
675 537 817 571 animum
834 536 922 571 suum
935 537 1118 573 induxerint
1136 554 1146 572 .·
1160 551 1225 574 non
1237 541 1324 574 enim
1344 550 1399 572 eos
1418 537 1452 572 fu
1477 539 1502 571 it
1518 535 1618 584 quam
1635 536 1721 571 vafri

341 580 401 617 sint
414 593 537 617 veteres
558 582 685 631 lepores
704 597 767 631 prae
784 585 990 633 Junioribus3
1006 598 1042 631 ut
1051 586 1181 622 canibus
1193 599 1249 635 per
1269 589 1374 622 varios
1394 550 1498 620 cursus
1517 585 1723 624 illudantzut

340 632 374 666 in
385 629 436 665 sua
450 642 613 666 recurrant
620 631 758 680 vestigia
774 648 782 668 ς
802 646 837 668 ut
849 646 906 682 per
914 635 1036 669 medias
1049 635 1225 683 aliquando
1234 648 1312 670 oves
1323 646 1492 683 penetrent
1501 662 1510 678 ‚
1523 645 1589 680 quo
1601 645 1721 668 verve-

342 681 431 714 cinus
443 680 524 714 odor
540 682 649 715 vincat
662 681 796 716 odorem
811 683 955 730 pedum3
972 695 1009 717 ut
1028 696 1138 719 cervus
1154 683 1279 719 dolosus
1294 683 1394 718 soleat
1407 683 1506 718 alium
1526 681 1581 717 fibi
1599 678 1721 716 defeffd

340 727 528 776 supponere.
561 731 674 764 Nemo
693 741 815 764 tantam
829 729 989 765 solertiam
1007 734 1039 767 in
1052 744 1216 768 automate
1233 733 1337 781 potest
1356 729 1514 767 bonafide
1530 729 1719 779 agnoscere3

341 788 498 859 guantam
515 779 648 825 inequis
659 805 670 821 ‚
689 777 841 824 canibus,
862 778 958 815 simiis
974 809 985 825 ‚
1017 780 1190 830 elephante
1205 810 1216 825 ‚
1229 786 1262 818 δε
1273 779 1425 817 omnibus
1447 791 1532 828 pene
1547 780 1722 814 animanti-

367 837 403 859 us
427 837 595 860 cernimus.

379 873 577 921 Respondent
594 873 746 910 nonnulli
763 874 832 913 illas
854 875 1029 914 bestiarum
1047 879 1181 914 astutias¹
1199 878 1431 915 eii-occultiore
1448 878 1597 927 quodam·
1605 886 1723 913 naturai

343 921 489 958 instindlu
500 923 639 971 prodire.

381 971 417 1004 ld
428 970 513 1006 ultro
532 970 692 1016 fatemut3
716 972 768 1009 sed
786 975 904 1012 merito
913 976 1138 1012 contendimus
1154 976 1342 1011 instinRum
1352 975 1445 1011 illum
1462 977 1539 1009 citra
1553 973 1653 1009 ullam
1667 986 1739 1009 co·¹

343 1021 528 1068 gnitionem
537 1049 546 1063 ,
560 1032 617 1056 aut
627 1034 720 1069 perce
745 1026 871 1060 tionem
885 1025 1024 1073 intelligi
1035 1038 1102 1060 non
1114 1023 1212 1074 poffe.
1227 1026 1380 1060 instinciu
1390 1035 1509 1059 natura:
1523 1025 1609 1058 canis
1619 1024 1658 1056 ad
1669 1034 1724 1057 ve*

346 1068 487 1103 nandum
498 1070 676 1117 impellitur
687 1086 694 1106 :
707 1036 760 1106 (gd
769 1073 825 1109 nifi
837 1075 870 1109 in
881 1086 922 1109 eo
934 1072 1010 1110 effer
1019 1072 1110 1108 velut
1125 1073 1271 1108 docilitas
1289 1073 1445 1121 quaedam,
1462 1072 1592 1121 perdice
1602 1071 1724 1108 olfactu
1740 1085 1744 1102 ε

346 1127 403 1150 aut
415 1116 482 1151 visu
491 1118 687 1165 deprebensa
695 1148 704 1163 ‚
721 1121 860 1156 tremulo
869 1122 979 1157 caudae
989 1133 1081 1157 motu
1093 1133 1281 1158 venatorem
1300 1135 1367 1157 non
1380 1121 1578 1155 admoneret.

380 1164 507 1199 Verum
522 1193 532 1206 ‚
549 1168 700 1211 inquiunt
713 1196 722 1207 ‚
747 1181 842 1204 canes
859 1170 957 1219 longa
972 1168 1381 1213 affuetudine‚verberibus·
1397 1171 1493 1204 etiam
1503 1197 1513 1211 ‚
1528 1180 1582 1202 aut
1594 1167 1723 1204 blandi-

348 1214 397 1246 tiis
420 1218 454 1248 &
482 1213 552 1247 aliis
577 1213 698 1248 artibus
710 1215 896 1252 formantur
915 1224 948 1255 &
971 1218 1185 1253 instituuntur.
1196 1220 1239 1252 At
1250 1218 1312 1252 hoe
1331 1217 1432 1265 ipsum
1452 1217 1576 1251 videtur
1587 1219 1723 1252 omnino
1739 1240 1742 1244 -

346 1263 495 1295 evincere
511 1260 627 1296 bestias
658 1275 718 1297 nec
733 1263 836 1309 sensu,
864 1278 924 1301 nec
935 1267 1146 1314 perceptione
1159 1266 1300 1301 destitui.
1323 1268 1411 1302 Nam
1421 1264 1474 1299 illa
1489 1265 1654 1308 institutio,
1664 1266 1726 1300 do-

348 1309 450 1342 cilitas
465 1338 473 1352 ‚
485 1309 651 1357 plagarum
665 1323 734 1358 quae
745 1324 881 1361 acceptae
898 1313 967 1349 sunt
977 1343 987 1356 ,
1008 1315 1165 1348 memoria
1178 1342 1187 1357 ‚
1213 1326 1316 1348 metus
1331 1313 1598 1362 impendentium,
1612 1313 1722 1362 praedae

349 1355 440 1404 ipsius
452 1359 605 1405 cupiditas
631 1360 710 1394 citra
737 1358 877 1404 sensum,
901 1363 1144 1409 cognitionem,
1161 1364 1341 1409 appetitum
1354 1390 1364 1403 ,
1380 1362 1607 1408 voluptatem,
1628 1362 1723 1397 dolo·-

348 1417 416 1439 rem
429 1407 564 1453 deniqne
582 1406 720 1455 intelligi
735 1421 802 1443 non
817 1409 941 1458 possunt
952 1421 966 1445 »τ
984 1408 1187 1444 ῃεοῖιὼῑὲίεε
1200 1415 1233 1446 &
1244 1408 1565 1457 exquifirae-quaedam
1581 1412 1723 1446 rationes

347 1455 431 1501 apud
442 1466 499 1489 nos
512 1454 582 1502 plus
594 1455 700 1490 valere
713 1456 834 1494 debent
843 1487 853 1502 ‚
873 1457 973 1505 quam
988 1458 1156 1493 oculorum
1165 1459 1344 1493 testimonia
1357 1487 1366 1501 ‚
1386 1458 1475 1493 mille
1493 1461 1724 1505 experimenta,

348 1505 498 1538 omnium
520 1515 604 1551 pene
623 1506 678 1550 qui
697 1504 848 1542 hanstenus
858 1505 1218 1550 extiterunt,consenfio.
1234 1506 1358 1543 Verum
1370 1507 1402 1540 id
1418 1518 1504 1543 nunc
1517 1519 1584 1542 non
1593 1510 1724 1557 agimus,

349 1563 385 1585 ut
397 1563 465 1585 rem
483 1550 712 1599 apertissimam
728 1554 789 1591 rvel
808 1555 1006 1601 rationibus5
1027 1554 1082 1591 vel
1097 1553 1427 1592 sensuumvevidentia
1442 1555 1725 1594 demonstrandam

351 1600 586 1646 aggrediamur.
599 1627 603 1631 .

391 1648 475 1682 Cum
490 1660 594 1684 tamen
607 1654 713 1699 paucis
729 1651 848 1687 abhinc
858 1655 950 1688 annis
961 1651 1130 1702 conscripti
1146 1664 1183 1686 ea
1195 1652 1236 1687 de⁴
1249 1663 1282 1686 te
1295 1651 1475 1701 complures
1493 1649 1551 1687 sint
1568 1651 1664 1697 libri,
1685 1665 1723 1688 ac

350 1707 412 1743 prae
421 1699 533 1731 ceteris
547 1710 625 1734 unus
638 1700 679 1734 de
695 1704 802 1736 anima
813 1699 982 1736 brutorum
997 1702 1125 1737 Gallico
1135 1701 1279 1737 sermone
1291 1700 1475 1736 elaboratus
1493 1729 1503 1744 ‚
1523 1703 1556 1736 in
1603 1716 1644 1737 uo
1658 1704 1726 1738 Au-

352 1744 425 1778 thor
440 1758 571 1781 omnem
588 1747 709 1783 sensum
728 1755 761 1786 &
780 1752 1005 1797 cognitionem·
1021 1749 1130 1785 bestiis
1141 1748 1274 1784 adimit:
1301 1752 1353 1784 cui
1373 1749 1523 1798 opusculo
1542 1715 1724 1799 responsum

350 1791 412 1827 fuit
429 1792 470 1828 ab
480 1797 607 1842 optimo
622 1802 664 1834 ¹&
679 1798 866 1833 excellentis
880 1801 1003 1847 ingenii
1017 1801 1087 1833 viro
1101 1795 1137 1835 P.
1155 1800 1201 1832 Le
1220 1797 1309 1833 Boffu
1323 1826 1332 1840 ,
1349 1801 1379 1833 S·
1394 1802 1472 1848 Aug·
1491 1810 1565 1833 cum
1577 1802 1702 1834 viveret
1712 1828 1723 1844 ,

349 1841 524 1877 Ganonico
533 1844 687 1893 Regulari
705 1859 713 1881 :
733 1848 838 1895 Huius
855 1849 961 1895 operis
980 1858 1057 1883 ante
1067 1847 1200 1882 alteram
1209 1847 1299 1895 hujus
1317 1846 1530 1895 Philosophiae
1547 1848 1723 1884 editionem

351 1891 460 1925 Patres
473 1890 611 1939 ejusdem
621 1894 892 1943 Congregationis
909 1893 1004 1931 nobis
1013 1898 1140 1944 copiam
1152 1894 1276 1931 fecere:
1300 1895 1330 1929 id
1348 1895 1443 1930 nobis
1457 1908 1523 1930 tum
1537 1895 1639 1931 visum
1647 1896 1722 1939 fuit,

352 1951 425 1984 quae
449 1942 483 1975 in
503 1954 544 1975 eo
571 1943 690 1977 codice·
703 1944 850 1978 ‘nondum
879 1944 973 1980 edito
997 1943 1065 1980 fuse
1085 1945 1220 1992 quidem
1243 1972 1254 1987 ‚
1296 1942 1362 1978 sed-⁷
1385 1945 1506 1979 erudite
1546 1944 1720 1979 admodum

354 1986 468 2034 scripta
486 1988 574 2032 sunt,
595 1989 634 2025 fic
651 1993 682 2026 in
691 2004 789 2040 pauca
803 1991 951 2027 conferre
963 2020 973 2035 ,
1000 2004 1037 2027 ut
1054 2006 1127 2028 cum
1144 2005 1193 2027 res
1219 1991 1389 2040 postularet
1415 1993 1565 2042 judicium
1591 2005 1721 2041 quoque

363 2037 502 2071 nostrum
519 2067 529 2080 ,
540 2039 688 2074 ordinem
702 2068 712 2084 ‚
739 2046 772 2077 δε
783 2039 994 2089 responsiones
1007 2041 1244 2078 adhiberemus.

391 2084 534 2121 Primum
552 2088 647 2133 igitur
659 2116 668 2131 ,
684 2087 750 2135 quo
762 2089 826 2123 haec
845 2101 912 2124 tarn
923 2088 1058 2124 celebris
1069 2090 1196 2136 quaestio
1211 2092 1323 2138 agitari
1343 2087 1436 2137 poffit
1448 2116 1458 2131 ‚
1479 2099 1516 2122 ea
1528 2087 1654 2121 videtur
1669 2088 1725 2122 ad-

353 2132 497 2168 hibenda
511 2135 621 2183 regula
632 2165 641 2179 ‚
669 2137 716 2170 res
729 2135 839 2171 dubias
853 2143 887 2174 &
897 2136 1041 2172 obscuras
1059 2151 1096 2173 ex
1106 2137 1254 2173 fimilibus
1275 2140 1386 2185 potius
1395 2135 1543 2183 explicari
1555 2146 1721 2184 oportere,
1736 2166 1739 2167 γ

353 2181 454 2227 quam
465 2195 505 2217 ex
515 2185 643 2219 incertis
655 2186 863 2233 conjcclluris‚
884 2198 989 2221 autex
1003 2185 1098 2221 rebus
1123 2189 1260 2222 omnino
1277 2186 1447 2233 incognitis
1464 2185 1617 2219 divinare·
1639 2183 1721 2218 lllud

355 2229 434 2265 vero
445 2243 502 2266 nos
516 2245 581 2267 non
593 2233 694 2281 fugit3
719 2234 832 2269 multas
845 2234 865 2270 ἐι
875 2234 966 2270 nobis
983 2237 1124 2270 :ustiones
1134 2248 1206 2270 cum
1216 2237 1400 2283 cognitione
1415 2235 1553 2268 exerceri
1573 2260 1582 2274 ,
1599 2244 1667 2279 quae
1684 2234 1722 2266 iis

358 2277 427 2313 sunt
438 2279 631 2326 consimiles,
654 2295 731 2329 quas
744 2282 850 2317 bestiae
858 2294 991 2318 exerunt
1007 2297 1013 2317 ε
1034 2297 1107 2318 nam
1122 2283 1263 2320 &oculis
1280 2283 1425 2317 videmus
1437 2309 1445 2320 ,
1465 2287 1499 2318 &
1519 2280 1645 2316 auribus
1662 2292 1721 2315 au·-

356 2326 459 2359 dimus
470 2357 479 2370 ‚
501 2334 532 2365 Sc
544 2332 628 2365 tastu
639 2359 648 2374 ,
670 2331 822 2377 autgustu
835 2360 844 2374 ,
856 2344 909 2367 aut
921 2332 1054 2367 odoratu
1070 2334 1267 2380 percipimus,
1290 2331 1487 2376 Qianqnam
1496 2330 1720 2365 mechanicum

355 2373 523 2412 artificium
540 2381 665 2427 organis
676 2380 791 2415 nostris
803 2393 870 2417 non
882 2378 978 2416 desit:
992 2393 1045 2417 cur
1062 2383 1156 2428 igitur
1167 2379 1270 2415 bestiis
1280 2378 1400 2416 sensum
1413 2391 1545 2416 omnem
1556 2406 1566 2421 ‚
1583 2387 1637 2431 aut
1647 2388 1721 2424 pet*-

1537 2436 1738 2475 ceptionem*
