1857 2745
423 152 1229 193 TRACTATUS'SEGUNDUS.
1455 157 1498 190 ‘os

107 204 304 252 consequens
322 203 549 252 cognoscatur:
569 203 665 250 idque
685 204 786 237 oritur
805 215 845 238 ex
861 206 1068 239 connexione
1086 217 1159 252 quae
1178 206 1221 240 est
1234 207 1319 240 inter
1334 169 1486 252 praemilsa

107 260 142 292 &
155 252 412 289 conclusionem:
433 265 510 289 narn
524 264 564 287 ex
575 264 640 287 uno
653 254 786 300 cognito
801 252 889 287 aliud
908 251 1121 301 cognoscitur.

143 305 217 340 Nec
227 301 294 338 alio
313 302 382 337 fere
392 302 491 337 modo
507 300 696 349 exemplaris
711 300 813 346 causa,
829 313 884 336 aut
894 300 997 337 finalis
1011 329 1022 346 ‚
1034 302 1135 350 quom
1147 302 1314 351 objeffive
1335 302 1447 340 influit
1465 306 1499 340 in

107 352 262 389 effectum
275 381 284 396 ,
295 363 330 386 ut
346 354 493 400 proxima
505 349 722 398 disputatione
733 350 883 385 dicemus.

140 404 185 437 Ex
202 403 240 435 iis
252 400 348 435 facile
359 399 519 448 colligitur
532 400 708 448 praecipuas
728 398 891 434 causarum
908 399 1099 436 affectiones
1109 400 1204 435 causis
1223 401 1359 449 physicis
1370 415 1494 439 conve-

105 452 275 494 nire,non
291 448 486 497 objectivis,
504 461 558 483 aut
578 447 765 485 moralibus,
794 450 939 484 Primum
960 452 1050 486 enim
1075 449 1158 485 nihil
1180 454 1286 485 notius
1306 452 1348 486 est
1363 479 1373 494 ,
1395 464 1501 498 quam

107 499 195 534 idem
212 512 278 535 non
297 496 382 546 posse
408 496 468 533 esse
488 497 623 546 suiipsius
648 496 772 532 causam
798 496 966 546 physicam
989 512 998 534 τ
1018 511 1090 534 cum
1104 499 1136 533 id
1157 499 1290 534 existere
1306 499 1429 535 necesse
1445 500 1495 543 fit,

107 559 284 596 antequam
303 546 399 583 causae
411 546 545 596 phyficae
563 546 684 582 habeat
698 549 857 582 rationem
873 547 1007 590 3deinde
1017 547 1104 582 nulla
1122 559 1171 581 res
1185 559 1295 583 creata
1311 550 1355 583 est
1372 551 1392 585 ἐι
1410 548 1495 597 [εἰρ-

107 597 138 632 sa
153 608 271 645 ;atque
284 599 368 631 inter
379 596 503 633 causam
514 602 548 634 ὃς
558 595 712 632 effectum
722 596 766 631 est
784 595 876 631 realis
890 596 1007 632 relatio
1018 625 1029 642 ,
1047 609 1121 646 quae
1141 609 1208 632 non
1225 597 1272 632 est
1288 600 1335 632 rei
1350 599 1390 632 ad
1408 597 1492 647 seip-

108 645 184 681 sam.
884 689 887 691 ι

157 696 261 742 Qod
278 707 388 731 autem
406 694 537 742 quidam
551 706 723 744 opponunt
734 695 824 731 idern
836 695 969 744 seipsum
977 695 1064 744 poss'e
1076 694 1302 744 reprodueere,
1314 696 1346 730 id
1356 698 1494 732 omnino

106 756 271 793 negamus.
297 747 378 781 Non
392 745 478 778 enim
492 745 670 791 quidquam
680 745 824 792 pendere
831 746 933 794 potest
947 745 968 781 ὲ.
980 744 1099 793 seipso:
1116 755 1216 791 atque
1229 741 1287 778 ubi
1302 745 1349 778 est
1364 743 1496 794 opposi-

108 795 155 828 tio
166 793 315 837 relativa,
328 793 374 827 ibi
385 793 432 827 est
440 804 517 827 vera
528 793 704 827 distinctio.
723 794 880 840 Qiaedam
892 805 1001 829 autem
1011 794 1087 828 effet
1097 793 1214 828 relatio
1232 803 1318 828 mter
1334 794 1492 843 reprodu-

104 854 182 877 cens
193 871 204 886 ,
215 848 248 880 δε
258 843 484 891 τερτοάυὸὶυιῃ
501 855 509 875 :
523 854 600 890 ergo
610 846 643 877 &
658 843 742 876 inter
751 855 789 876 ea
798 841 875 878 esset
889 843 983 878 realis
997 843 1170 877 distinctio.

140 892 222 935 Sed,
245 895 394 939 inquiunt
408 918 416 928 ,
430 890 576 925 Christus
593 889 727 937 seipsum
742 892 929 939 reproducit
939 891 995 927 sub
1013 890 1177 939 speciebus
1195 891 1413 930 eucharisticis,

140 941 230 988 Resp.
258 952 328 975 tum
348 940 513 975 Christum
532 939 712 987 supponere
734 952 794 987 pro
813 940 927 975 Verbo
950 941 1038 988 quod
1055 940 1098 974 est
1114 937 1203 973 causa
1221 938 1313 987 huJus
1335 943 1493 990 reprodu⁴

109 989 238 1024 Ctionis.

133 1039 216 1071 Haec
227 1049 301 1071 cum
315 1047 390 1070 vera
405 1034 464 1070 fint
480 1064 489 1078 ‚
501 1036 532 1069 id
546 1046 654 1069 tamen
664 1048 783 1085 negare
799 1050 867 1072 non
883 1037 1044 1086 possumus
1055 1038 1136 1084 quin
1148 1037 1219 1073 finis
1232 1039 1268 1072 in
1295 1041 1492 1084 intentione,

105 1085 201 1120 seuin
212 1087 293 1122 statu
309 1083 476 1131 objectivo
489 1112 498 1126 ,
517 1083 553 1118 fit
565 1082 655 1117 causa
668 1083 803 1132 suiipsius
817 1087 850 1120 in
869 1089 1063 1121 executione
1080 1100 1087 1120 :
1107 1084 1145 1119 fic
1159 1098 1208 1119 res
1227 1088 1358 1122 confuse
1377 1092 1493 1137 cogni-

104 1144 138 1168 ta
156 1135 188 1169 in
212 1133 447 1175 antecedente,
465 1131 518 1167 seu
533 1134 566 1167 in
589 1133 746 1180 praemiffis
761 1161 772 1176 ,
790 1134 837 1167 est
858 1133 948 1168 causa
968 1133 1106 1182 suiipsius
1133 1133 1283 1169 distinete
1304 1139 1441 1185 cognitae
1461 1140 1494 1173 in

104 1182 316 1218 conclusione.

140 1234 221 1267 Non
233 1230 375 1266 dissimili
396 1234 521 1267 ratione
537 1231 605 1265 duae
622 1230 721 1265 causae
734 1230 874 1277 ejusdem
894 1231 1013 1267 ordinis
1026 1245 1093 1267 non
1107 1231 1232 1281 possunt
1247 1233 1336 1268 simul
1361 1233 1421 1268 esse
1436 1233 1493 1270 fibi

107 1281 250 1316 invicem
266 1279 362 1315 causae
373 1310 382 1324 ‚
399 1280 420 1315 fi
432 1280 491 1315 sint
504 1279 637 1328 phyficae
648 1306 658 1321 ‚
675 1285 709 1316 &
728 1279 902 1315 efficientes
917 1309 926 1324 ‚
944 1293 978 1315 ut
990 1281 1079 1329 supra
1097 1282 1296 1317 ostendimus
1311 1297 1318 1317 :
1339 1287 1490 1330 quamvis

105 1328 223 1377 pbffint
241 1328 300 1364 fibi
315 1341 428 1364 mutuo
438 1329 498 1365 else
508 1328 603 1363 causae
618 1326 801 1364 succeffive.
822 1331 910 1365 Nam
927 1328 996 1364 fieri
1007 1330 1113 1377 potest
1133 1343 1168 1364 ut
1181 1330 1333 1379 globulus
1344 1333 1377 1365 in
1391 1331 1492 1367 alium

104 1377 273 1426 globulum
283 1381 442 1427 impetum
453 1390 586 1413 omnem
599 1380 643 1410 ita
661 1377 831 1411 transferat
842 1405 852 1418 ,
864 1390 900 1412 ut
917 1379 969 1412 hic
978 1376 1126 1425 globulus
1145 1381 1178 1412 in
1197 1383 1336 1423 priorem
1356 1379 1491 1415 reflexus

105 1438 277 1475 acceptum
286 1429 448 1473 impetum
461 1426 508 1460 illi
521 1425 668 1460 conferat
683 1424 800 1460 :causae
811 1436 922 1460 autem
942 1424 1115 1473 objectivae
1127 1426 1252 1474 possunt
1265 1427 1326 1463 effe
1346 1427 1403 1463 fibi
1421 1443 1494 1464 mu-

106 1485 164 1510 tuo
177 1475 285 1510 causae.
308 1476 406 1511 Unde
427 1487 464 1509 ex
481 1474 570 1508 causa
590 1472 724 1510 effefflis
741 1502 750 1516 ,
766 1486 808 1508 ex
824 1473 943 1509 effectu
962 1474 1076 1508 itidem
1089 1473 1178 1509 causa
1194 1504 1204 1518 ,
1217 1479 1284 1511 imo
1309 1481 1344 1513 ὃ(
1362 1480 1493 1513 termini

106 1526 262 1569 reciproci
276 1529 308 1560 δε
321 1522 439 1557 coi-tela
446 1525 504 1557 tivi
515 1535 571 1571 per
583 1522 613 1557 se
630 1525 775 1559 invicem
790 1522 1034 1571 cognoscuntur.
1042 1526 1121 1572 Jam
1131 1528 1283 1572 quaeritur
1298 1538 1341 1561 an
1354 1526 1492 1574 ejusdem

107 1571 240 1609 effeetus
260 1572 364 1621 plures
380 1571 477 1607 causae
499 1570 559 1606 else
570 1571 700 1620 possint.
721 1573 770 1606 Sit
779 1573 891 1619 itaque

627 1672 740 1705 ‘Unica
757 1670 934 1716 Conclufio.

134 1767 288 1815 *Ejusdem
299 1769 432 1804 effeetus
455 1782 523 1804 non
542 1767 667 1816 potsunt
685 1768 872 1803 naturaliter
884 1768 992 1816 plures
1008 1765 1068 1804 esse
1088 1769 1185 1804 causae
1198 1769 1334 1817 physicae
1354 1776 1388 1807 ὅ(
1408 1780 1494 1806 tota-'

110 1816 156 1850 les
175 1816 315 1864 ejusdem
333 1819 473 1853 ordinis:
493 1816 620 1865 possunt
633 1827 743 1851 autem
757 1817 1043 1866 supernaturaliter.

143 1865 272 1902 Probat.
284 1877 364 1914 pars
379 1867 473 1903 com-l.
485 1869 583 1914 prior.
611 1866 696 1900 Cum
719 1868 808 1900 enim
826 1865 978 1900 alterutra
998 1866 1129 1902 sufficiat
1142 1897 1151 1911 ,
1176 1868 1291 1903 frustra
1309 1870 1370 1902 erit
1384 1867 1492 1902 altera.

109 1915 219 1962 Atque
246 1927 281 1950 ut
305 1916 420 1950 eadem
442 1913 541 1964 poffit
555 1914 625 1950 fieri
638 1925 771 1962 propter
787 1914 905 1948 multos
920 1914 999 1949 fines
1010 1917 1220 1952 intermedios
1234 1944 1244 1958 ‚
1257 1918 1280 1950 ii
1304 1928 1412 1952 tamen
1427 1929 1495 1952 non

100 1974 204 1997 verunt
214 1963 311 1999 causae
324 1964 439 1999 totales
451 1993 460 2007 ,
472 1964 524 1999 sed
540 1963 689 2012 partiales
700 1992 710 2007 ‚
728 1976 800 1998 cum
817 1961 906 1997 simul
915 1965 1020 2011 junsti
1034 1965 1150 2000 fortius
1164 1964 1368 2001 voluntatem
1379 1964 1494 2013 impel-

111 2010 180 2046 lant
190 2040 200 2054 ,
210 2025 308 2059 quam
320 2012 340 2048 fi
350 2012 449 2048 essent
461 2012 605 2061 separati.

158 2063 282 2096 Utrum
305 2075 385 2097 vero
398 2073 455 2110 per
474 2064 750 2110 omnipotentiam
767 2062 911 2097 divinam
929 2062 1047 2111 duplex
1064 2063 1154 2098 causa
1174 2075 1276 2112 eaque
1293 2062 1401 2098 totalis
1417 2063 1495 2111 ejus-

113 2108 189 2144 dem
203 2109 338 2147 effecius
348 2110 408 2146 else
419 2110 530 2159 poffit‚
545 2110 711 2146 molestius
722 2113 900 2158 inquirunt,
930 2112 1017 2146 Cum
1027 2124 1138 2147 autem
1153 2126 1192 2147 ea
1209 2113 1339 2159 quaestio
1358 2114 1494 2147 minime

113 2155 151 2190 sit
159 2158 348 2203 necessaria,
363 2173 434 2196 earn
450 2159 594 2195 breviter
611 2161 865 2208 perstringimus,
888 2160 988 2195 Causa
1002 2161 1110 2195 totalis
1125 2174 1163 2195 ea
1182 2162 1298 2195 dicitur
1311 2189 1320 2203 ‚
1340 2173 1410 2207 quae
1429 2160 1496 2195 sola

116 2216 220 2239 totum
239 2219 387 2254 procreat
398 2208 550 2244 effectum
565 2207 689 2244 :namsi
706 2221 812 2243 totum
831 2210 966 2256 quidem
980 2209 1133 2244 esseorum
1154 2210 1308 2258 producat
1324 2237 1334 2251 ,
1357 2209 1408 2243 sed
1426 2222 1494 2244 non

115 2252 180 2288 sola
192 2265 246 2296 ‚ut
256 2268 354 2301 equus
369 2260 425 2305 qui
443 2258 590 2293 eumalio
601 2259 722 2304 junctus
733 2269 856 2292 currum
872 2258 987 2301 trahit,
1003 2260 1062 2292 erit
1075 2259 1209 2306 quidem
1225 2257 1332 2292 totalis
1346 2270 1384 2292 ex
1404 2269 1494 2306 parte

117 2302 250 2338 effictus
261 2333 270 2346 ‚
284 2303 336 2338 sed
351 2317 388 2339 ex
401 2319 491 2353 parte
501 2306 596 2341 causae
605 2336 614 2350 ‚
623 2305 765 2355 partialis
785 2306 917 2342 dicetur.

157 2354 229 2387 Nos
244 2355 352 2400 itaque
364 2356 398 2387 in
415 2366 453 2388 ea
468 2355 572 2390 sumus
592 2355 750 2390 sententia
764 2366 800 2389 ut
811 2354 1097 2402 nihildenegemus
1108 2355 1226 2390 divinae
1238 2356 1496 2403 omnipotentiae,

118 2401 204 2448 quod
214 2401 420 2439 manifestam
430 2405 720 2447 contradictionem
742 2417 809 2440 non
829 2402 977 2441 involvit.
997 2407 1064 2440 Hic
1078 2417 1156 2440 vero
1174 2403 1261 2439 nulla
1275 2406 1414 2441 occurrit
1426 2417 1498 2439 ma-

1131 2455 1217 2491 Rrr
1253 2453 1286 2499 iij
