1857 2745
577 125 608 161 G
626 125 651 161 Ε
675 125 711 162 N
733 124 757 161 E
775 123 809 160 R
830 121 859 161 A
876 124 906 161 T
927 125 941 160 1
962 126 1014 165 M.
1432 134 1455 170 8'

86 182 193 216 anima
204 175 293 214 fimul
320 171 514 228 conlunffls,
545 185 612 210 non
625 172 795 222 separatim
821 172 952 222 sumptis
974 189 982 211 ε
1015 172 1055 211 sic
1074 184 1184 212 tamen
1208 187 1245 212 ut
1267 141 1475 215 rationalia?

84 230 172 266 Petri
184 225 220 262 sit
231 237 302 262 tota
317 225 402 262 illius
413 227 530 261 entitas
545 251 556 268 ,
576 234 737 273 quatenus
750 225 947 274 principium
961 223 1006 260 est
1023 227 1253 276 operationum
1273 240 1342 276 quae
1359 227 1468 264 homi-

87 279 122 316 ni
141 275 213 313 sunt
227 278 380 326 propriae.

122 326 269 368 Contra,
284 327 453 372 inquiunt,
473 322 493 358 si
505 322 704 358 rationalitas
720 335 760 358 ex
778 333 848 359 tota
865 327 1008 361 entitate
1020 323 1162 361 hominis
1178 323 1350 361 desumitur
1365 354 1376 371 ,
1404 339 1477 377 gra⁴

84 374 143 410 dus
158 378 221 411 erit
231 373 359 424 phyfice
369 371 563 422 compositus
579 402 590 417 ,
605 386 672 408 non
686 371 830 422 simplex.

120 424 207 473 qup.
224 424 367 459 Gradum
377 421 439 458 else
453 421 630 472 (implicem
643 421 827 458 formaliter
841 428 875 460 δε
887 420 1079 467 intrinsece3
1099 424 1313 472 compositum
1332 438 1412 462 vero
1432 425 1480 461 es-

84 472 115 509 se
127 476 254 509 ratione
268 475 438 521 principii,
466 485 504 508 ex
523 485 588 521 quo
600 470 754 521 profluit,
773 484 894 521 atque,
917 485 953 508 ut
971 475 1062 508 aiunt
1074 501 1084 516 ,
1101 475 1230 508 ratione
1256 474 1473 511 fundamenti.

118 524 230 570 Atque
248 522 313 557 haec
323 522 451 569 quaestio
463 524 598 558 omnino
613 520 718 556 decisa
729 522 912 566 videretur,
937 520 993 558 nili
1011 521 1196 556 molestiam
1221 522 1316 558 nobis
1331 536 1477 560 crearent

83 571 304 614 NominaleS,
329 573 387 619 qui
405 572 544 606 Scotistis
571 571 588 606 ὲ
620 571 780 607 diametro
809 570 968 621 oppositi,
993 582 1035 606 ne
1070 571 1313 608 distinetionem
1338 573 1475 620 quidem

83 620 255 657 virtualem
272 623 355 656 inter
367 621 480 670 gradus
492 619 725 669 metaphyficos
738 620 855 656 volunt
865 621 1041 656 admittere
1057 649 1068 664 ,
1094 632 1131 655 ac
1153 622 1351 669 pertendunt
1370 635 1472 659 unurn

83 670 218 721 gradum
238 668 300 704 fine
321 670 426 705 altero
451 672 580 719 concipi
602 683 669 706 non
681 669 770 720 polse
794 684 802 706 :
829 673 934 704 varios
954 669 1092 717 quidem
1118 682 1296 719 conceptus
1314 670 1471 707 formales

82 718 268 767 agnoscunt,
278 717 395 765 quibus
408 732 477 754 rem
493 720 644 754 eamdem
665 731 718 754 aut
728 718 855 762 clarius,
872 731 928 753 aut
945 718 1109 753 obscurius
1121 722 1330 768 percipimus:
1352 719 1403 754 sed
1414 732 1476 755 ne..

82 778 162 816 gant
175 766 314 814 ejusdem
326 780 357 803 v.
372 781 402 816 g.
413 768 622 802 humanitatis
643 767 722 801 duos
734 779 910 815 conceptus
929 771 1070 817 integros
1088 773 1121 804 &
1134 768 1317 816 adaequatos
1328 799 1337 813 ‚
1359 768 1477 817 eosque

82 815 268 865 objectivos
295 815 429 852 formari
453 814 539 865 polse
551 845 560 860 ‚
580 827 637 850 aut
646 814 748 850 ullum
766 814 827 851 else
844 816 1093 852 fundamentum
1111 820 1318 866 concipiendi
1328 818 1478 854 animali-

84 876 186 901 tatem
203 864 265 900 fine
279 865 502 901 rationalitate
520 883 528 908 3
551 877 686 900 omnem
706 865 789 899 adeo
806 865 971 913 utriusque
995 867 1234 902 distinctionem
1258 866 1319 903 else
1340 870 1476 903 rationis

83 916 308 950 ratiocinantis
325 920 359 951 ὃ(
369 913 432 949 sine
448 914 662 949 fundamento
675 941 684 957 ,
709 927 778 949 non
794 914 984 959 virtualem,
1012 927 1068 951 aut
1083 918 1215 952 rationis
1229 919 1441 954 ratiocinatae.

119 965 169 999 Sit
183 964 279 1012 igitur
291 962 440 999 adversus
456 962 650 1000 Nomina-les

627 1027 745 1062 Tereia
763 1028 924 1074 conclusio.

83 1107 285 1192 GRadus
299 1106 509 1157 metaphylici
530 1109 763 1158 distinguuntur
787 1109 872 1144 inter
886 1106 917 1143 se
942 1106 1123 1144 virtualiter
1145 1136 1155 1152 ,
1192 1107 1244 1144 seu
1262 1121 1335 1145 cum
1360 1108 1476 1147 funda.

174 1169 299 1194 mento.

119 1206 248 1242 Probat.
268 1219 279 1241 r
294 1217 308 1231 0
323 1206 495 1252 Com-lusto,
526 1206 584 1241 Illa
603 1206 838 1256 distinguuntur
856 1207 1037 1242 virtualiter
1052 1235 1061 1250 ‚
1085 1219 1153 1254 quae
1175 1218 1248 1241 cum
1283 1204 1341 1242 sint
1359 1220 1422 1243 una
1442 1213 1478 1246 ὅτ.

84 1254 214 1304 fimplex
237 1257 375 1299 entitas,
398 1256 485 1290 idem
502 1268 609 1291 tamen
624 1255 785 1300 efficiunt,
806 1268 843 1290 ac
863 1254 883 1290 fi
904 1256 1008 1304 plures
1031 1254 1132 1291 (isent
1156 1261 1189 1292 ὃ(
1212 1255 1366 1291 distinet-‘e
1383 1272 1390 1293 ε
1421 1257 1473 1292 sed

83 1305 199 1354 gradus
212 1303 421 1352 nietaphyfici
442 1305 534 1340 irase
551 1303 692 1349 habent,
708 1317 743 1340 ut
766 1317 805 1340 ex
830 1305 924 1341 dictis
940 1304 1054 1353 liquet.
1074 1307 1163 1341 Nam
1184 1305 1326 1340 diversos
1349 1305 1475 1341 habent

83 1366 257 1403 conceptus
269 1353 449 1402 objeffivos
461 1369 469 1390 t
482 1366 519 1389 ut
529 1355 711 1390 animalitas
721 1356 903 1402 concipitur
913 1353 976 1389 sine
994 1354 1215 1389 rationalitate
1227 1371 1235 1397 3
1255 1357 1289 1390 in
1301 1353 1355 1388 illa
1372 1357 1473 1391 etiam

82 1402 189 1451 plures
205 1404 322 1452 species
333 1406 534 1439 conveniunt
548 1433 558 1447 ‚
581 1406 614 1439 in
623 1403 684 1439 hac
696 1402 868 1439 differunt:
892 1401 963 1439 sunt
977 1406 1077 1438 etiam
1100 1405 1258 1452 principia
1280 1403 1474 1440 diversarum

82 1455 311 1499 operationum
324 1481 334 1495 ,
354 1465 390 1486 ac
406 1452 542 1487 diversas
554 1451 679 1487 habent
688 1451 895 1488 definitiones
911 1467 919 1487 :
943 1464 1022 1501 ergo
1046 1455 1167 1487 virtute
1183 1481 1192 1496 ,
1210 1464 1332 1500 atque,
1361 1465 1396 1489 ut
1426 1453 1477 1489 lo..

84 1511 249 1547 quuntur,
267 1503 393 1535 ratione
407 1503 598 1535 ratiocinata
617 1503 701 1534 inter
718 1501 748 1535 se
771 1499 936 1536 differunt.
979 1540 986 1545 ·

121 1549 151 1580 C
153 1548 274 1593 onfirm.
284 1552 328 1584 Ea
340 1548 569 1595 distinguuntur
585 1547 766 1582 virtualiter
778 1576 788 1591 ,
824 1560 960 1595 quorum
979 1559 1078 1581 unum
1094 1549 1294 1595 concipimus
1313 1548 1377 1585 sine
1395 1549 1472 1587 alio:

84 1596 138 1632 sed
147 1597 326 1632 animalitas
346 1599 379 1631 in
390 1599 487 1631 Petro
498 1596 783 1633 clare&distin&e
801 1598 930 1644 concipi
950 1594 1074 1643 potest,
1096 1607 1162 1630 non
1185 1608 1344 1644 concepta
1368 1601 1471 1634 ratio-

85 1644 243 1681 nalitate:
272 1659 345 1681 cum
364 1647 452 1680 enim
468 1645 569 1680 homo
589 1647 715 1679 eminus
738 1645 887 1688 videtur,
911 1656 948 1679 ex
966 1654 1059 1678 motu
1077 1645 1110 1677 id
1127 1645 1248 1680 animal
1263 1644 1323 1681 effe
1336 1675 1346 1690 ‚
1380 1648 1470 1694 quod

84 1706 237 1729 movetur
252 1723 262 1737 ‚
287 1694 505 1742 cognoscimus
522 1711 530 1738 3
546 1706 647 1740 eaque
662 1693 745 1728 clara
762 1693 803 1728 est
816 1695 983 1742 perceptio
998 1721 1007 1735 ,
1023 1691 1146 1727 tametsi
1173 1693 1250 1729 illud
1268 1695 1387 1730 animal
1402 1709 1470 1734 non

85 1745 187 1791 magis
201 1756 273 1778 cum
287 1747 412 1778 ratione
422 1745 629 1790 conjunctum
639 1742 659 1778 a
672 1742 767 1777 nobis
780 1743 957 1790 percipitur
971 1769 980 1784 ‚
995 1741 1094 1789 quam
1114 1741 1176 1776 alia
1201 1743 1379 1790 qualitate,
1407 1746 1469 1782 do-

87 1794 188 1828 &rina
205 1793 359 1828 videlicet
379 1803 436 1827 aut
456 1794 576 1827 virtute
597 1793 793 1827 instructum.
816 1794 899 1840 Ergo
920 1789 1112 1833 animalitas,
1128 1792 1348 1836 rationalitas,
1369 1806 1469 1842 genus

85 1847 119 1878 &
129 1840 313 1877 differentia
325 1844 409 1876 inter
425 1840 454 1874 se
469 1841 707 1890 distinguuntur
725 1840 906 1876 virtualiter
916 1858 925 1884 3
935 1839 1076 1875 diversos
1090 1837 1213 1875 habent
1223 1853 1396 1889 conceptus
1407 1842 1470 1877 ob-

83 1892 221 1940 je&ivos
231 1920 241 1934 ,
265 1897 299 1928 δε
309 1902 407 1925 unum
422 1888 485 1925 fine
501 1889 607 1925 altero
618 1893 745 1938 concipi
763 1891 851 1925 reete
866 1890 968 1937 potest
978 1918 987 1931 ,
1002 1900 1060 1922 aut
1070 1887 1230 1936 praescindj
1244 1903 1251 1925 :
1265 1889 1369 1937 sitque
1384 1904 1469 1940 prce-

85 1939 215 1974 cifiones
226 1953 292 1975 non
304 1951 430 1974 tantum
448 1939 600 1974 formales
614 1969 623 1983 ‚
646 1952 682 1975 ut
695 1938 763 1980 suiit
779 1939 928 1986 quaedam
940 1939 1058 1973 mentis
1071 1939 1228 1980 actiones,
1239 1937 1356 1984 quibus
1368 1953 1467 1977 unum

86 1987 149 2023 fine
170 1989 274 2024 altero
287 1990 486 2037 concipimus
499 2018 508 2032 ‚
525 1988 577 2023 sed
592 1990 690 2024 etiam
703 1988 874 2038 objeetivae
897 1990 980 2022 inter
998 1986 1112 2034 gradus
1138 1986 1372 2037 metaphysicos
1394 2003 1467 2025 om.

87 2039 166 2072 nino
182 2037 251 2073 sunt
264 2036 481 2087 agnoscendae.
498 2038 601 2086 Qod
616 2050 737 2088 negant
748 2040 904 2073 acerrime
915 2034 1107 2073 Nominales
1117 2065 1126 2079 ,
1146 2039 1204 2084 qui
1224 2037 1375 2073 formales
1399 2051 1469 2075 tan-

90 2097 159 2122 tum
173 2086 366 2136 praecisiones
388 2087 572 2123 admittunt-

564 2137 746 2172 Solvuntur
774 2136 963 2183 objeeliones.

125 2183 210 2233 Opp.
223 2184 467 2230 10112te11e6tus‚
484 2188 590 2234 quiea
618 2186 742 2234 separat
753 2199 825 2234 quae
853 2186 987 2235 separari
1007 2199 1074 2221 non
1092 2183 1216 2232 possunt
1230 2212 1239 2227 ,
1258 2183 1468 2233 &distinguit

88 2243 159 2278 quae
167 2245 231 2268 non
244 2233 471 2270 suntdistinct.1
484 2265 494 2279 ‚
519 2237 544 2269 is
558 2235 690 2272 fallitur.
712 2236 775 2270 Sed
792 2249 863 2271 cum
876 2235 989 2284 gradus
1013 2232 1244 2282 metaphylicos
1257 2261 1266 2277 ,
1294 2245 1350 2268 aut
1372 2235 1467 2269 artri-

90 2279 170 2314 buta
179 2283 309 2327 divina,
329 2296 386 2319 aut
394 2284 456 2318 alia
469 2285 641 2333 ejusmodi,
660 2297 731 2332 quae
742 2298 804 2320 una
822 2286 894 2321 sunt
914 2290 947 2322 δε
967 2285 1081 2319 eadem
1103 2285 1219 2317 entitas
1231 2311 1239 2325 ,
1265 2284 1467 2332 cogitatione

90 2341 180 2363 mens
192 2329 313 2379 separat
323 2362 332 2376 ‚
344 2345 413 2368 tum
427 2346 463 2368 ea
474 2333 603 2369 divellit
618 2345 689 2382 quae
713 2333 847 2382 separari
861 2345 1047 2381 nequeunt5
1063 2330 1331 2380 compositionem
1352 2331 1465 2381 fingit,

90 2376 243 2414 ubinulla
256 2381 316 2425 est,
338 2393 372 2417 ut
387 2385 419 2418 in
431 2386 523 2427 Deo,
537 2387 621 2430 cujus
645 2382 803 2419 attributa
821 2384 983 2432 distinguit
1011 2396 1019 2418 :
1043 2394 1120 2431 ergo
1141 2393 1209 2418 tum
1227 2383 1363 2418 omnino
1380 2381 1468 2417 falli-
