1857 2745
440 156 800 198 TRACTATUS
843 157 1079 198 PRIMUS,
1403 169 1466 206 473

126 208 282 255 'Confirm.
295 207 373 245 Pars
389 220 450 245 una
461 210 606 258 corporis
622 220 688 246 non
699 209 750 244 est
768 207 830 244 alia
843 237 853 253 ‚
868 209 966 256 idque
979 207 1080 244 habet
1097 205 1117 243 ὲ
1127 205 1156 241 se
1169 205 1235 254 ipsa
1246 205 1332 252 §non
1346 206 1366 243 ὲ
1375 219 1476 254 quan-

79 260 183 295 ³titate
203 259 361 296 distineta.
391 260 479 295 Nam
492 271 591 293 unum
608 256 651 292 ab
668 258 734 295 alio
751 258 953 308 distinguitur
966 269 1024 306 per
1041 258 1072 292 id
1096 267 1164 304 quo
1177 256 1223 290 est
1244 272 1252 293 :
1273 255 1313 291 fic
1329 268 1435 291 ramus
1454 255 1476 291 ὲ.

80 318 203 344 1trunco
213 308 434 355 distinguitur3
452 306 579 356 caput&
597 307 680 354 pede
695 319 752 356 per
763 305 918 355 seipsum,
936 305 989 342 seu
1006 318 1064 354 per
1081 306 1112 340 id
1126 317 1193 352 quo
1211 307 1254 340 est
1270 318 1376 340 ramus
1389 334 1397 348 ‚
1419 304 1474 340 vel

89 368 204 405 caput:
222 369 300 405 ergo
309 358 526 400 materia,aut
535 355 706 392 substantia
718 367 873 405 corporea
886 354 1085 405 perseipsam
1100 353 1201 389 habet
1210 366 1320 402 partes
1344 357 1428 389 inter
1445 352 1477 388 se

77 406 250 443 ‹distinstas
263 434 273 449 ,
284 403 399 453 easque
409 418 476 440 non
491 416 657 440 mutuatur
674 404 693 441 ὲ
708 407 980 454 quantitate‚quae
991 402 1026 440 sit
1039 401 1187 438 accidens
1200 402 1249 438 illi
1264 402 1474 438 succrescens.

135 453 234 490 Proh,
246 463 282 490 20
294 456 380 490 Tam
395 454 439 489 est
455 454 495 489 de
505 465 617 492 natura
634 457 778 503 corporis
797 467 866 490 non
879 452 1030 503 simplicis
1041 452 1093 488 sed
1109 450 1277 501 compositi
1292 481 1302 498 ‚
1321 463 1356 486 ut
1368 463 1475 499 partes

88 501 267 540 habeatint
312 503 392 539 tales
405 515 444 539 ex
458 501 572 551 quibus
584 503 710 540 constet
720 533 730 548 ‚
744 515 844 552 quam
857 503 902 538 est
922 504 962 538 de
978 513 1090 538 natura
1108 500 1286 537 substantiae
1305 499 1451 549 simplicis
1465 528 1476 544 ,

76 563 122 588 ¹ut
136 551 238 588 nullas
248 552 289 588 ha
317 565 369 588 eat
380 563 506 601 partes:
522 564 600 602 ergo
617 552 701 589 nihil
715 550 840 589 necesse
854 552 899 589 ‘est
917 551 1065 588 accidens
1081 549 1322 600 superadditum
1335 552 1476 585 commi-

88 600 183 645 nisci,
193 601 283 648 quod
296 603 423 650 corpori
440 613 546 651 partes
565 601 783 638 substantiales
795 600 924 639 tribuat.

139 649 291 694 Confirm.
307 651 463 687 Accidens
478 664 544 686 non
560 652 666 700 potest
680 651 756 687 dare
767 649 826 686 esse
842 649 1045 686 substantiale
1058 663 1066 686 ε
1080 648 1132 684 sed
1156 647 1277 684 habere
1291 659 1399 732 partes
1412 677 1420 690 ‚
1439 653 1476 682 u‘t

87 709 186 747 caput
199 726 209 741 ‚
227 704 260 736 &
271 698 422 744 brachia,
439 700 482 734 est
495 701 649 748 quiddam
666 699 890 737 substantiale:
907 710 985 748 ergo
999 698 1125 734 nullum
1136 698 1283 734 accidens
1306 696 1479 735 ubstantiai.

89 747 166 782 dare
184 748 287 795 potest
305 760 410 797 partes
428 751 623 797 integrantes
635 761 709 793 >aut
717 748 949 785 substantiales.
971 750 1018 783 -Ac
1033 759 1112 796 puto
1123 747 1158 781 id
1169 748 1251 782 adeo
1269 746 1392 781 clarum
1404 744 1476 790 esse,

88 807 124 831 ut
142 798 175 832 in
193 796 441 833 controversiam
456 800 569 833 venire
583 811 650 833 non
667 797 771 847 poffit.
793 800 892 835 Nunc
909 797 1077 832 videamus
1095 809 1137 831 an
1150 798 1312 844 quantitas
1326 797 1453 830 interna
1463 823 1476 840 a

87 857 154 892 qua
173 843 290 881 scilicet
308 858 421 896 corpus
438 848 537 895 exigit
550 846 671 893 habere
681 858 786 895 partes
799 846 946 884 extensas
956 848 989 881 in
1006 846 1121 882 ordine
1140 846 1180 880 ad
1192 845 1323 889 locum,
1338 843 1376 879 sit
1393 845 1477 879 acci-

89 894 168 931 dens
178 895 342 943 quoddam
352 895 373 931 ὲ.
382 894 552 931 substantia
564 895 629 945 ipsa
642 897 836 934 distinctum.
849 898 898 932 Sit
914 898 1011 943 igitur

625 994 773 1028 Secunda
801 997 829 1030 C
830 995 918 1030 onclu
914 993 976 1040 fio.

128 1093 358 1140 Qantitatem
378 1092 542 1126 internam
553 1102 621 1126 non
636 1087 697 1124 effe
707 1091 853 1127 accidens
875 1090 896 1127 ὲ
914 1089 1090 1125 substantia
1109 1101 1266 1139 corporea
1288 1090 1475 1126 distinetum

84 1138 188 1187 longe
199 1140 245 1174 est
258 1137 474 1188 probabiliuS.

131 1189 223 1236 Qid
239 1187 334 1224 nobis
344 1187 544 1235 probabilius
560 1187 710 1223 videatur
723 1216 733 1231 ‚
750 1193 783 1226 δε
796 1186 966 1224 ίηῑεὶῖεᾶυ
989 1186 1115 1222 facilius
1129 1217 1139 1231 ‚
1159 1201 1224 1223 non
1244 1199 1279 1224 ut
1300 1198 1423 1223 certum
1445 1191 1481 1223 δέ

87 1237 306 1272 indubitatum
315 1236 477 1272 asserimus
487 1267 496 1282 ‚
510 1239 729 1285 quantitatem
746 1239 910 1271 internam
922 1266 932 1281 ‚
947 1249 1011 1284 qua
1026 1236 1145 1271 scilicet
1163 1235 1339 1272 substantia
1363 1248 1480 1286 corpo-

90 1298 144 1320 rea
154 1285 373 1323 extensionem
384 1285 670 1335 impenetrabilem
684 1283 900 1323 necessario&
916 1285 1104 1320 naturaliter
1124 1287 1243 1335 exigit,
1264 1299 1331 1325 non
1347 1284 1408 1320 esse
1424 1297 1480 1320 ac-

89 1335 197 1370 cidens
207 1334 247 1370 ab
259 1333 325 1383 ipso
339 1347 475 1383 corpore
484 1335 676 1371 distinerum.

125 1385 238 1419 Primo
250 1412 259 1426 ,
274 1397 343 1419 non
355 1384 453 1418 aliam
462 1383 622 1418 habemus
640 1382 817 1418 substantiae
834 1395 997 1432 corporeae
1013 1383 1120 1419 ideam
1133 1413 1143 1428 ‚
1153 1397 1251 1432 quam
1266 1387 1311 1419 rei
1326 1396 1398 1432 quae
1422 1395 1483 1418 ex-

87 1431 269 1469 tensionem
279 1431 567 1481 impenetrabilem
585 1434 686 1482 exigit
699 1446 706 1468 :
718 1431 771 1466 sed
783 1432 899 1466 eadem
908 1433 951 1467 est
962 1435 1151 1479 quantitatis
1174 1436 1290 1468 intima
1306 1435 1401 1469 notio
1413 1447 1420 1469 :
1431 1445 1483 1467 et·
1498 1453 1506 1456 -

89 1495 135 1530 go
146 1493 225 1516 unus
243 1481 374 1518 &idem
388 1482 431 1516 est
444 1492 514 1515 tum
532 1480 707 1516 substantiae
726 1493 887 1530 corporeae
897 1509 909 1525 ‚
923 1493 992 1516 tum
1009 1483 1200 1528 quantitatis
1212 1493 1407 1530 conceptus:
1422 1494 1483 1516 ne-

88 1542 155 1577 que
171 1530 255 1564 adeo
272 1542 333 1564 una
348 1528 389 1563 ab
409 1530 510 1565 altera
528 1528 649 1565 diversa
665 1531 730 1565 cst:
745 1531 887 1565 maxime
911 1542 986 1564 cum
1000 1542 1059 1564 nec
1070 1533 1153 1564 ratio
1169 1559 1177 1572 ‚
1192 1543 1254 1565 nec
1269 1533 1481 1578 experientia,

90 1591 152 1614 nec
166 1578 325 1614 revelatio
337 1608 346 1622 ,
362 1591 423 1614 nec
443 1579 573 1614 demum
586 1579 650 1614 ulla
667 1579 829 1616 neceffitas
839 1590 1006 1628 noscogat
1024 1591 1121 1615 unam
1131 1578 1172 1613 ab
1190 1578 1293 1614 altera
1304 1579 1482 1628 distingue-

92 1640 147 1664 re:
163 1639 300 1676 cumque
323 1640 438 1676 corpus
461 1629 563 1676 ipsum
579 1640 645 1663 tam
667 1629 856 1664 immediate
872 1626 965 1676 poffit
983 1626 1194 1664 dimensiones
1215 1630 1365 1677 exigere,
1383 1642 1481 1677 quam

88 1679 256 1724 >quantitas
266 1675 493 1723 superveniens
506 1682 540 1714 ὅ(
554 1674 596 1712 ab
615 1690 655 1712 eo
679 1678 835 1714 distincta.
867 1680 903 1712 In
923 1689 1129 1724 quocumque
1149 1679 1237 1713 enim
1266 1678 1350 1711 statu
1368 1690 1483 1726 corpus

91 1725 236 1774 posueris
251 1754 259 1769 ,
274 1723 448 1761 necessario
464 1725 683 1772 extensionem
695 1756 704 1771 ‚
724 1739 861 1774 eamque
883 1724 1170 1775 impenetrabilem
1196 1727 1310 1775 exiget
1326 1739 1334 1762 :
1349 1727 1433 1760 adeo
1446 1737 1482 1763 ut

94 1786 132 1808 ea
152 1775 316 1822 exgentia
331 1773 348 1810 ἐι
363 1786 497 1823 corpore
510 1776 643 1823 separari
662 1789 728 1811 non
741 1776 838 1824 poffit
856 1788 864 1809 z
884 1788 950 1810 non
967 1777 1064 1823 igitur
1083 1786 1123 1809 ea
1138 1775 1183 1810 est
1202 1775 1357 1823 quiddam
1376 1774 1419 1809 ab
1439 1787 1480 1813 eo

79 1823 281 1858 'distinetum
292 1851 301 1865 ,
320 1835 424 1870 neque
442 1824 505 1859 ulla
516 1825 558 1859 est
572 1826 654 1859 inter
669 1837 707 1859 ea
716 1825 931 1861 distinctionis
941 1836 1031 1862 nota.

132 1871 225 1907 Proh.
244 1887 268 1908 2.
283 1872 364 1906 ¹Ideo
378 1874 516 1921 impetus
528 1884 564 1908 ut
579 1872 713 1920 qualitas
727 1873 874 1923 impressa
889 1875 1019 1922 corpori
1039 1870 1265 1922 superveniens
1285 1872 1416 1909 admitti
1431 1873 1487 1909 so-‘

95 1919 142 1956 let
154 1949 164 1964 ,
182 1923 259 1968 quia
273 1932 388 1969 corpus
409 1933 448 1957 ex
462 1921 492 1957 se
509 1922 552 1956 est
570 1919 761 1957 indifferens
777 1923 819 1957 ad
836 1933 963 1958 motum
975 1951 986 1966 ‚
1007 1933 1061 1957 aut
1084 1922 1125 1955 ad
1143 1923 1288 1968 quietem
1304 1936 1311 1957 :
1341 1923 1426 1958 unde
1446 1933 1484 1959 ut

94 1982 210 2018 corpus
229 1969 459 2006 determinetur
477 1971 516 2005 ad
531 1981 659 2005 motum
670 1999 681 2015 ,
695 1971 890 2019 qualitatem
910 1969 951 2006 ab
969 1983 1009 2005 eo
1028 1971 1209 2006 distinctam
1225 1999 1236 2014 ,
1249 1983 1319 2018 quae
1342 1973 1486 2020 impetus

96 2019 214 2053 dicitur
228 2046 237 2058 ,
258 2021 420 2067 procreari
438 2019 578 2064 volunt,
590 2019 676 2055 bene
695 2033 736 2056 an
748 2021 854 2065 male,
872 2019 925 2056 suo
943 2019 1018 2054 loco
1043 2017 1240 2056 videbimus.
1267 2020 1331 2055 Sed
1365 2033 1482 2068 corpus

95 2079 164 2102 non
176 2068 219 2102 est
232 2067 419 2103 indifferens
438 2080 474 2104 ut
489 2071 596 2118 exigat
618 2069 840 2106 extensionem
854 2067 1156 2118 impenetrabilem:
1172 2081 1249 2118 ergo
1262 2082 1319 2118 per
1337 2068 1483 2118 seipsum,

95 2121 210 2152 &non
227 2128 283 2165 per
300 2117 385 2151 aliud
404 2116 422 2154 ὲ
439 2117 469 2153 se
490 2118 674 2154 distinctum
690 2119 779 2154 illam
793 2121 902 2168 exigit.
936 2121 1033 2154 Sectis
1044 2117 1133 2165 quod
1145 2121 1362 2165 quantitatem
1372 2131 1480 2164 vocas,

99 2175 234 2212 quaeque
249 2166 295 2200 est
314 2167 401 2201 radix
412 2165 601 2203 extensionis
615 2168 872 2216 impenetrabilis
883 2197 894 2212 ,
905 2168 938 2202 id
956 2167 1056 2214 ipsum
1066 2178 1180 2214 corpus
1194 2165 1255 2202 esse
1268 2169 1337 2213 quis
1362 2170 1482 2204 merito

98 2215 311 2250 contenderit.
327 2217 378 2250 Sic
393 2228 441 2250 res
456 2219 554 2263 exigit
569 2217 680 2251 durare
699 2245 708 2257 ,
733 2230 789 2253 aur
801 2217 1001 2260 conservari,
1018 2216 1118 2263 idque
1137 2228 1195 2263 per
1213 2215 1342 2264 seipsam
1361 2220 1484 2266 exigit,

100 2273 165 2296 non
185 2273 241 2310 per
257 2263 407 2311 aliquid&
425 2264 660 2301 sedistinetum.
1415 2286 1417 2289 ’

135 2311 249 2357 Qare
260 2323 299 2344 ea
313 2313 438 2348 videtur
453 2317 567 2363 opinio
580 2314 748 2350 intelleetu
760 2314 884 2350 facilior
895 2344 905 2358 ,
919 2328 989 2363 quae
999 2317 1216 2364 quantitatem
1239 2312 1441 2359 intrinsecam
1463 2315 1483 2350 ὰ

101 2358 267 2393 substantia
285 2373 440 2408 corporea
451 2375 517 2399 non
528 2376 579 2407 re,
599 2363 650 2398 sed
676 2366 875 2413 cogitatione
890 2376 1025 2408 tantum,
1043 2376 1142 2410 atque
1158 2393 1167 2407 ,
1182 2375 1218 2398 ut
1233 2366 1342 2406 aiunt,
1354 2365 1481 2399 virtua-
1523 2401 1526 2402 ⁷

102 2406 174 2442 liter
188 2408 352 2458 distinguit
364 2424 371 2446 ε
384 2423 459 2447 nam
478 2411 498 2447 fi
510 2415 592 2448 ratio
610 2413 819 2452 humanarum
833 2414 1036 2451 scientiarum
1050 2412 1218 2454 habeatur,
1235 2418 1269 2448 δε
1286 2415 1426 2460 corporis
1447 2418 1483 2450 ὃ(

1203 2463 1237 2499 N
1247 2475 1268 2499 n
1279 2474 1300 2498 n
1331 2463 1363 2511 iij
