1857 2745
454 122 812 160 TRACTATUS
865 120 1158 158 TERT1U5.'
1459 127 1521 167 συγ

135 185 270 223 corpore
285 203 294 218 ,
306 184 343 209 ut
356 173 398 208 ab
417 185 456 207 eo
474 173 618 221 pendeat
629 200 638 216 ‚
650 177 682 210 δι
693 170 777 220 quasi
784 173 920 206 omnino
931 172 965 206 in
977 183 1018 206 eo
1029 171 1230 219 demergatur
1242 200 1251 214 ,
1277 172 1311 207 C.
1333 184 1400 208 non
1411 175 1516 221 potest

135 225 365 258 communicari
380 225 507 270 corpori
523 250 532 264 ,
547 233 582 256 ut
597 223 628 255 id
642 221 808 269 perficiat,
821 222 922 256 vitam
938 225 972 257 δι
990 217 1115 255 sensum
1136 221 1307 268 impertiat.
1321 222 1369 257 N.
1380 222 1412 255 Id
1429 225 1516 258 enim

133 272 214 308 alias
232 272 426 307 ostendimus
436 299 446 314 ,
469 271 638 305 hominem
653 268 714 305 else
732 270 820 305 velut
834 280 980 305 centrum
993 268 1155 316 utriusque
1171 280 1291 304 naturae
1304 268 1449 317 spiritalis
1460 299 1469 314 ‚
1483 278 1518 309 δε

133 333 297 370 corporeae
311 349 321 362 ,
337 326 370 357 ὃ(
389 317 474 367 quasi
485 321 582 353 totius
604 318 737 354 universi
751 319 989 367 compendium.
1009 319 1060 352 Sic
1074 321 1183 353 anima
1195 319 1339 353 medium
1357 319 1446 355 velut
1464 320 1515 355 lo-

132 382 208 405 cum
224 371 307 404 inter
321 380 447 404 naturas
466 367 619 417 spiritales
631 373 664 404 &
676 379 845 416 corporeas
855 367 967 410 nacha,
982 377 1019 402 ut
1032 366 1174 415 Angelus
1186 395 1196 410 ‚
1215 369 1247 401 in
1264 365 1359 415 scipsa
1385 367 1518 405 subsistit

133 422 169 455 &
186 420 270 453 vivit
284 432 291 454 :
309 423 342 454 δε
358 429 467 451 tamen
492 419 594 452 vitam
609 420 737 465 corpori
763 418 1006 458 communicat,
1020 415 1118 463 idque
1132 427 1209 451 vere
1228 416 1404 460 informat,
1427 420 1516 465 quod

131 479 207 502 cum
225 466 391 501 brutorum
411 465 524 501 formis
542 463 838 502 habetcommune.
991 498 997 500 ⁷
1044 480 1047 483 ·
1183 482 1186 484 ·

167 515 292 557 Veurm
310 515 385 551 hinc
396 515 458 549 alia
468 517 570 549 oritur
582 515 710 562 quaestio
723 542 733 558 ‚
746 528 787 550 an
801 526 862 550 una
876 520 910 551 δε
930 513 1044 549 eadem
1056 511 1127 549 infit
1148 514 1273 550 homini
1295 517 1423 558 anima,
1449 528 1517 563 quae

134 567 357 613 vegetatriciS,
368 563 532 599 sentientis
544 590 554 606 ,
575 569 609 600 &
626 563 837 613 intelligentis
848 562 1155 599 animaefunfflnnes
1165 566 1279 599 exerit.
1298 567 1389 600 Nam
1406 576 1442 599 ut
1461 577 1516 599 eos

134 615 287 649 omittam
310 615 366 659 qui
380 613 439 648 hac
457 615 489 648 in
502 625 536 647 re
545 611 565 647 ἐι
585 611 647 648 fide
658 611 828 648 Catholica
838 612 1043 655 aberrarunt,
1060 622 1095 646 ut
1106 609 1305 647 Manichaeos
1318 642 1328 655 ‚
1338 616 1395 660 qui
1409 614 1516 662 dupli-

133 674 208 697 cem
219 664 252 697 in
274 661 367 698 nobis
382 664 522 697 animam
540 660 671 709 posuere
684 689 694 706 ,
706 673 803 697 unam
814 660 934 697 abono
945 660 1104 704 ,alteram
1115 660 1136 696 ὲ,
1163 661 1253 696 malo
1273 664 1430 710 principio
1441 680 1450 706 3
1463 675 1517 697 aut

135 713 314 748 Averro'e'm
324 739 334 754 ,
350 713 407 757 qui
422 723 520 745 unam
535 712 568 746 in
583 711 737 746 omnibus
753 739 763 754 ‚
775 709 1028 748 &universslem
1042 721 1188 746 mentem
1200 736 1210 753 ,
1234 715 1268 747 &
1285 709 1371 758 quasi
1389 711 1516 746 intelli-

133 762 281 809 gentiam
291 770 495 795 commentus
508 759 568 803 est,
585 763 685 807 q‘uatn
701 760 886 795 intellectus
902 761 1026 808 agentis
1041 761 1175 794 nomine
1200 759 1337 794 donavit
1353 775 1363 802 3
1381 759 1517 795 alteram

133 811 248 856 cuique
258 810 421 857 propriam
441 836 452 851 ,
469 820 604 855 quaeque
617 808 802 843 intellectus
823 811 971 856 patiens,
987 818 1042 842 aut
1054 806 1211 855 poffibilis
1230 806 1272 842 ab
1285 820 1326 843 eo
1345 811 1516 845 vocitatur.

133 859 186 892 sic
196 857 290 893 Plato
304 855 588 906 concupiscibilem
598 859 743 892 animam
755 859 910 905 injecere
924 886 934 901 ‚
953 855 1144 891 irascibilem
1168 859 1202 892 in
1219 857 1318 892 corde
1337 885 1348 900 ‚
1376 860 1517 893 rationa-

132 905 200 941 lem
217 908 249 941 in
269 904 406 941 cerebro
415 903 548 953 posuiss'e
564 905 665 954 vulgo
679 906 804 941 dicitur.
821 908 872 942 Ut
882 906 936 951 isia
949 933 958 947 ,
969 908 1104 952 inquam
1117 935 1126 949 ‚
1141 907 1292 941 omittam
1304 935 1314 950 ,
1333 909 1416 942 inter
1436 907 1517 957 ipsos

133 954 323 1004 Theolcgos
337 960 370 991 &
391 953 604 1002 Philosophos
622 955 815 990 Catholicos
828 954 986 990 nonnulla
1000 954 1059 989 hac
1074 955 1115 989 de
1126 966 1160 989 te
1174 953 1318 990 diffenfio
1343 956 1402 991 est.
1426 959 1516 992 Nam

132 1003 303 1039 Ochamus
314 1032 324 1048 ‚
339 1005 502 1038 Antonius
512 1002 775 1047 Mirandulanusr‚
787 1008 819 1040 &
833 1002 890 1038 alii
907 1006 1048 1038 animam
1059 1002 1258 1039 rationalem
1265 1016 1311 1039 ex.
1320 1004 1439 1040 duabus
1458 1018 1517 1040 ve-

132 1051 180 1087 lut
197 1051 342 1101 part-ibus
353 1051 498 1087 constare
515 1051 632 1088 volunt
650 1065 805 1100 ,quarum
823 1065 884 1087 una
901 1050 938 1086 sit
952 1051 1180 1087 intelle-emaus
1193 1081 1204 1095 ‚
1223 1052 1323 1088 altera
1347 1055 1517 1089 irrationa-

132 1099 190 1144 lis,
207 1107 241 1138 &
258 1100 362 1137 sensus
379 1103 570 1148 principium
581 1129 591 1145 ‚
609 1114 679 1149 quae
694 1100 730 1136 fit
753 1113 810 1149 pet
822 1112 928 1136 totum
948 1099 1062 1136 diffiisa
1074 1113 1189 1149 corpus
1204 1114 1362 1149 3eamque
1385 1105 1516 1150 opinio-

132 1158 210 1185 nem
229 1148 321 1184 illaesa
359 1148 422 1184 fide
439 1149 573 1184 defendi
594 1147 679 1197 posse
697 1150 841 1185 fatentur
855 1147 910 1198 ipfi
933 1147 1224 1185 conimbricenses.
1247 1152 1342 1186 Hanc
1365 1153 1452 1186 inter
1466 1163 1518 1185 re-

131 1202 291 1235 centiores
304 1200 457 1233 acerrime
471 1209 578 1233 tuetur
593 1200 704 1235 Petrus
719 1197 916 1234 Gaffendus:
935 1209 1115 1233 contraeos
1127 1210 1237 1234 tamen
1251 1197 1291 1233 sit

655 1294 805 1330 Secunda
825 1298 854 1329 C
855 1293 1001 1339 onclufio.

199 1390 406 1427 'Robabilius
420 1389 508 1427 estin
518 1389 652 1426 homine
662 1402 758 1426 unam
775 1388 837 1426 effe
848 1389 1120 1427 &indivisibilem
1138 1395 1280 1429 animam
1292 1422 1302 1436 ‚
1320 1406 1387 1429 non
1403 1394 1516 1430 multi-

210 1440 339 1489 plicem.

167 1488 330 1526 Probatur
341 1489 499 1535 conclufio.
523 1491 566 1524 Ex
582 1485 684 1524 ‘dietis
710 1487 815 1536 liquet
833 1490 976 1524 animai-n
993 1489 1183 1524 rationalem
1208 1490 1269 1526 esse
1288 1491 1428 1526 hominis
1447 1492 1514 1527 for-

133 1551 220 1574 mam
234 1566 244 1581 ‚
259 1540 312 1583 cui
327 1548 441 1575 omnes
455 1540 539 1572 vites
556 1534 764 1585 subjiciuntur
775 1564 784 1582 ,
795 1538 870 1573 dum
885 1538 988 1572 eamd
1008 1539 1171 1587 agendum
1188 1539 1353 1588 applicat,
1365 1546 1398 1577 &
1415 1553 1514 1575 unum

132 1585 193 1622 effe
211 1586 337 1622 homini
350 1617 360 1631 ,
374 1600 439 1622 non
452 1585 621 1634 multiplex
639 1585 771 1630 tribuit>3
792 1599 829 1621 ac
840 1586 922 1622 nihil
938 1589 970 1621 ei
990 1587 1075 1622 deest
1090 1590 1263 1634 quominus
1273 1590 1383 1623 omnia
1393 1588 1513 1624 form:

132 1635 340 1671 substantialis
359 1634 459 1671 obeat
472 1647 614 1671 munera.
631 1635 695 1670 Sed
707 1634 727 1670 si
740 1635 844 1684 plures
860 1632 958 1670 essent
969 1638 1085 1671 animae
1096 1637 1133 1671 in
1144 1637 1261 1672 eodem
1276 1637 1410 1672 homine
1425 1666 1434 1680 ‚
1451 1651 1514 1672 eae-

132 1696 199 1733 que
216 1683 291 1720 loco
307 1696 362 1720 aut
380 1683 507 1720 sedibus
517 1683 672 1728 discretae,
683 1697 748 1719 non
758 1697 859 1720 unum
882 1684 959 1719 effet
974 1712 984 1728 ,
999 1683 1050 1719 sed
1069 1683 1238 1733 multiplex
1268 1683 1328 1720 effe
1347 1686 1486 1721 hominis
1504 1703 1513 1729 ς

132 1746 171 1768 ac
185 1732 272 1769 nulla
284 1733 371 1769 foret
383 1736 465 1768 ratio
476 1745 530 1769 cur
542 1735 633 1768 unius
655 1735 805 1781 operatio
819 1732 985 1781 paululum
1005 1732 1157 1769 intensior
1174 1733 1303 1769 alterius
1330 1735 1513 1770 functiones

133 1782 323 1830 impedirett
340 1794 414 1817 cum
425 1794 621 1830 unaquaeque
638 1782 724 1830 quod
742 1781 799 1817 fibi
809 1781 885 1818 effer
896 1785 1082 1831 proprium,
1098 1794 1209 1832 ageret
1223 1812 1232 1827 ,
1246 1789 1279 1821 &
1289 1783 1412 1819 diversa
1423 1797 1514 1831 pror-

133 1831 179 1866 sus
196 1829 294 1866 essent
311 1843 420 1867 earum
436 1832 641 1868 functionum
652 1833 806 1879 principia
816 1842 946 1878 {neque
959 1834 1057 1866 etiam
1071 1831 1262 1867 facultatum
1279 1835 1425 1867 omnium
1439 1832 1512 1867 sub-

134 1880 295 1915 ordinatio
316 1880 413 1915 facile
429 1879 530 1929 poffet
543 1879 694 1928 explicari
709 1893 717 1914 :
736 1891 811 1915 nam
827 1877 955 1914 diversae
971 1879 1156 1916 funstiones
1173 1881 1214 1915 ad
1231 1881 1381 1916 distinsta
1394 1883 1514 1929 princi-

134 1931 186 1977 pia
196 1928 399 1966 referrentur.
415 1933 498 1978 Ergo
515 1941 583 1964 non
605 1928 773 1976 multiplex
792 1957 803 1972 ,
815 1927 867 1963 sed
879 1940 944 1963 una
961 1929 1004 1963 est
1021 1934 1055 1966 δε
1071 1928 1203 1978 simplex
1228 1929 1370 1966 hominis
1393 1933 1510 1966 anima.

186 1976 335 2022 confirm.
367 1981 402 2013 Si
424 1988 556 2027 propter
580 1975 796 2012 diversitatem
821 1978 1050 2026 operationum
1076 1976 1206 2013 diversae
1233 1990 1364 2026 quoque
1394 1981 1512 2015 animae

135 2025 225 2060 statui
244 2025 368 2062 debent
380 2055 388 2069 ‚
408 2038 459 2062 tot
477 2027 590 2062 futurae
607 2024 676 2062 sunt
687 2028 801 2062 animoe
813 2055 823 2071 ,
837 2037 917 2074 quot
933 2025 1008 2061 sunt·
1020 2026 1121 2062 sensus
1137 2028 1222 2062 inter
1235 2027 1265 2062 se
1282 2028 1429 2063 distincti.
1457 2027 1513 2064 Εἰ-

136 2087 180 2123 go
201 2073 277 2108 licet
294 2073 395 2111 sensus
414 2082 447 2113 &
464 2077 595 2110 rationis
611 2075 796 2112 funffiones
809 2075 979 2125 plurimum
997 2077 1082 2111 inter
1096 2075 1127 2111 se
1138 2077 1253 2112 distent
1267 2105 1277 2119 ‚
1289 2076 1512 2125 nihilpropte-

136 2123 193 2158 rea
208 2121 327 2158 neceffe
338 2125 380 2160 est
397 2137 506 2160 earum
519 2123 684 2162 actionum
695 2127 850 2175 principia
862 2124 1023 2161 secernere
1032 2153 1043 2170 ‚
1056 2131 1089 2163 &
1100 2124 1293 2162 sentientem
1307 2128 1447 2160 animam
1468 2125 1510 2160 ab

139 2170 348 2209 intellectuali
371 2172 545 2223 sejungere.
692 2197 695 2199 —

1214 2417 1392 2469 Ggggssj
