1857 2745
315 147 368 190 {⁹²⁶
753 133 1253 171 *METAPHYSICAE

314 188 366 220 led
378 184 419 218 est
431 184 512 217 entis
520 181 650 216 alterius
663 212 670 223 ‚
683 181 738 217 vel
748 181 887 230 subjeffi
896 183 915 218 ἓι
928 196 995 230 quo
1007 184 1128 232 pendet
1139 185 1210 228 ·,vel
1224 185 1245 220 ἐι
1254 182 1342 219 causa
1353 183 1488 219 secunda
1501 193 1570 220 tum
1587 183 1700 233 quoad

316 233 384 268 fieri
399 261 408 272 ,
427 244 462 265 ut
478 234 590 274 aiunt,
603 242 673 265 rum
682 231 792 279 quoad
805 230 864 266 effe
883 233 1025 280 pendet,
1041 245 1113 267 cum
1127 231 1168 267 ab
1183 245 1222 267 ea
1231 233 1446 268 conservatur.
1461 234 1552 281 Qin
1567 237 1665 269 etiam
1678 233 1702 270 ὲ.

313 282 473 316 contrario
483 279 560 327 saepe
577 280 759 315 destruitur.
776 280 840 314 Sed
855 284 980 316 animus
997 294 1064 318 non
1085 282 1131 316 est
1154 283 1302 317 accidens
1324 294 1380 317 aut
1400 282 1515 317 modus
1527 310 1538 325 ,
1556 295 1628 318 cum
1644 294 1702 330 pet

314 331 344 365 se
355 340 430 376 agat
447 329 705 376 independenter
721 330 740 365 a
757 341 909 378 corpore,
923 343 1032 380 neque
1051 329 1110 366 ulli
1124 343 1245 380 organo
1259 331 1296 367 {it
1311 330 1423 367 affixus
1436 344 1444 366 ε
1462 333 1573 378 itaque
1588 331 1704 366 destrui

315 378 407 414 nullo
430 378 529 412 modo
547 378 662 426 potest.
1336 414 1344 422 ,

365 429 529 475 roirca
543 427 603 461 huc
619 430 726 462 omnis
737 456 746 469 ,
763 426 783 461 si
793 440 864 475 quae
877 426 914 462 sit
922 427 1092 464 difficultas
1103 429 1220 472 ,redit‚
1236 441 1342 464 utrum
1358 431 1480 465 animus
1499 427 1535 463 fit
1544 427 1703 477 spiritalis:

316 480 404 525 quod
418 488 466 510 tot
482 476 690 511 rationibus&
701 475 795 511 nobis
813 476 966 513 effedhim
980 478 1026 513 est
1037 507 1048 522 ‚
1062 489 1097 512 ut
1116 477 1262 514 dubitem
1273 490 1315 513 an
1336 478 1425 514 aliud
1440 479 1617 524 quicquam
1635 477 1707 526 pla..

315 529 387 562 nius
398 525 613 559 demonstrari
629 525 732 574 poffit.
746 528 791 560 Ac
803 526 899 561 facile
914 526 992 562 effer
1001 529 1142 563 rationes
1155 527 1238 562 hanc
1248 530 1282 562 in
1295 540 1364 563 rem
1373 527 1526 576 plurimas
1543 538 1581 560 ex
1599 526 1708 561 Plato-

318 578 397 610 nicis
411 572 590 623 desumptas
602 604 611 618 ,
624 578 722 622 quiin
737 575 796 610 hac
821 576 1031 612 dimicatione
1049 588 1164 611 omnes
1196 588 1360 628 quotquot
1377 577 1507 612 fuerunt
1518 574 1709 624 Philosophi

318 624 523 672 superarunt,
546 623 607 658 huc
626 623 754 660 afferre.

355 685 382 708 ι’
406 673 496 719 quod
516 674 616 707 animi
633 676 738 707 aciem
755 676 955 710 &intuitum
977 687 1039 710 nec
1053 686 1236 723 temporum
1257 687 1318 717 nec
1342 672 1517 722 spatiorum
1538 672 1710 708 intervalla

319 721 515 771 prohibeant
527 739 536 764 3
551 723 640 768 quod
654 725 818 771 praeterita
831 726 1039 768 meminerit,
1057 724 1164 759 futura
1176 724 1421 772 quodammodo
1432 721 1608 773 praesagiat,
1620 723 1712 757 omni

321 772 477 818 temporis
496 770 704 806 volubilitate
714 771 862 820 superior.
1243 785 1247 787 “
1471 791 1474 794 -

361 830 393 856 2.q
417 832 508 854 mens
527 820 630 854 nostra
649 820 720 855 luce
735 822 876 869 quadam
893 822 1005 857 divina
1021 822 1214 871 aspergitur:
1231 834 1351 871 magno
1363 821 1495 870 quidem
1518 830 1712 868 argumento

321 868 490 904 coelestem
503 868 586 903 illius
597 874 632 906 ὃς
649 872 866 919 incorruptam
878 871 938 906 effe
950 882 1105 909 naturam.
1117 874 1204 908 Nam
1219 884 1252 906 ut
1264 883 1378 906 omnes
1392 870 1475 905 oculi
1487 871 1541 917 qui
1554 880 1714 916 corporeo

321 918 446 953 lumine
461 917 717 966 perfunduntur,
740 921 856 955 eadem
870 932 1003 968 quoque
1025 920 1130 969 specie
1144 923 1373 961 continentum
1388 919 1427 953 fic
1445 930 1571 954 mentes
1589 917 1714 965 angeli-

318 979 370 1001 cas
385 973 418 1004 &
436 968 589 1002 humanas
598 969 719 1003 eodem
728 980 846 1017 genere
856 969 1236 1017 quodammodofenseri
1248 998 1257 1014 ,
1274 974 1307 1006 δε
1319 968 1465 1015 utrasque
1477 965 1538 1002 eise
1550 968 1718 1001 immorta-

322 1016 380 1059 les,
393 1017 468 1051 h'mc
490 1018 578 1052 reete
596 1017 707 1066 colligi
718 1018 844 1053 videtur
858 1046 868 1061 ‚
881 1018 969 1066 quod
984 1030 1028 1053 eae
1044 1018 1103 1053 fint
1121 1017 1260 1065 ejusdem
1271 1019 1390 1053 divinat
1403 1017 1480 1051 lucis
1498 1016 1683 1064 participes.

360 1075 390 1110 30
416 1077 464 1100 res
477 1064 591 1101 suntin
602 1078 713 1102 mente
727 1066 824 1116 longe
837 1069 982 1116 puriores
1000 1081 1099 1116 quam
1111 1070 1143 1102 in
1153 1067 1257 1116 seipsis
1278 1069 1366 1104 Nam
1376 1067 1519 1101 rationes
1544 1064 1716 1113 figurarum

319 1114 482 1161 nusquam
503 1114 580 1148 alibi
593 1113 718 1150 fincerae
733 1128 832 1163 quam
846 1119 879 1150 in
889 1128 1002 1151 mente
1017 1128 1196 1152 occurrunt.
1218 1121 1341 1152 Verum
1356 1114 1512 1150 circulum
1526 1142 1535 1156 ,
1557 1124 1666 1148 veram
1679 1113 1718 1147 li-

324 1175 421 1198 neam
433 1161 548 1197 nullibi
559 1161 616 1197 nisi
628 1165 661 1198 in
672 1167 784 1198 animo
797 1164 954 1200 offendes.
968 1167 1075 1212 Atque
1087 1165 1161 1201 hinc
1173 1165 1365 1214 Augustinus
1380 1162 1554 1212 spiritalem
1563 1164 1718 1206 animum,

326 1224 395 1246 non
406 1223 600 1259 corporeum
623 1211 685 1247 effe
695 1212 839 1260 colligit,
858 1214 947 1259 quod
964 1213 1210 1249 veramlineam
1229 1217 1322 1248 omni
1339 1213 1508 1246 latitudine
1523 1211 1718 1254 destitutam3

328 1273 441 1294 verum
465 1261 620 1307 punctum
630 1262 716 1307 quod
735 1261 833 1300 secari
859 1274 927 1300 non
941 1261 1040 1309 poffit
1057 1261 1209 1306 (tametsi
1228 1262 1329 1297 oculis
1356 1264 1520 1308 corporeis
1543 1272 1642 1295 nemo
1663 1260 1719 1294 ista

330 1309 468 1351 viderit)
502 1322 593 1344 mens
612 1309 789 1357 perspiciat.
811 1312 924 1355 Itaque
943 1310 983 1345 sic
1000 1310 1183 1347 concludit:
1207 1314 1244 1345 Si
1271 1322 1418 1358 corporea
1439 1310 1596 1355 corporeis
1619 1310 1718 1343 oculis

332 1361 417 1391 mira
433 1358 575 1403 quadam
590 1361 774 1406 cognatione
786 1371 891 1392 rerum
906 1369 1096 1397 cernuntur,
1107 1363 1247 1393 animum
1261 1372 1320 1406 quo
1331 1358 1476 1392 videmus
1501 1358 1563 1390 illa
1576 1358 1720 1406 incorpo-

331 1406 417 1440 ralia
430 1433 440 1444 ,
458 1416 640 1454 corporeum
651 1434 660 1449 ‚
683 1406 830 1454 corptffve
841 1418 901 1441 non
926 1408 988 1453 effe.

369 1468 413 1498 40
436 1466 485 1488 res
498 1466 580 1502 pene
592 1454 843 1498 innumerabiles
856 1455 898 1490 ab
910 1458 999 1490 omni
1014 1468 1150 1504 corpore
1163 1456 1297 1491 secretas
1309 1454 1516 1504 perspicimus
1529 1484 1538 1498 ,
1552 1457 1723 1497 unitatem,

330 1503 607 1552 pulchritudinem
618 1531 627 1546 ,
638 1503 824 1552 sapientiam
837 1533 845 1546 ,
858 1507 1044 1548 veritatem,
1062 1507 1383 1552 argumentationum
1392 1503 1496 1553 leges,
1507 1504 1660 1551 principia
1673 1504 1723 1550 ip..

332 1553 364 1587 sa
374 1565 411 1587 ex
422 1551 539 1599 quibus
550 1552 838 1588 demonstrationes
853 1554 1008 1589 ducuntur
1029 1570 1038 1597 3
1057 1553 1218 1590 infinitam
1233 1566 1316 1602 pene
1337 1552 1450 1588 seriem
1473 1552 1725 1587 demonstratio-

333 1613 410 1636 num
426 1629 435 1643 ‚
449 1613 584 1648 quarum
593 1601 663 1636 aliae
673 1602 741 1636 aliis
756 1600 908 1638 consertae
919 1608 953 1640 &
966 1602 1126 1653 colligata:
1138 1603 1206 1644 sunt
1215 1633 1225 1648 ,
1240 1614 1379 1656 quaeque
1395 1602 1487 1638 nullo
1499 1601 1585 1639 sensu
1596 1599 1724 1650 possunt

337 1650 585 1699 comprehendi.

376 1705 408 1746 50
433 1711 499 1746 quo
514 1699 602 1747 plura
621 1712 733 1735 mente
750 1702 1057 1751 comprehendimus
1072 1729 1081 1743 ,
1100 1700 1163 1736 hoc
1177 1703 1393 1749 promptiores
1411 1700 1450 1734 ad
1467 1698 1530 1735 alia
1543 1700 1725 1748 percipien-

336 1748 376 1782 da
394 1739 496 1783 sumus
509 1777 519 1791 ‚
531 1749 613 1783 adeo
627 1761 662 1783 ut
681 1756 782 1796 major
801 1751 929 1786 scientia
944 1762 1061 1799 augear
1074 1749 1316 1797 quodammodo
1330 1752 1472 1784 animum
1486 1779 1494 1792 ,
1509 1760 1544 1783 ut
1566 1753 1724 1794 majorem

337 1799 534 1846 cognitionis
544 1799 754 1845 cupiditatem
765 1801 921 1836 incendit.
942 1801 1023 1834 Non
1039 1800 1126 1833 idem
1141 1800 1174 1833 in
1192 1798 1276 1834 senia
1297 1801 1409 1835 evenit
1423 1813 1431 1834 ε
1446 1811 1520 1832 nam
1536 1796 1577 1831 ab
1590 1796 1723 1844 obleeto

337 1845 393 1880 suo
406 1875 415 1888 ,
439 1845 493 1881 ubi
510 1845 606 1894 paulo
616 1847 662 1880 ‘cst
675 1848 901 1883 vehementius
913 1878 921 1891 ,
944 1847 1065 1882 laeditur
1079 1862 1086 1883 :
1106 1860 1213 1893 neque
1226 1850 1316 1883 enim
1326 1877 1334 1891 ‚
1351 1859 1386 1882 ut
1397 1848 1552 1889 diximus,
1571 1845 1651 1879 visus
1663 1857 1724 1892 pu-

338 1893 490 1930 rislimzm
504 1895 606 1930 lucem
626 1895 775 1932 sustinete
787 1897 905 1946 potest.
932 1898 996 1931 Sed
1010 1896 1195 1931 intellectus
1219 1899 1323 1931 aciem
1345 1909 1405 1930 nec
1425 1897 1557 1931 minima
1585 1905 1726 1940 quaeque

340 1942 489 1991 fugiunt,
513 1957 573 1979 nec
600 1947 741 1979 maxima
761 1946 948 1981 obtundunt
971 1963 980 1988 3
1000 1945 1085 1980 nulla
1111 1958 1215 1980 rerum
1234 1947 1421 1992 cognitione
1440 1944 1590 1992 impletur
1604 1971 1613 1985 ,
1638 1940 1727 1976 nulla

341 1992 530 2041 posscffione
543 1994 570 2027 sa
576 1996 669 2028 riatur
684 1994 764 2037 3hoc
774 1998 875 2044 magis
888 1993 1053 2044 perficitur
1064 2023 1073 2039 ‚
1091 2007 1158 2041 quo
1169 2007 1217 2028 res
1234 1991 1434 2029 sublimiores
1447 1999 1480 2029 &
1491 1992 1665 2026 diviniores
1675 2001 1728 2025 at-

341 2044 446 2089 tingit.
472 2044 595 2076 Rerum
609 2044 741 2089 quidem
751 2045 882 2091 vestigia
892 2055 946 2079 aut
960 2042 1044 2091 signa
1054 2042 1188 2077 cerebro
1201 2045 1432 2090 imprimuntur,
1447 2040 1498 2075 sed
1513 2053 1562 2076 res
1573 2039 1644 2088 ipsae
1653 2051 1729 2087 quae

344 2094 382 2126 iis
396 2091 609 2140 significantur
627 2090 721 2135 sonis,
734 2104 811 2143 quas
823 2104 913 2127 mens
930 2094 1075 2127 intuetur
1087 2120 1097 2135 ,
1111 2093 1144 2126 in
1160 2091 1281 2127 cellulis
1292 2090 1415 2126 cerebri
1431 2090 1564 2124 recondi
1577 2101 1642 2124 non
1654 2087 1728 2137 pos-

344 2144 428 2179 sunt.

380 2192 548 2228 Postremo
562 2189 662 2226 sensus
676 2191 820 2239 angustus
830 2189 1004 2224 admodum
1015 2190 1058 2224 est
1067 2195 1100 2227 &
1111 2187 1227 2224 debilis
1238 2218 1249 2232 ,
1258 2200 1348 2224 mens
1365 2189 1399 2221 in
1421 2184 1612 2221 immensum
1626 2197 1728 2234 patet.

344 2244 436 2279 Nam
450 2240 590 2276 infinitas
604 2243 639 2275 in
650 2242 803 2274 continuo
813 2250 920 2286 partes
933 2267 942 2281 ,
957 2237 1102 2274 infinitos
1114 2251 1217 2273 rerum
1226 2235 1417 2286 possibilium
1430 2236 1542 2284 gradus
1557 2233 1614 2269 sibi
1624 2235 1728 2282 fingit,

347 2304 406 2325 nec
422 2303 548 2326 tantum
557 2303 595 2324 ea
605 2302 673 2336 quae
683 2287 762 2331 sunt,
776 2288 827 2323 sed
838 2291 936 2322 etiam
947 2290 1143 2336 privationes
1155 2293 1188 2324 &
1199 2287 1386 2334 negationes
1395 2283 1629 2332 compleEtitur.
1640 2286 1728 2320 Hinc

352 2339 429 2373 illud
442 2339 570 2375 Salustii
581 2337 787 2385 Philosophi:
812 2337 915 2370 Nulli
926 2348 1042 2369 natura
1051 2337 1180 2370 mortali
1192 2334 1380 2368 immortalis
1400 2344 1516 2367 natura
1533 2336 1657 2380 cognita
1674 2332 1727 2378 est.

353 2390 423 2425 Nos
438 2400 546 2424 autem
554 2387 658 2436 aliqua
671 2389 735 2423 Dei
749 2388 938 2436 cognitione
954 2384 1174 2433 perfundimur
1183 2413 1193 2428 ‚
1204 2395 1239 2418 ut
1252 2382 1305 2418 suo
1316 2382 1389 2417 loco
1401 2382 1604 2417 ostendimus.
