1857 2745
143 201 278 239 nemine
289 210 328 233 co
352 199 473 241 itante,
490 199 539 235 N.
560 208 633 233 cum
649 209 760 233 natura
774 199 854 233 citra
863 200 981 234 mentis
998 196 1226 246 operationem
1240 210 1306 234 non
1325 197 1361 234 fit
1381 171 1535 238 formali-s

149 262 198 287 ter
210 211 408 284 universgdliS.

181 299 268 346 Opp.
282 302 323 334 ιθ.
336 298 444 345 Magis
463 296 617 332 differunt
631 298 732 330 etiam
743 299 874 331 nemine
883 298 1049 345 cogitante
1056 295 1158 332 homo
1167 302 1202 334 ὃς
1214 310 1314 346 equus
1324 327 1333 341 ‚
1347 298 1447 345 quum
1465 302 1529 337 duo

144 347 298 382 homines
316 349 401 381 inter
415 345 444 380 se
464 360 471 382 ε
488 345 541 380 sed
553 344 750 380 hidifferunt
765 358 922 381 numero:
939 348 1022 394 Ergo
1031 346 1132 382 homo
1143 352 1177 383 ὃς
1186 359 1287 395 equus
1301 347 1452 383 differunt
1462 348 1530 398 spe-

138 398 194 430 cie
207 425 217 440 ‚
237 398 335 431 etiam
347 397 478 431 nemine
491 396 766 445 cogitante3Hinc
776 394 962 431 Aristoteles
977 396 1074 430 docet
1084 409 1194 432 rerum
1202 396 1284 431 alias
1294 395 1354 432 else
1368 399 1530 434 universa-

150 444 195 479 les
209 474 218 489 ‚
252 445 329 479 alias
347 443 525 493 singulares,

180 495 264 540 Resp.
281 495 463 529 Hominem
481 499 514 531 &
533 506 654 540 equum
672 494 804 532 differre
814 507 891 531 ante
912 507 1044 530 omnem
1063 497 1290 543 operationem
1305 495 1410 543 specie
1424 511 1529 533 mate-

144 541 215 577 riali
227 571 236 586 ‚
259 554 360 589 atque
374 555 410 577 ut
425 542 618 591 loquuntur,
647 543 903 589 fundamentali‚
917 545 956 581 C.
971 543 1102 579 formali
1113 572 1123 587 ,
1147 545 1252 593 Nego.
1269 546 1358 580 Nam
1376 545 1478 581 homo
1492 552 1528 584 δε

146 603 248 638 equus
257 590 410 626 differunt
423 594 457 626 in
468 604 580 627 natura
599 591 664 640 ipsa
675 622 685 636 ‚
710 607 778 642 quae
794 593 835 628 ab
850 593 1022 630 intellectu
1037 604 1073 627 ut
1085 591 1206 641 species
1220 595 1412 641 concipitur.

176 642 229 675 Sic
241 652 348 675 rerum
361 653 417 683 ‚·ut
427 641 524 675 docet
536 642 723 677 Aristoteles
733 672 743 686 ,
765 643 832 678 aliae
842 643 913 677 sunt
927 641 1120 677 universales
1138 670 1149 684 ,
1183 641 1251 676 aliae
1276 640 1445 690 singulares
1459 659 1468 686 3
1492 648 1528 681 δε

145 688 282 724 scientiae
292 688 454 725 vei-fimus
463 692 546 724 circa
557 703 605 724 res
616 692 809 727 universales
819 720 829 733 ,
856 691 919 725 hoc
929 691 974 725 est
985 718 994 732 ‚
1014 693 1098 724 circa
1112 701 1241 725 naturas
1262 720 1271 734 ‚
1305 704 1374 738 quae
1392 695 1528 727 materia

143 735 231 781 sunt,
248 743 283 774 ’δε
297 738 544 773 fundamentum
560 739 748 774 universalis
764 767 774 781 ‚
803 740 845 775 C.
862 751 932 785 quae
949 738 1007 773 fint
1034 738 1226 774 universales
1246 740 1430 775 formaliter
1447 744 1529 776 citra

144 785 242 821 ullam
256 789 372 822 mentis
387 789 614 835 operationem
631 816 641 830 ,
674 790 717 824 N·
748 791 831 837 Qae
849 787 1015 823 distinffio
1029 786 1152 835 ubique
1166 787 1237 823 fere
1264 790 1306 824 est
1320 789 1504 824 adhibenda
1517 804 1528 826 :

143 847 255 871 namra
265 838 351 871 enim
361 865 370 879 ,
391 848 427 871 ut
439 836 516 885 sirpe
525 836 661 872 diximus
675 866 684 880 ‚
701 850 764 872 una
776 839 818 872 est
831 840 863 873 in
872 839 969 872 Petro
983 842 1016 873 &
1031 837 1131 872 Paulo
1147 839 1272 873 unitate
1290 837 1482 886 imperfe&a
1492 844 1528 876 &c

143 883 377 921 fundamentali
387 914 396 928 ‚
415 897 484 933 quae
499 883 714 920 diversitatem
730 886 892 929 excludit,
910 899 977 922 non
988 885 1136 934 perfecta
1148 914 1159 930 ‚
1187 899 1258 934 quae
1270 900 1404 922 omnem
1419 887 1526 923 exclu-

142 933 200 967 dat
216 933 414 969 divisionem-

177 981 310 1026 Instant.
322 984 576 1019 Fundamentum
586 980 798 1019 similitudinis
814 983 906 1018 realis
925 984 968 1019 est
979 984 1133 1031 quiddam
1151 983 1259 1018 reale:
1280 995 1315 1019 ut
1329 983 1525 1020 fundamen-

144 1040 212 1064 tum
223 1029 436 1067 smiilitudinis
447 1044 517 1078 quae
529 1032 570 1065 est
595 1034 678 1066 inter
696 1033 775 1067 duos
793 1034 930 1079 parietes
947 1031 1040 1066 albos
1051 1061 1060 1075 ,
1077 1033 1122 1066 est
1148 1032 1213 1079 ipsa
1229 1031 1349 1066 albedo
1360 1061 1369 1075 ‚
1396 1045 1466 1079 quae
1483 1035 1526 1067 est

140 1077 234 1113 realis
249 1093 257 1115 ε
275 1077 326 1114 sed
340 1080 497 1114 unitasest
507 1079 754 1115 fundamentum
773 1080 856 1115 illius
876 1079 1090 1115 similitudinis
1108 1079 1202 1114 realis
1215 1092 1283 1127 quae
1297 1081 1338 1114 est
1354 1082 1436 1115 inter
1445 1082 1528 1120 duos

141 1126 309 1164 homines:
324 1141 403 1178 ergo
423 1128 476 1164 illa
494 1131 596 1163 unitas
613 1129 658 1163 est
675 1129 755 1170 quid
774 1129 870 1166 reale,

177 1177 262 1223 Resp.
278 1178 362 1222 Dist.
373 1181 451 1213 min.
463 1180 567 1212 unitas
579 1178 623 1211 est
636 1177 885 1214 fundamentum
897 1178 1116 1214 fimilitudinis
1127 1207 1136 1221 ‚
1150 1180 1254 1213 unitas
1268 1206 1277 1221 ‚
1295 1180 1428 1225 inquam
1439 1208 1449 1222 ,
1463 1181 1526 1213 ini-

140 1225 303 1274 perfech,
315 1225 370 1261 seu
384 1224 517 1276 negatio
528 1225 718 1262 diversitatis
735 1256 743 1270 ,
769 1228 811 1264 C.
830 1230 935 1264 unitas
946 1227 1109 1275 completa
1120 1257 1128 1270 ,
1140 1227 1192 1262 seu
1209 1229 1354 1261 entitatis
1365 1256 1375 1270 ‚
1391 1230 1436 1263 N.
1452 1230 1522 1261 Imo

140 1274 161 1309 fi
178 1275 291 1310 eadem
305 1274 382 1310 effe:
398 1288 510 1311 natura
524 1305 533 1319 ‚
553 1282 586 1313 δε
606 1275 740 1311 indivisa
756 1279 787 1312 in
804 1276 949 1326 pluribus
966 1277 1160 1319 individuis,
1179 1288 1293 1311 canon
1313 1275 1390 1311 esset
1407 1278 1523 1324 princi‘

140 1326 230 1372 pimn
247 1324 339 1359 realis
350 1324 573 1361 similitudinis.
600 1325 890 1374 Qemadmodum
904 1329 937 1362 in
949 1327 1068 1361 divinis
1077 1338 1153 1360 cum
1168 1323 1203 1359 sit
1213 1326 1327 1359 eadem
1339 1330 1371 1362 δε
1390 1324 1524 1360 indivisa

139 1385 253 1409 natura
272 1375 303 1408 in
324 1374 423 1409 tribus
441 1374 581 1423 personis
595 1403 604 1418 ‚
629 1388 695 1410 non
716 1374 761 1409 est
781 1375 897 1410 relatio
925 1375 1019 1410 realis
1035 1374 1248 1410 similitudinis
1268 1376 1350 1409 inter
1374 1374 1522 1423 personas

139 1422 276 1458 divinas.
291 1425 403 1470 Itsque
419 1425 525 1458 omnis
536 1422 709 1458 similitudo
720 1426 751 1458 in
765 1426 890 1459 unitate
903 1424 1037 1471 quidem
1052 1424 1221 1465 fundatur,
1237 1435 1273 1457 ut
1283 1422 1390 1470 placet
1403 1423 1522 1458 Aristo-

141 1470 210 1513 teli,
222 1470 319 1506 sedin
333 1477 475 1515 unitate,
487 1484 522 1505 ut
535 1474 638 1514 aiunt,
658 1472 895 1507 fundamentali
913 1478 947 1509 &
961 1473 1162 1519 imperfedffl.
1179 1473 1271 1518 Qin
1292 1474 1398 1518 potius
1418 1473 1522 1506 unitas

140 1517 328 1566 plerumque
341 1521 373 1553 in
383 1518 590 1554 similitudine
603 1519 753 1554 fundatur
765 1534 773 1555 ε
783 1518 821 1553 sic
834 1522 977 1554 amicitia
991 1520 1037 1554 est
1055 1522 1162 1556 unitas
1185 1519 1328 1565 quaedam
1341 1532 1411 1566 quae
1429 1531 1467 1553 ex
1484 1518 1521 1553 si-

139 1566 327 1602 militudine
347 1570 456 1604 oritur.

166 1617 286 1664 Oppon.
303 1625 341 1660 30.
358 1620 441 1665 Qae
461 1616 573 1651 eadem
586 1615 778 1651 definitione
789 1615 986 1664 explimntur
1000 1643 1010 1658 ‚
1036 1615 1104 1650 sunt
1122 1618 1214 1651 unius
1229 1628 1364 1651 naturae:
1380 1615 1432 1650 sed
1446 1629 1519 1650 om⁴

138 1666 192 1700 nia
203 1664 344 1710 ejusdem
358 1665 476 1713 speciei
489 1665 619 1699 indidua
632 1677 694 1699 una
705 1664 898 1700 definitione
916 1665 1234 1713 comprehenduntur
1256 1679 1264 1700 t
1294 1667 1378 1714 Ergo
1398 1676 1460 1699 una
1482 1670 1518 1701 δε

140 1713 255 1748 eadem
265 1714 308 1747 est
326 1717 358 1748 in
375 1714 528 1750 omnibus
544 1726 668 1748 natura.

179 1763 265 1808 Resp.
277 1762 360 1803 Dist.
378 1768 452 1803 maj.
473 1762 542 1798 sunt
560 1765 652 1797 unius
673 1773 790 1797 naturae
806 1762 979 1799 secundum
1004 1764 1185 1808 rationem,
1219 1767 1253 1799 δ(
1272 1767 1361 1811 juxta
1378 1762 1518 1798 nostrum

140 1812 348 1859 concipiendi
359 1812 548 1854 modum,Ci
560 1810 717 1859 reipsa,N.
737 1824 813 1846 nam
826 1825 960 1861 quaeque
972 1810 1181 1854 definiuntur,
1195 1822 1230 1845 ut
1248 1811 1268 1846 ὲ.
1291 1809 1388 1845 nobis
1414 1814 1522 1845 conci-

139 1862 288 1910 piuntur:
304 1872 452 1896 naturam
466 1860 507 1895 ab
520 1860 672 1896 omnibus
690 1861 864 1896 individuis
880 1861 1034 1896 secretam
1047 1862 1247 1908 concipimus
1265 1887 1274 1901 ,
1305 1864 1339 1895 ἃ
1361 1871 1423 1893 una
1437 1857 1520 1893 defi-

139 1912 264 1946 uitione
275 1911 588 1958 comprehendimus.
609 1911 730 1954 Neque
747 1909 868 1944 idcirco
885 1909 961 1944 falsa
975 1911 1019 1943 est
1039 1907 1207 1943 definitio:
1229 1908 1305 1942 licet
1321 1909 1407 1942 enim
1416 1906 1518 1942 nobis

138 1971 284 1994 naturam
293 1958 471 2003 humanam
482 1959 654 1994 secundum
666 1957 696 1992 se
711 1987 721 2000 ‚
751 1964 784 1994 &
802 1957 960 2007 praecisam
972 1957 1011 1992 :rb
1022 1957 1194 1992 individuis
1208 1962 1363 1992 &mente
1373 1956 1520 2005 comple-

141 2009 202 2050 ἀί,
217 2014 250 2045 &
261 2007 453 2043 definitione
470 2008 629 2056 explicare
644 2022 651 2042 :
671 2006 932 2043 Abstrahentium
942 2008 1064 2055 quippe
1083 2019 1149 2041 non
1165 2006 1207 2040 est
1224 2006 1436 2041 mendacium.
1455 2005 1520 2039 Sed

140 2069 209 2092 non
220 2057 444 2092 eodemmodo
455 2070 504 2092 res
521 2057 637 2092 suntin
655 2055 784 2104 seipsis,
803 2068 904 2103 atque
920 2058 953 2091 in
971 2055 1139 2091 intellectu
1157 2054 1265 2090 nostro
1278 2085 1286 2098 ‚
1308 2056 1364 2101 qui
1391 2065 1425 2087 ut
1443 2053 1520 2088 libi-

141 2117 210 2140 tum
220 2105 264 2139 est
276 2133 285 2147 ‚
315 2118 383 2153 quae
395 2104 463 2140 sunt
481 2106 580 2141 divisa
590 2134 600 2150 ‚
627 2104 703 2153 saepe
713 2108 900 2155 conjungit3
919 2117 986 2153 quae
1000 2104 1070 2140 sunt
1088 2105 1257 2153 conjunffila
1269 2103 1385 2138 dividit
1394 2107 1426 2139 δε
1438 2115 1518 2151 qua-

141 2154 163 2190 si
181 2156 213 2189 in
235 2165 340 2202 partes
360 2154 454 2191 secat.

178 2205 262 2250 Q
273 2216 442 2251 opponunt
452 2203 578 2252 reliqua
591 2233 601 2247 ,
620 2202 715 2237 facile
725 2201 888 2238 diluuntur
916 2217 925 2238 :
953 2214 990 2238 ut
1001 2203 1088 2250 quod
1100 2213 1209 2237 natura
1224 2201 1365 2236 humana
1384 2201 1516 2235 nemine

139 2256 306 2299 cogitante
315 2251 351 2286 sit
366 2255 400 2288 in
416 2253 522 2288 multis
538 2267 546 2289 z
569 2265 647 2301 ergo
661 2258 694 2289 δε
707 2252 900 2288 universalis,

179 2302 268 2345 Resp.
283 2301 365 2345 Dist.
377 2313 443 2335 ant.
454 2302 499 2336 est
516 2305 548 2336 in
560 2301 668 2335 multis
685 2300 784 2335 divisa
795 2307 828 2337 &
841 2301 1010 2348 multiplex
1020 2330 1030 2343 ,
1046 2302 1086 2336 C.
1098 2312 1159 2334 una
1176 2304 1209 2335 &
1219 2299 1344 2343 eadem,
1354 2300 1398 2336 N.

182 2349 246 2383 Sed
260 2376 269 2389 ,
293 2352 442 2391 inquiunt
455 2380 464 2393 ,
489 2352 638 2387 homines
655 2351 802 2384 dicuntur
815 2349 876 2385 effe
890 2352 982 2384 unius
994 2355 1027 2386 δ(
1040 2348 1177 2397 ejusdem
1190 2359 1317 2384 natura:

173 2395 411 2445 RrspAEjusdem
424 2399 490 2434 dici
504 2411 622 2435 naturae
633 2399 721 2447 quod
736 2397 798 2434 sint
813 2401 896 2435 inter
912 2399 943 2434 se
953 2396 1107 2435 simillimi
1119 2396 1236 2445 :neque
1252 2398 1424 2481 a}eorum
1435 2394 1520 2433 dissia

1332 2458 1366 2493 ¹¹1
