1857 2745
333 133 389 165 254
793 113 1245 149 PHILOSOPHIA'

336 179 403 215 que
417 164 509 201 velut
529 164 621 214 ipsius
642 174 761 199 naturae
776 162 924 199 humanae
942 161 1118 197 visceribus
1135 163 1180 198 est
1197 161 1305 199 insitus
1320 192 1330 207 ‚
1348 175 1416 199 non
1428 160 1470 197 ab
1488 164 1747 213 imaginatione,

337 229 393 251 aut
404 215 554 250 libertate
571 243 580 258 ‚
597 225 654 248 aut
667 211 709 248 ab
727 223 798 246 arte
821 211 932 259 aliqua
959 224 996 260 pr
1021 211 1145 252 fectus,
1163 215 1189 247 is
1209 242 1219 257 ‚
1235 215 1393 260 inquam,
1420 214 1523 248 inanis
1542 211 1602 249 effe
1620 218 1748 264 nequit.

338 264 552 300 Beatitudinis
566 275 677 297 autem
691 264 854 311 appetitio
869 272 934 296 tam
947 261 1013 296 alte
1028 262 1070 296 est
1086 264 1118 297 in
1135 261 1232 298 nobis
1246 261 1392 311 impreffa
1403 292 1412 307 ‚
1436 260 1518 297 utsit
1532 266 1680 300 omnium
1695 265 1749 301 af.

336 313 486 350 feetuum
505 311 580 348 fons
597 317 632 349 &
643 314 834 361 principatui
854 329 863 355 3
882 311 986 346 satiari
1001 323 1040 345 ea
1056 312 1245 361 nonpotest
1258 311 1314 348 nisi
1325 312 1368 347 ab
1384 324 1461 349 ente
1472 311 1601 348 infinito
1617 342 1627 357 ,
1655 314 1747 362 quod

336 375 403 398 non
417 373 453 397 ut
471 361 659 397 faciendum
677 359 803 397 anobis
820 390 827 402 ,
851 361 900 396 sed
913 373 948 396 ut
960 358 1190 409 poffideudum
1199 361 1378 411 {peelamus
1397 376 1404 402 ι
1426 374 1532 410 neque
1550 363 1581 396 id
1594 361 1698 398 solum
1711 376 1748 400 ut

336 413 481 446 verinus
497 440 505 453 ‚
519 411 571 447 sed
584 414 686 448 etiam
700 423 735 447 ut
751 410 909 447 bonitatis
929 410 1060 447 fontem
1075 440 1085 456 ,
1117 424 1217 460 atque
1235 413 1320 448 adeo
1342 424 1379 448 ut
1393 412 1468 448 actu
1486 411 1625 457 existens
1641 415 1749 450 omui..

336 474 382 497 no
394 464 591 510 expetimus.

374 512 465 547 Nam
481 512 514 546 in
530 510 594 546 hoc
606 509 734 547 bonum
756 510 778 546 ἐι
793 521 872 545 vero
883 508 993 547 differt
1010 541 1020 556 ,
1045 509 1135 560 quod
1150 524 1266 547 verum
1287 510 1327 545 ad
1344 510 1533 555 essentiam,
1561 510 1688 547 bonum
1705 512 1748 548 ad

332 560 540 596 existentiam
555 563 719 609 pertineat
748 562 798 597 Ut
807 573 856 594 res
873 574 950 597 vera
968 559 1031 597 esse
1044 563 1246 610 concipiatur
1256 590 1266 605 ,
1280 560 1353 596 satis
1370 561 1414 596 est
1427 559 1516 609 quod
1528 559 1565 596 fit
1577 559 1748 598 ob'ecium

332 609 542 646 intellectus:
573 609 625 646 sed
636 622 672 645 ut
687 607 722 645 fit
732 609 821 645 bona
833 639 842 654 ,
860 612 978 646 eadem
992 610 1106 647 existat
1119 609 1242 647 neceffe
1255 611 1307 647 est.
1324 613 1436 659 Qare
1448 609 1607 646 summurn
1621 575 1749 648 {ionum

333 661 380 695 ita
397 659 506 695 existit
519 689 529 704 ,
548 672 586 695 ut
598 673 664 695 non
685 659 782 708 poslit
801 672 866 695 non
880 662 1019 697 existere
1038 678 1047 705 3
1073 673 1215 708 cumque
1240 659 1355 696 summi
1375 659 1456 696 boni
1479 659 1669 695 desiderium
1686 673 1748 697 nos

332 720 427 745 tenet
438 738 447 753 ‚
465 708 590 758 semper
601 707 661 745 esse
672 739 682 753 ,
708 709 838 748 &bene
857 709 919 745 effe
936 723 975 746 ex
1001 713 1130 746 erimus,
1144 712 1254 754 Nam,
1275 722 1312 745 ut
1324 711 1451 758 optime
1462 711 1594 745 Boetius
1608 739 1620 755 ,
1641 720 1748 746 extre-

335 771 422 793 mum
431 759 630 804 infilicitaetz's
634 771 736 808 genus
756 759 807 805 est,
826 760 965 805 aliquan
991 760 1143 805 ofelsscem
1152 758 1260 806 fuisse.

373 809 461 851 Cum
469 810 584 856 itaque
607 811 696 844 Deus
714 809 777 845 hoc
794 808 910 845 ardens
922 809 1089 844 felicitatis
1103 810 1334 845 &aetemitatis
1352 807 1543 843 desiderium
1560 806 1655 843 nobis
1665 807 1749 844 inse-

334 859 453 902 ruerit,
467 859 558 907 quod
577 856 694 893 inutile
703 870 758 894 aut
774 871 896 894 vanum
914 857 977 895 effe
995 872 1061 894 non
1077 858 1184 907 potest
1197 875 1207 901 ·,
1221 870 1281 892 nec
1295 856 1466 893 verisimile
1478 856 1513 892 fit
1530 870 1676 893 mentem
1691 857 1749 894 suo

333 905 419 951 fine,
433 907 488 943 sua
506 907 714 956 perfectione
732 907 871 943 fraudari
887 921 895 942 ι
915 908 1024 957 palam
1037 908 1081 942 est
1099 919 1286 943 extremum
1299 912 1333 944 ὃ(
1353 905 1511 941 summum
1527 907 1668 944 hominis
1684 906 1750 943 bo-

332 969 410 992 num
425 985 434 999 ,
455 957 546 1004 quod
564 956 629 1005 ipsa
647 959 793 993 veritatis
818 956 1107 1005 contemplatione
1121 955 1324 993 &fruitione
1342 957 1528 991 continetur
1540 985 1550 1000 ,
1568 967 1627 991 nos
1643 959 1676 992 in
1687 956 1748 992 hac

333 1008 403 1040 vita
423 1006 543 1054 affequi
559 1020 627 1042 non
641 1004 750 1055 poffe,
767 1005 822 1042 sed
833 1005 939 1042 bonos
951 1005 1015 1041 hac
1023 1006 1156 1040 mortali
1171 1007 1240 1040 vita
1257 1004 1432 1040 defunctos
1451 1017 1596 1043 manere.
1627 1009 1748 1054 Qan-

333 1054 569 1102 tulumcunque
587 1057 676 1091 enim
693 1056 759 1099 est,
778 1054 879 1103 quam
905 1054 1093 1097 obscurum,
1117 1054 1219 1101 quam
1246 1056 1343 1088 variis
1362 1053 1524 1089 erroribus
1551 1055 1720 1090 admistum
1735 1082 1748 1100 ‚

333 1103 423 1151 quod
434 1117 554 1152 magno
564 1104 678 1138 labore
689 1132 698 1147 ‚
718 1109 753 1140 &
766 1106 910 1139 maximo
926 1103 1031 1139 studio
1043 1101 1280 1150 consequimur.
1297 1105 1378 1139 Non
1393 1102 1508 1139 frustra
1529 1115 1639 1139 autem
1656 1107 1747 1141 Deus

335 1163 462 1187 tantam
475 1151 597 1188 sciendi
613 1158 648 1190 &
661 1154 733 1187 veri
748 1150 964 1202 cognoscendi
979 1152 1193 1200 cupiditatem
1221 1154 1253 1187 in
1266 1151 1363 1188 nobis
1380 1154 1530 1189 accendit
1544 1182 1554 1197 ,
1586 1166 1623 1188 ac
1638 1166 1747 1190 rerum

335 1202 484 1237 omnium
494 1214 648 1249 capacem
657 1204 800 1238 animum
815 1201 907 1237 dedit
920 1231 930 1245 ‚
955 1203 1012 1250 qui
1028 1201 1152 1250 expleri
1167 1213 1276 1237 tamen
1291 1215 1358 1237 non
1399 1203 1482 1238 otest
1496 1232 1507 1246 ,
1531 1203 1609 1238 dum
1627 1216 1748 1253 corpo-

336 1252 379 1285 ris
394 1250 532 1286 vinculis
546 1251 699 1300 illigatur.
710 1255 793 1287 Euro
810 1250 922 1286 felices
942 1253 975 1286 in
987 1251 1047 1286 hac
1061 1253 1129 1285 vita
1145 1248 1207 1286 effe
1223 1264 1290 1286 uon
1310 1215 1470 1300 posilimus
1491 1267 1499 1288 ι
1518 1253 1609 1300 quod
1631 1255 1747 1301 utique

334 1298 402 1334 sola
412 1303 539 1336 ratione
553 1301 657 1346 ducti,
668 1307 702 1339 &
718 1282 811 1350 ipffius
830 1300 1012 1337 Aristotelis
1027 1302 1197 1350 principiis
1214 1302 1316 1336 innixi
1337 1305 1474 1337 omnino
1490 1302 1746 1341 demonstratum

335 1348 539 1385 arbitramur.

203 1431 215 1446 ,-
228 1430 266 1450 14·
280 1420 308 1445 d:
375 1401 488 1448 Qare
500 1399 720 1436 concludimus
731 1412 805 1435 cum
817 1402 846 1437 S.
859 1401 1041 1450 Augustino
1053 1431 1063 1445 ‚
1088 1399 1178 1450 quod
1192 1411 1292 1435 nemo
1310 1397 1366 1435 nisi
1378 1397 1492 1434 beatus
1504 1400 1590 1436 vivit
1605 1412 1642 1436 ut
1659 1402 1744 1447 vult,

203 1458 312 1482 immi.
336 1448 396 1493 nist
409 1449 440 1482 εὸ
457 1452 662 1496 pervenerit,
675 1449 730 1484 ubi
743 1453 824 1484 morl
837 1477 847 1492 ‚
859 1450 943 1494 falli
962 1479 972 1494 ,
991 1450 1105 1497 offendi
1116 1452 1237 1484 omnino
1257 1463 1317 1483 non
1329 1447 1422 1497 poffit
1442 1463 1452 1490 ·,
1471 1450 1609 1495 eiquefit
1622 1462 1746 1486 certum

333 1498 383 1530 ita
401 1497 677 1546 semperfuturum
689 1511 699 1533 ε
718 1510 801 1531 nunc
812 1497 888 1531 verb
900 1502 969 1546 quis
980 1497 1247 1547 hominnmpotest
1258 1508 1292 1531 ut
1301 1499 1378 1531 vult
1389 1499 1504 1531 vivere
1517 1526 1528 1540 ‚
1548 1500 1676 1545 quando
1693 1503 1743 1550 ip-

323 1546 398 1591 fimz
416 1549 531 1580 vivere
541 1559 600 1580 non
619 1545 658 1590 est
675 1549 709 1582 in
724 1546 827 1591 nostra
841 1546 996 1597 potestate
1008 1551 1022 1580 ,θ
1045 1551 1160 1582 vivere
1175 1550 1257 1581 enim
1275 1549 1351 1581 vult
1364 1575 1374 1590 ,
1399 1549 1481 1581 mori
1494 1550 1620 1596 cogitur
1634 1565 1644 1593 3
1662 1563 1743 1596 quo-

335 1595 425 1629 modo
441 1596 639 1645 igiturvivit
658 1607 695 1630 ut
712 1597 789 1630 vult
802 1624 813 1640 ‚
831 1598 888 1643 qui
901 1610 962 1632 non
978 1600 1071 1632 vivit
1086 1597 1233 1645 quandiu
1246 1597 1335 1633 vult.
1365 1597 1487 1642 Neque
1505 1598 1637 1643 usquam
1648 1597 1744 1644 alibi,

334 1642 433 1690 quim
458 1648 493 1679 in
516 1646 587 1678 Deo
610 1658 647 1679 ea
660 1643 741 1680 bona
752 1658 943 1690 occurrunt,
953 1659 1016 1693 quae
1032 1647 1181 1682 naturali
1192 1646 1331 1692 quodam
1346 1647 1491 1695 appetitu
1507 1649 1746 1695 expetImus,ut

330 1693 463 1740 plenam
475 1693 512 1729 ὠ
525 1696 682 1743 integram
701 1698 802 1730 animi
819 1697 1108 1742 tranquillitatem,
1122 1697 1332 1730 aeternitatem
1342 1697 1441 1744 ipfhm
1455 1721 1463 1733 ,
1478 1693 1517 1729 ὠ*
1531 1696 1566 1729 in
1583 1693 1658 1730 bom'
1673 1699 1743 1746 pqsL

325 1741 453 1788 fiffione
467 1743 671 1789 constantiam
681 1773 691 1784 ,
704 1747 842 1780 omnium
853 1757 915 1792 quae
928 1758 998 1781 cum
1009 1747 1133 1781 ratione
1143 1745 1222 1791 fimt
1241 1746 1410 1793 conjunfz‘a
1429 1743 1659 1790 defideriorum
1684 1759 1741 1782 ex-

332 1792 519 1839 pletionem.

836 1844 986 1880 Secunda
1006 1844 1179 1890 Conclufio.

368 1943 414 1975 Ex
423 1940 568 1977 Platonis
580 1942 729 1978 doctrina
738 1942 878 1977 felicitas
889 1944 922 1976 in
931 1945 1008 1978 Deo
1022 1940 1091 1991 ipso
1101 1940 1203 1990 posita
1218 1943 1271 1979 est.

369 1991 446 2025 Hoc
464 1990 566 2040 ipsum
585 2004 699 2040 praeter
712 2004 841 2027 caeteros
855 1990 1070 2040 Philosophos
1086 1991 1284 2028 disertiffime
1294 1990 1406 2027 docuit
1425 1991 1520 2030 Plato
1534 1991 1609 2029 cum
1626 1994 1739 2033 multis

335 2039 366 2072 in
381 2039 460 2075 locis
473 2070 484 2085 ‚
503 2053 576 2077 tum
591 2043 624 2077 in
636 2043 798 2091 Epinomi.
818 2041 976 2076 Praeclara
986 2069 994 2079 ,
1009 2042 1118 2088 inquit
1134 2071 1144 2085 ‚
1148 2043 1221 2091 spes
1238 2041 1353 2087 eslfhre
1369 2053 1404 2076 ut
1417 2042 1484 2090 post
1497 2055 1628 2079 mortem
1638 2047 1738 2091 conse-

334 2100 457 2132 quatur
468 2092 540 2137 quis
549 2092 652 2125 omnia
663 2119 674 2134 ‚
693 2103 830 2137 quorum
845 2089 999 2135 defiderio
1012 2092 1154 2136 accensits
1171 2090 1358 2136 instituerit,
1371 2093 1621 2139 transt-geritque
1637 2093 1738 2141 qulam

333 2142 449 2183 optime
454 2141 597 2188 potuerit
612 2142 730 2176 viram.
746 2142 820 2176 Nec
833 2139 1013 2174 inauditum
1027 2140 1181 2187 quiddam
1192 2146 1225 2177 ὃ(
1236 2153 1358 2175 novum
1373 2138 1403 2175 se
1415 2138 1529 2176 afferre
1542 2142 1712 2190 profitetur
1723 2172 1736 2188 ,

324 2187 384 2229 fid
407 2192 466 2233 quo*
475 2190 492 2223 i
515 2202 619 2224 omnes
640 2188 802 2225 Barbari,
829 2190 938 2236 inquit
951 2218 962 2232 ,
985 2188 1024 2224 ὠ·
1043 2203 1097 2224 nos
1114 2190 1211 2225 Graeci
1223 2193 1413 2236 agnovimus
1442 2193 1474 2228 T
1478 2204 1532 2225 um
1545 2191 1639 2242 hujus
1660 2195 1736 2228 vitae

330 2235 419 2269 mala
432 2241 465 2272 ὅ(
477 2237 675 2274 calamitates
694 2250 869 2289 exaggerat
880 2268 890 2283 ‚
903 2237 1027 2287 nosque
1039 2237 1080 2273 ab
1098 2251 1174 2276 ortu
1192 2240 1302 2274 nostro
1315 2237 1411 2286 usque
1424 2241 1464 2275 ad
1485 2253 1627 2278 mortem
1641 2242 1736 2277 malis

333 2285 378 2317 ita
394 2285 571 2322 conflictari
595 2289 711 2333 tradit,
731 2301 767 2324 ut
783 2290 836 2324 vix
859 2290 942 2323 circa
953 2288 1097 2325 mediam
1115 2301 1245 2325 aetatem
1263 2287 1414 2337 respirare
1440 2290 1679 2338 aliquantulum
1695 2291 1737 2326 li-

327 2344 401 2385 (eat
416 2351 424 2376 ς
440 2348 476 2368 ac
486 2350 584 2372 nemo
594 2336 650 2373 nisi
664 2339 827 2387 pueriliter
837 2337 939 2388 sapiat
953 2368 964 2383 ‚
983 2351 1057 2374 cum
1068 2340 1107 2373 ad
1123 2339 1320 2375 senectutem
1334 2343 1522 2386 pervenerit
1534 2370 1544 2382 ,
1572 2347 1606 2378 &
1619 2353 1735 2389 praete.

325 2393 404 2417 mas
413 2384 571 2421 molestias
585 2392 766 2438 recogitat,
783 2387 883 2425 rursus
900 2391 934 2425 in
946 2391 1048 2427 vitam
1065 2391 1184 2428 reverti
1203 2391 1377 2439 optaverit.
1399 2392 1445 2426 Ex
1458 2389 1574 2440 quibus
1587 2390 1620 2427 id
1637 2389 1730 2437 collis
