1857 2745
428 112 1056 152 PARS-SECUNDA.
1401 122 1452 165 169

67 161 266 207 distrahunt,
282 166 316 199 δε
333 161 400 197 alio
411 174 564 198 avocant.
582 164 650 197 Res
666 162 901 199 intellectuales
916 162 1058 199 nonfine
1076 163 1221 212 quodam
1236 164 1366 201 fastidio
1381 172 1452 203 ani-

67 211 137 250 mus
149 211 407 259 contemplatur,
424 211 598 261 praesertim
611 209 687 246 cum
705 211 831 255 dolore,
848 223 904 246 aut
922 213 1104 261 voluptate,
1121 225 1176 248 aut
1186 213 1293 248 valida
1308 214 1451 252 sensuum

66 265 111 297 im
151 259 269 296 effione
287 273 515 306 commovetur
535 261 641 296 :ad-eo
654 272 689 296 ut
705 261 761 296 vel
779 262 831 297 lux
851 263 952 298 nimia
969 291 980 306 ‚
993 274 1049 297 aut
1064 263 1210 311 strepitus
1229 267 1452 302 attentionem

65 273 167 359 ipigsn
179 309 378 359 prohibeat„

101 361 189 395 Hinc
201 357 360 395 silentium
372 387 382 401 ‚
405 356 553 402 secessus,
569 364 605 396 &
617 359 761 407 undique
782 359 866 396 liber
884 363 1008 398 animus
1027 360 1206 410 plurimum
1232 365 1454 401 attentionem

64 408 237 456 adjuvant:
251 420 317 443 nec
331 410 364 444 in
377 407 466 456 plura
480 420 569 443 mens
585 409 713 443 distrahi
731 408 844 446 debet.

100 458 193 504 Qun
204 458 348 491 etiamid
363 459 502 492 maxime
512 457 589 492 utile
608 458 753 502 videtur,
777 470 815 494 ut
832 459 933 495 sensus
944 459 1000 508 ipsi
1014 490 1023 505 ‚
1039 466 1073 498 δε
1090 461 1280 507 imaginatio
1296 462 1334 495 in
1354 460 1452 497 subfi-

64 507 153 541 dium
167 507 268 541 animi
284 508 433 542 veniant.·
443 507 538 542 Hinc,
550 507 794 542 Mathematicae
815 508 986 557 disciplinae
1006 521 1062 558 per
1077 507 1190 557 figuras
1205 538 1214 551 ,
1227 521 1299 556 quae
1309 511 1340 544 in
1357 511 1451 545 char-

64 566 97 591 ta
114 557 255 604 primum
269 583 280 598 ,
296 556 413 590 deinde
423 557 461 590 in*
475 555 540 603 ipsa
555 559 789 604 imaginatione
810 558 1013 593 delineantur
1024 587 1034 602 ,
1052 569 1216 592 attentum
1229 560 1372 593 animum
1382 558 1452 594 effi-

63 606 172 647 ciunt,
191 604 270 638 dum.
285 605 555 654 imaginationem
575 605 674 654 ipsam
693 618 808 654 regunt
823 636 833 650 ,
858 612 893 644 &
907 608 1068 643 detinent.
1091 610 1136 642 Ex
1154 619 1218 654 quo
1238 606 1295 650 fit,
1318 620 1355 642 ut
1379 612 1451 644 am·-

63 665 211 688 mus-non
221 653 287 687 alio
297 665 420 689 temere
434 666 602 703 evagetur,
616 653 671 689 sed
685 667 756 703 quae
768 657 806 689 in
824 654 961 691 cerebro
974 659 1199 705 imprimuntur
1210 657 1342 705 vestigia
1353 685 1364 700 ,
1379 656 1453 692 sub-

63 701 222 749 sequatur.
236 703 289 735 Sic
302 701 404 737 sensus
422 702 478 750 ipsi
493 731 503 745 ,
522 708 556 739 &
566 705 775 751 imaginatio,
789 703 908 750 quibus
922 708 1064 740 attentio
1079 705 1273 753 plerumque
1283 708 1458 751 minuitur,

62 750 186 785 utiliter
195 761 233 785 ut
246 748 535 798 subfidiaqtiaedam
552 750 847 799 adhiberipols'unt.
872 755 992 802 Neque
1009 756 1098 790 enim
1119 767 1208 789 mens
1230 753 1288 789 fibi
1303 758 1360 790 uni
1377 768 1452 805 per-

64 799 223 834 mittenda
236 811 315 842 ,nec
325 799 467 834 multum
479 799 564 834 illius
578 802 750 848 agitationi
767 800 932 837 confidere
956 801 1113 838 debemus
1128 817 1135 839 :
1150 802 1202 837 sed
1220 808 1456 852 experimentis¹

63 847 276 896 plerumque,
293 852 327 885 &
341 847 617 884 sensuumauxilio-
630 850 772 898 juvanda
787 851 855 894 esta,
878 863 919 886 ne
938 853 1035 887 instar
1051 864 1173 887 araneae
1198 864 1302 888 totum
1319 866 1397 903 opus
1413 867 1453 890 ex

65 896 96 931 se
115 897 259 932 ordiatur
272 902 489 945 &pertexan

101 946 205 980 Simili
221 947 351 993 quidem
364 948 489 981 ratione
501 958 576 981 cum
592 946 853 995 perturbationes
874 950 1018 985 animum
1029 949 1225 999 plerumque
1239 953 1271 986 in
1294 951 1454 988 transven

65 994 136 1030 sum
144 997 268 1043 rapiant
284 1000 318 1031 ὅ(
335 995 533 1036 distrahant,
552 995 630 1030 illud
641 997 721 1030 utile
734 997 833 1032 fuerit
842 997 919 1033 alias
935 1001 1035 1034 animi
1049 998 1327 1042 afst&iones‚sed
1341 1001 1453 1036 lauda..

65 1042 201 1078 biliores
220 1046 362 1077 excitare
377 1057 385 1078 :
400 1055 438 1078 ut
453 1044 632 1079 vehemens
644 1044 808 1079 formandi
823 1048 943 1089 animi,
959 1052 994 1085 ὃς
1013 1047 1184 1081 excolendi
1209 1048 1347 1082 studium
1365 1077 1374 1091 ,
1385 1062 1454 1096 quo

28 1116 35 1121 ι
63 1090 198 1140 seipsum
215 1103 327 1140 regere
340 1091 452 1140 pellit,
471 1104 508 1126 ac
526 1091 701 1140 perficere,
715 1105 752 1127 ac
767 1093 906 1133 vislillius
921 1093 1055 1130 subinde
1073 1106 1240 1143 augeatur,
1256 1108 1406 1131 autcerte
1416 1110 1453 1132 ur.

64 1139 209 1177 vetuma
223 1140 302 1175 falso
312 1141 492 1190 distinguat.
519 1142 612 1188 Qin
631 1147 664 1178 δι
683 1142 816 1178 honesta
833 1143 1010 1186 aemulatio,
1023 1144 1202 1178 dummodo
1220 1147 1301 1180 intra
1315 1145 1454 1194 praescri-

64 1201 141 1239 ptos
153 1191 172 1225 a
188 1191 311 1225 ratione
328 1189 408 1225 fines
427 1192 630 1234 co'e'rcearur,
646 1190 721 1225 alias
740 1191 935 1240 quandoque
956 1192 1146 1229 affectiones
1164 1193 1276 1237 elidit,
1293 1207 1363 1242 quae
1382 1197 1454 1231 ani..v

66 1251 163 1274 murn-
173 1239 212 1273 ad
225 1237 327 1275 sensus
337 1239 731 1289 nimiumdeprimerent,
743 1246 776 1277 δι
790 1241 839 1276 ab*
851 1244 940 1277 omni
954 1245 1138 1278 attentione
1155 1242 1378 1280 deflecterent.

101 1290 213 1336 Itaque
229 1290 284 1323 vix
299 1289 405 1324 utilius
419 1291 596 1337 quicquam
611 1292 814 1339 praecipitur,
832 1291 931 1338 quam
941 1303 976 1326 ut
991 1292 1192 1327 evidentiam
1203 1292 1428 1330 &claritatem
1441 1322 1452 1338 ,

66 1349 224 1386 quantum
235 1337 305 1374 fieri
320 1339 446 1388 potest,
464 1341 498 1374 in
509 1339 716 1375 ideisnost'ris
729 1339 967 1377 consectemur:
988 1341 1078 1389 quod
1093 1343 1234 1375 maxime
1259 1342 1382 1390 praestat
1402 1355 1453 1378 at·-

69 1389 186 1423 tentio.
208 1389 328 1435 Neque
351 1388 426 1423 illud
442 1389 662 1424 omittendum
677 1417 688 1433 ,
706 1401 787 1424 earn*
803 1402 870 1425 non
898 1390 1108 1424 mediocriter
1124 1389 1291 1424 conciliari
1303 1419 1312 1433 ,
1333 1404 1405 1427 cum
1418 1393 1453 1426 id

68 1436 157 1482 quod
176 1438 366 1484 proponitur
377 1466 387 1480 ,
405 1436 550 1471 breviter
565 1442 598 1474 &
613 1449 679 1472 non
697 1449 754 1485 per
766 1437 933 1486 ambages,
950 1439 1091 1473 dilucide
1101 1451 1232 1485 quoque
1247 1468 1256 1479 ‚
1272 1446 1304 1476 δε,
1321 1441 1359 1475 ea
1381 1453 1451 1476 me-

69 1484 173 1518 thodo
186 1485 319 1518 traditur
331 1497 421 1532 ,quae
437 1487 571 1532 ingenio
588 1485 709 1519 nullam
727 1488 794 1519 vim
812 1484 937 1520 afferat.
957 1511 961 1514 -

107 1541 149 1569 2⁰.
174 1532 305 1566 Caeteris
318 1533 384 1567 fere
396 1534 483 1566 vitiis
495 1545 566 1579 quae
579 1536 803 1580 perceptiones
816 1534 937 1567 nostras
952 1533 1156 1568 confundunt
1167 1544 1178 1569 τ’
1187 1544 1223 1568 ut
1232 1535 1319 1581 quod
1331 1537 1367 1570 iis
1379 1548 1452 1584 quae

66 1586 135 1630 jam
149 1584 262 1624 novit,
272 1580 394 1628 reliqua
405 1580 512 1616 adhuc
523 1581 684 1629 incognita
693 1582 938 1624 accommodet3
962 1582 1050 1629 quod
1068 1580 1097 1616 se
1108 1582 1199 1617 velut
1214 1595 1362 1619 normam
1378 1589 1451 1621 uni-

69 1629 150 1665 verfi
163 1633 343 1666 intueatur:
363 1630 409 1664 his
424 1658 435 1673 ,
451 1632 583 1675 inquam
595 1657 605 1672 ‚
623 1642 683 1664 una
696 1630 845 1665 medetur
853 1634 1004 1665 attentio.
1025 1632 1113 1666 Nam
1127 1643 1163 1666 ur
1177 1631 1322 1667 distinete
1332 1646 1370 1668 ea
1382 1647 1451 1669 cer-

69 1681 185 1722 nimus,
199 1678 396 1726 quredefixis
417 1677 517 1712 oculis
530 1688 741 1715 contuemur:
759 1678 936 1714 dummodo
950 1678 1069 1716 adsit&
1087 1679 1169 1714 visus
1191 1681 1381 1729 perspicacia
1396 1713 1405 1727 ,
1417 1689 1453 1721 ἅς

71 1728 204 1770 lumen,
227 1728 313 1775 quod
331 1726 459 1776 objeCra
477 1726 658 1762 illuminet:
674 1726 712 1762 fic
729 1740 800 1776 quae
815 1730 941 1764 intento
953 1730 1063 1763 animo
1079 1729 1355 1778 contemplamur,
1373 1733 1450 1769 dum

72 1778 238 1825 ingenium
245 1790 318 1812 vnon
333 1775 410 1811 defit
422 1806 432 1819 ,
446 1788 505 1810 nec
517 1775 659 1811 sensuum
678 1776 898 1825 impressiones
911 1806 920 1820 ,
936 1789 992 1812 aut
1003 1779 1111 1812 nimiae
1121 1777 1287 1826 spirituum
1302 1792 1453 1815 commo„

71 1828 178 1861 tiones
190 1828 307 1860 mentis
323 1828 426 1860 aciem
441 1825 616 1872 infringant
629 1854 639 1868 ‚
669 1825 753 1860 clare
771 1831 806 1862 &
823 1827 970 1862 distinete
989 1828 1196 1874 percipimus,
1217 1829 1326 1874 Atque
1344 1831 1376 1863 in
1388 1829 1451 1863 hoc

71 1876 232 1922 praecipue
245 1873 498 1916 elaborandum,
519 1884 553 1906 ut
568 1886 658 1907 meus
673 1886 849 1923 expurgata
872 1875 1022 1911 omnibus
1041 1874 1183 1910 sensuum
1204 1876 1389 1923 praejudiciis
1416 1880 1449 1914 in

71 1922 168 1958 rebus
196 1921 267 1970 ipsis
281 1923 427 1967 haereat,·
451 1934 487 1957 ut
505 1920 586 1956 illius
607 1924 816 1970 irrequietam
837 1927 1041 1966 motionem,
1063 1929 1096 1960 8<
1117 1923 1358 1960 volubilitatem
1373 1925 1451 1975 saepe

71 1974 325 2015 co'e'rceamus,ne
339 1970 463 2022 semper
476 1971 870 2022 inquirendo-vageturssc
883 1974 1022 2010 demum
1037 1984 1072 2007 ut
1090 1973 1193 2008 nullas
1211 1972 1267 2009 nisi
1287 1974 1449 2011 distinctas

72 2020 160 2055 ideas
174 2023 342 2069 exprimat.

95 2071 213 2106 20.Ne'c
225 2069 346 2105 neceffe
358 2070 403 2105 est
417 2069 453 2104 ut
466 2069 612 2120 longiore
625 2073 772 2107 oratione
782 2073 925 2108 remedia
940 2072 1081 2107 idearum
1094 2070 1272 2107 confusioni
1282 2083 1319 2106 ex
1329 2071 1452 2110 abstra-

77 2118 238 2154 &ionibus
249 2149 258 2162 ,
277 2129 378 2154 autex
394 2131 513 2154 vocum
526 2118 742 2168 ambiguitate
755 2133 834 2156 ortae
853 2120 1091 2170 praescribamus
1107 2149 1116 2163 ,
1135 2133 1206 2154 cum
1222 2133 1259 2154 ea
1275 2133 1393 2169 magna
1411 2137 1450 2160 ex

77 2178 166 2213 parte
180 2166 239 2203 suit
263 2167 418 2217 exposita.
438 2170 533 2204 Nam
546 2167 706 2203 definitio
719 2173 858 2205 nominis
877 2183 1000 2206 vocum
1020 2171 1264 2217 homonymiam
1287 2169 1394 2215 tollit3
1414 2186 1450 2209 ac

78 2214 188 2250 divisio
203 2230 352 2266 magnam
368 2218 464 2253 rebus
483 2217 588 2252 lucem
596 2218 716 2252 inferre
733 2217 812 2254 solet
828 2234 836 2254 :
862 2232 1050 2267 quanquam
1061 2219 1107 2253 his
1118 2220 1232 2265 parce,
1255 2224 1293 2255 &
1313 2232 1385 2256 cum
1401 2235 1450 2258 res

80 2264 178 2310 exigit
192 2293 202 2306 ,
214 2267 378 2304 urendum.
390 2270 479 2304 Nam
493 2278 624 2301 acervus
642 2266 695 2301 ille
712 2267 943 2304 definitionum
963 2273 996 2304 &
1010 2266 1201 2301 divisionum
1217 2270 1334 2302 mentis
1348 2271 1451 2307 indoli

80 2323 146 2395 {ton
171 2313 218 2346 est
240 2313 490 2361 consentaneus,
506 2327 603 2365 quam
622 2317 709 2352 aetio
722 2316 892 2366 multiplex
908 2345 918 2361 ,
940 2328 974 2351 ut
987 2327 1099 2363 corpus
1114 2319 1218 2351 varius
1239 2329 1345 2353 motus
1360 2320 1451 2356 dele-

116 2371 158 2397 at,

236 2409 327 2457 Tom.
353 2413 379 2455 Ι1
1168 2418 1170 2420 ’
1273 2417 1303 2452 Y
