1857 2745
602 117 642 151 M
661 117 695 152 Ο
714 116 748 152 R
775 118 804 153 A
829 116 856 152 L
875 117 889 151 1
908 118 940 155 S.
1373 139 1390 161 2

83 168 161 205 Non
174 163 340 201 immerite>
355 174 462 200 tamen
474 163 578 200 solent
591 166 673 200 inter
684 177 806 201 metum
816 179 950 214 gravem
969 165 1126 203 &levem
1137 168 1327 219 distinguere
1345 186 1353 208 :
1370 140 1430 214 nei

46 227 112 263 que
123 216 210 250 enim
224 225 329 248 metus
345 213 426 248 levis
450 226 505 248 aut
525 214 686 261 promiffis
702 214 819 249 liberat
833 244 842 258 ‚
865 227 919 250 aut
936 227 1102 264 peccatum
1121 221 1257 254 omnino
1282 221 1407 257 excusat
1422 241 1431 266 5

48 264 101 300 sed
111 265 216 310 gravis
228 290 238 305 ‚
252 267 286 298 &
301 261 401 308 qualis
412 265 442 297 in
454 263 654 298 constantem
664 265 768 299 virum
779 265 892 299 cadere
901 265 1022 312 potest:
1041 264 1129 313 isque
1144 279 1183 300 ex
1194 270 1279 302 varia
1294 271 1351 316 qui
1362 283 1433 305 me-

6 334 8 353 ;
48 323 144 348 tunnt
158 310 268 346 indole
279 339 290 354 ,
303 314 408 358 gravis
418 323 470 346 aut
482 311 562 346 levis
575 311 702 347 definiri
719 312 828 349 debet.
849 316 965 348 Gravis
986 315 1119 360 quidem
1133 316 1179 349 est
1190 327 1292 352 metus
1305 321 1432 364 mortis,

45 359 257 398 mutilationis
271 388 281 402 ,
303 362 457 394 cruciatus
471 388 480 402 ‚
500 362 626 406 Jasturae
636 360 845 397 bonorumls
862 374 969 397 tamen
985 362 1201 398 voluntarium
1218 368 1354 400 omnino
1366 380 1433 403 non

4 408 7 439 Γ
45 407 132 444 tollit
143 436 152 451 ,
164 407 208 442 ob
227 409 354 456 gravius
370 408 491 444 malum
506 410 593 456 quod
607 409 778 458 effugimus
793 425 801 447 :
823 421 859 445 ut
874 423 948 446 cum
965 423 1055 446 metu
1066 412 1159 446 caedis
1178 416 1313 460 pecunia
1330 416 1432 454 datur.

3 458 7 495 l
45 457 111 492 Sed
125 454 376 505 ejusmodiaims
394 457 586 505 plerumque
602 457 783 494 excusantur
799 489 808 503 ,
825 472 897 495 cum
915 473 953 494 ex
971 462 1060 508 gravi
1078 473 1169 495 metu
1187 460 1269 496 fiunt
1284 476 1291 497 ε
1309 464 1434 509 quanto

3 499 6 551 l

44 506 132 543 enim
144 509 247 552 major
257 505 299 538 est
313 517 418 540 metus
432 535 442 551 ‚
456 506 549 542 tanto
569 509 676 542 minor
691 509 875 544 voluntario
886 537 896 553 ,
909 513 941 546 &
951 513 1052 556 major
1063 509 1109 543 est
1123 512 1227 543 veniae
1238 523 1293 545 aut
1304 511 1431 547 excusa..

2 563 5 590 ,³
43 555 126 589 tioni
143 553 242 588 locus.

93 601 322 645 Qamobrem
333 605 388 650 qui
401 615 490 638 metu
502 605 613 651 injuste
629 604 745 640 incusso
759 606 880 654 aliquid
895 604 1056 654 promisit,
1077 609 1102 640 is
1116 605 1271 655 promissis
1283 609 1360 643 stare
1372 622 1434 644 nec

43 653 115 698 jure
125 661 241 685 naturae
252 679 262 694 ,
279 663 339 687 nec
349 652 419 699 lege
428 651 564 700 positiva
578 664 704 688 tenetur
716 668 723 689 ε
738 654 823 701 quod
839 653 1001 702 promiffio
1012 654 1048 689 sit
1058 656 1171 703 injusta
1183 673 1192 699 3
1210 668 1247 689 ac
1257 656 1334 691 licet
1344 669 1383 692 ea
1395 657 1435 693 fit

43 698 234 734 voluntaria
244 728 253 742 ,
272 713 339 734 non
356 701 398 734 est
412 711 520 735 tamen
535 704 669 736 omnino
682 702 780 737 libera
790 732 800 747 ,
817 702 871 738 sed
885 706 916 739 vi
930 715 1066 741 extorta,

75 748 160 796 Opp.
174 761 198 782 2.
213 750 297 795 Qae
309 747 390 783 fiunt
400 761 438 783 ex
449 760 550 792 metu,
560 748 658 784 sunts
670 750 812 787 cundum
834 751 864 786 se
879 752 1107 794 involuntaria,
1121 757 1155 789 δε
1164 752 1206 787 ab
1217 755 1255 788 iis
1276 755 1431 792 abhorret

42 797 101 843 qui
119 797 188 844 agit
203 824 213 840 ,
236 806 336 843 atque
357 800 493 833 omnino
515 797 585 832 sunt
606 798 692 833 mala
709 813 717 835 :
740 803 822 849 Ergo
843 799 912 837 sunt
929 799 1075 836 absolute
1100 802 1340 849 involuntaria,
1359 819 1427 842 non

42 843 215 880 secundum
239 845 331 892 quid.

79 894 118 928 R.
132 893 350 941 Neg.1conseq.
363 895 451 929 Nam
462 895 605 929 actiones
618 896 756 931 morales
770 897 894 944 pensari
906 898 1029 934 debent
1045 911 1084 933 ex
1102 895 1170 945 ipsis
1180 900 1429 946 circunstantiis,

44 954 110 976 non
126 939 301 975 secundum
316 941 345 975 se
359 940 503 985 tantum,
525 948 558 979 &
573 941 740 980 seorsurna
753 948 977 981 circunstantiis
1000 946 1146 995 spectari,
1177 949 1229 981 Sic
1248 954 1435 998 amputatio

43 987 165 1022 brachii
178 1000 214 1023 ut
233 991 308 1024 vitae
321 989 520 1032 consulatur,
539 992 583 1025 est
594 992 671 1038 quid
689 994 941 1029 involuntarium
953 1024 962 1038 ,
979 1000 1012 1031 δε
1026 995 1146 1029 malum
1158 1024 1168 1038 ‚
1188 995 1230 1030 ab
1246 1011 1351 1045 eoque
1369 1013 1430 1034 vo-

44 1036 149 1072 luntas
163 1035 317 1071 abhorret
340 1052 348 1072 ε
368 1037 421 1072 sed
441 1050 513 1072 cum
531 1039 666 1073 relative
679 1069 689 1083 ‚
714 1053 812 1087 atque
825 1053 861 1076 ut
885 1045 960 1076 vitae
985 1041 1161 1077 consultum
1176 1042 1230 1087 fit,
1252 1046 1429 1093 speetatur,

0 1094 1 1099 ¹
44 1097 112 1121 tum
123 1085 169 1119 est
188 1084 371 1137 (impliciter
387 1087 464 1133 quid
481 1085 604 1121 bonum
614 1115 624 1130 ‚
651 1092 686 1123 &
697 1089 932 1132 voluntarium3
950 1101 1057 1136 neque
1068 1102 1224 1137 repugnat
1243 1094 1429 1128 inclinatio-

43 1136 78 1170 ni
89 1133 267 1169 voluntatis
277 1133 398 1168 efficaci
418 1139 451 1170 δε
463 1134 633 1179 absolutae,
653 1134 704 1171 sed
733 1135 860 1173 tantum
883 1136 1042 1173 inefficaci
1060 1139 1330 1176 &conditionatae
1346 1142 1429 1177 illius

42 1180 245 1232 propenfioni
269 1182 463 1218 adversatur.

76 1231 208 1276 Instant.
223 1231 324 1279 Qod
336 1230 371 1266 fit
386 1244 425 1266 ex
437 1243 545 1277 metu,
556 1234 641 1269 idem
650 1233 686 1270 fit
701 1234 721 1271 ὲ.
735 1236 893 1283 principio
910 1234 1090 1270 extrinseco
1105 1249 1112 1270 :
1131 1249 1207 1287 ergo
1223 1237 1368 1274 absolute
1382 1240 1428 1274 est

44 1279 308 1317 involuntarium.

82 1329 121 1364 R.
138 1330 299 1377 Neg-ant.
327 1330 492 1379 ldqnippe
503 1330 541 1366 fit
557 1330 576 1366 a
594 1331 763 1367 voluntate
774 1343 844 1379 quae
853 1334 1016 1369 actionem
1034 1336 1172 1381 imperat
1193 1348 1201 1369 z
1232 1336 1309 1370 licet
1331 1340 1429 1370 moti-

45 1390 122 1412 vum
134 1379 269 1412 aetionis
284 1377 320 1413 fit
333 1380 409 1425 quid
422 1379 630 1414 extrinsecum
644 1409 654 1423 ‚
676 1381 764 1427 quod
782 1384 943 1417 rationem
955 1383 1256 1419 voluntariiminuit
1266 1414 1275 1427 ‚
1289 1398 1354 1419 non
1367 1385 1429 1419 tol-

45 1426 92 1460 lit.
108 1426 210 1473 Qod
220 1428 310 1461 enirn
320 1425 358 1460 fit
370 1439 407 1461 ex
424 1439 513 1461 metu
527 1455 535 1465 ,
554 1439 591 1461 ut
611 1429 941 1475 amputatiobrachii,
965 1429 1137 1465 secundnm
1168 1431 1198 1465 se
1220 1433 1266 1465 est
1284 1433 1402 1467 nulum
1419 1449 1427 1469 :

44 1474 110 1508 Sed
124 1486 327 1521 comparate,
342 1480 375 1510 &
387 1473 445 1508 suis
466 1475 649 1511 instruetum
659 1477 909 1521 circunstantiis‚
928 1477 1053 1512 bonum
1066 1479 1127 1513 est:
1148 1491 1303 1525 quatenus
1327 1493 1358 1516 v.
1380 1493 1426 1528 gr.

44 1524 123 1559 vitae
146 1521 371 1558 conservandae
397 1523 440 1557 est
463 1523 552 1558 utile.

565 1605 697 1652 Qqarm
716 1607 743 1640 C
745 1603 885 1652 onclustb.

79 1669 348 1720 Concupiscentia
360 1700 369 1715 ‚
382 1671 436 1706 vel
456 1671 630 1706 dele&ati0
644 1681 740 1718 auget
755 1668 998 1715 quodammodo
1021 1669 1249 1706 voluntarium.

81 1723 280 1768 Explicatur
294 1719 331 1754 Θ
344 1719 501 1767 probatur
511 1720 672 1764 conclnfio.
691 1716 916 1753 voluntarium
933 1730 988 1752 ant
1003 1718 1117 1752 latiore
1138 1717 1308 1766 fignificatu
1329 1720 1426 1756 sumi-

47 1781 97 1803 (ιη’
111 1798 121 1812 ,
136 1781 171 1803 ut
185 1769 230 1803 est
245 1770 277 1802 in
296 1771 399 1815 pneris
413 1769 657 1815 quodammodo
671 1769 744 1804 &in
755 1765 869 1799 belluis
888 1795 898 1809 ,
917 1778 1049 1814 tumque
1068 1768 1100 1800 id
1111 1779 1245 1814 angetur
1259 1780 1296 1802 ex
1310 1780 1427 1803 concu.·

45 1817 199 1866 'piscentia
216 1833 224 1858 3
249 1816 299 1850 vel
310 1817 463 1851 strietiore
476 1815 708 1864 significatione
727 1816 877 1862 accipitur
889 1844 899 1859 ‚
914 1818 990 1850 utin
1005 1814 1098 1850 nobis
1114 1815 1156 1848 est
1175 1827 1246 1849 cum
1265 1820 1425 1864 cognitio-

46 1878 87 1901 ne
105 1867 313 1914 conjnnffizm
328 1894 338 1908 ,
365 1866 460 1912 idque
480 1866 641 1899 interdum
654 1865 770 1898 minuit
779 1862 1035 1911 concupiscentia
1055 1878 1062 1898 :
1081 1868 1166 1910 cnjus
1190 1866 1322 1899 nomine
1341 1878 1427 1900 nunc

49 1914 255 1962 intelligimus
272 1925 398 1949 motum
416 1913 579 1961 appetitus
591 1912 765 1948 sentientis.
793 1913 861 1958 Qi
872 1912 894 1947 fi
907 1912 1078 1947 voluntatis
1089 1914 1195 1947 aetum
1208 1914 1380 1957 antecedit,
1394 1916 1429 1948 id*

47 1962 238 2010 plerumque
251 1960 352 1996 efficit
367 1975 402 1997 ut
415 1962 564 1997 voluntas
575 1964 607 1997 in
618 1974 687 1996 rem
698 1959 892 2009 propositam
901 1960 1127 1996 vehementius
1143 1961 1360 2008 propendeat,
1381 1962 1424 1996 ob

47 2009 202 2046 summam
217 2013 315 2046 animi
332 2024 403 2045 cum
421 2023 557 2059 corpore
570 2010 767 2045 societatem.
791 2011 877 2044 Hinc
888 2009 1033 2059 Jttcobus
1047 2008 1218 2057 Apostolus
1234 2038 1243 2051 ‚
1263 2011 1298 2041 V
1295 2012 1429 2056 mtffinis-

47 2071 105 2105 que
123 2071 266 2093 tentatur
285 2059 305 2092 ἱι
324 2062 456 2108 propria
467 2061 709 2108 concupifhentia
727 2057 897 2103 abstracilus
919 2058 956 2092 ὠ
976 2059 1097 2092 ι’ίίεὲἶιις
1111 2073 1121 2090 .·
1135 2057 1201 2092 σὴνη
1213 2060 1425 2106 concupiscen-

51 2109 97 2140 ria
112 2110 282 2156 conceperit
292 2135 300 2145 ‚
318 2111 406 2155 parit
414 2118 586 2156 peccatum.
605 2110 688 2154 Qae
701 2118 811 2141 autem
824 2106 1026 2142 voluntatem
1041 2105 1245 2152 consequitur
1263 2109 1424 2154 appetitus

53 2153 213 2190 sentientis
235 2157 357 2199 motio,
378 2156 431 2190 seu
444 2154 699 2203 concupiscentia
712 2182 722 2197 ,
743 2154 811 2188 haec
829 2158 875 2189 rei
895 2155 1060 2204 propolitae
1085 2156 1309 2188 executionem
1336 2156 1425 2203 adju-

53 2209 109 2235 vat
121 2216 208 2249 :qnae
225 2206 313 2239 enim
331 2218 389 2239 nos
400 2203 565 2240 deleaant
574 2206 697 2251 magiS,
715 2205 753 2236 iis
778 2202 895 2238 fortius
920 2202 1141 2239 incumbimus.
1165 2205 1247 2250 Ergo
1262 2203 1425 2252 concupis-

54 2252 159 2283 centia
173 2263 239 2285 tum
259 2254 451 2288 antecedens
461 2282 472 2296 ,
487 2264 556 2287 tum
566 2251 759 2298 consequens
772 2263 869 2298 auget
886 2252 1105 2286 voluntarium
1123 2262 1161 2284 ex
1183 2261 1272 2297 parte
1286 2263 1424 2300 propen-

56 2296 146 2332 fionis
162 2298 256 2333 :licet
267 2302 498 2336 antecedensid
512 2303 657 2337 minuere
673 2299 771 2334 soleat
788 2311 828 2334 ex
844 2311 934 2347 parte
945 2300 1034 2347 ipsius
1048 2300 1252 2346 cognitionis.
1278 2302 1365 2335 Nan]
1384 2301 1425 2335 li.

56 2357 108 2380 cet
119 2349 143 2380 is
159 2348 214 2394 qui
231 2350 297 2395 agit
314 2360 350 2383 ex
364 2348 795 2399 concupiscentia‚0bje&um
813 2347 914 2396 ipsum
928 2351 1011 2383 circa
1028 2347 1115 2395 quod
1130 2359 1308 2395 occupatur,
1319 2360 1424 2384 atten-

1102 2399 1142 2431 M
1160 2409 1191 2430 m
1220 2399 1239 2443 ij
