1857 2745
384 148 445 192 164
908 141 937 177 L
950 143 984 178 O
1001 143 1031 177 G
1045 141 1058 174 1
1080 142 1110 177 C
1125 145 1164 177 ΑΞ

383 198 467 229 ciem
478 195 682 228 nominamus
697 206 707 234 3
729 201 838 238 neque
850 201 890 224 ea
901 193 1006 226 minus
1019 190 1113 227 nobis
1124 203 1204 227 nota
1218 191 1260 226 est
1277 188 1378 239 quam
1391 188 1456 237 ipsa
1468 193 1634 241 cogitatio.
1645 193 1767 231 Namfi

384 256 452 277 rem
462 244 572 290 cogito
583 270 592 284 ,
612 241 707 289 hujus
727 240 832 275 ideam
849 239 901 275 vel
916 242 1090 289 imaginem
1101 270 1112 285 ,
1134 253 1336 290 quaecunque
1349 252 1387 274 ea
1401 238 1438 275 fit
1448 271 1459 286 ‚
1474 242 1552 277 mihi
1570 243 1682 279 videor
1693 246 1767 280 ani⁶

382 305 437 326 mo
469 302 611 326 cernere.

428 343 542 388 Iraque
552 340 625 374 idea
639 338 692 373 vel
708 337 826 388 species
835 352 904 374 non
916 338 978 374 alia
993 338 1062 374 fere
1076 341 1202 375 ratione
1219 338 1261 374 ab
1273 338 1338 388 ipsa
1357 341 1560 389 cogitatione
1580 341 1767 386 secernitur,

380 388 482 436 quarn
491 390 724 424 determinatio
734 388 845 423 morsis
861 418 871 434 ‚
897 401 966 436 quat
979 387 1095 424 sursum
1103 391 1209 437 potius
1219 389 1320 436 quam
1334 388 1483 425 deorsum
1495 402 1607 439 corpus
1617 390 1767 436 infleffit,

381 437 423 472 ab
437 438 505 487 ipso
522 449 615 473 motu
629 439 836 486 distinguitur.
861 440 950 474 Nam
961 438 1124 473 uteodem
1139 450 1294 474 manente
1308 451 1400 474 motu
1411 468 1420 483 ,
1437 439 1669 475 determinatio
1679 441 1766 475 illius

377 489 499 522 mutari
520 487 602 523 solet
618 517 627 531 ,
643 499 678 523 ut
692 486 766 521 cum
781 486 847 535 pila
861 486 991 522 occursu
1002 489 1129 536 parietis
1146 486 1259 523 resilit:
1285 487 1325 523 fic
1336 489 1449 523 eadem
1464 488 1549 525 forte
1569 494 1602 526 &
1618 491 1699 538 jugis
1718 489 1767 525 est

381 538 469 572 actio
486 539 605 572 mentis
617 566 626 580 ‚
651 535 704 571 sed
725 536 807 571 illius
825 537 1059 572 determinatio
1070 539 1278 572 continenter
1290 540 1439 575 variatur.
1706 539 1712 541 “

410 589 539 622 Omnes
549 588 693 621 idearum
709 598 765 620 aut
780 589 1030 635 perceptionum
1044 585 1235 621 differentia:
1250 614 1260 629 ,
1287 586 1342 621 vel
1355 599 1393 622 ex
1404 584 1499 621 rebus
1513 584 1583 634 ipfis
1596 598 1676 634 quas
1693 598 1768 636 per.

373 637 513 684 cipimus
527 663 538 679 ‚
569 635 623 670 vel
637 648 677 670 ex
693 634 821 670 diversis
832 635 1030 684 percipiendi
1046 635 1149 670 modis
1163 664 1173 678 ‚
1196 635 1250 670 vel
1265 636 1408 683 denique
1421 648 1461 670 ex
1473 634 1609 670 vocibus
1624 633 1695 684 ipsis
1708 637 1770 671 du.

369 696 505 729 cuntur,
517 697 572 720 aut
585 683 677 734 signis
691 714 701 729 ,
720 696 790 731 quse
797 686 888 720 ideas
905 685 1025 720 nostras
1036 687 1221 734 exprimunt
1233 713 1243 728 ‚
1265 696 1319 720 aut
1334 685 1486 720 indicant.
1499 686 1646 720 Primum
1656 687 1769 733 itaque

367 746 434 768 ¹eas
450 736 697 783 perceptionum
708 732 911 770 differentias·
921 746 1116 782 exequamur
1128 763 1138 777 ,
1162 746 1232 769 tum
1251 746 1362 770 earum
1384 733 1530 770 defestus
1544 750 1555 777 3
1580 734 1769 783 postremo,

377 794 449 830 quae
465 786 503 819 iis
519 783 706 820 adhibenda
726 781 786 819 lint
803 783 950 819 remedia
963 812 973 827 ,
992 784 1250 831 perstringemus,

411 834 460 868 Ac
477 836 614 882 primum
627 834 658 867 id
669 845 769 868 omne
785 833 872 881 quod
896 831 917 868 ὲ
944 832 1040 868 nobis
1058 831 1270 880 intelligitur,
1295 842 1352 866 aut
1376 844 1425 867 res
1443 832 1591 879 quaedam
1618 832 1662 867 est
1675 860 1686 876 ,
1707 831 1768 870 vel

370 880 551 918 substantia
562 912 573 927 ‚
591 895 662 930 qnae
676 894 732 931 per
750 881 780 916 se
800 882 931 926 existit3
949 894 1004 917 aut
1026 893 1182 929 tanquam
1194 883 1240 915 rei
1254 880 1468 924 attributum,
1488 880 1539 915 seu
1556 881 1672 916 modus
1693 880 1768 917 sub.

378 931 497 966 stantia:
510 934 711 979 concipitur3
726 942 782 967 aut
797 931 930 966 demum
943 942 979 966 ut
993 931 1149 979 quiddam
1169 942 1207 965 ex
1222 942 1257 964 re
1277 934 1311 967 &
1329 928 1486 966 attributo
1514 928 1727 979 compositum
1745 931 1768 969 ὲ

373 979 474 1015 -nobis
497 982 682 1029 percipitur.

414 1031 462 1065 Ac
489 1029 664 1065 substantiae
677 1029 811 1077 quidem
830 1042 886 1074 ‚ut
901 1033 985 1065 entis
1008 1029 1099 1077 ipfius
1114 1029 1207 1070 ‚idea
1232 1030 1337 1064 menti
1352 1027 1469 1064 nostrae
1492 1029 1591 1072 inest,
1611 1029 1664 1064 sed
1684 1041 1768 1078 vaga

377 1078 674 1115 &indeterminata
690 1096 699 1123 3
718 1092 855 1127 quaeque
879 1080 921 1114 ad
939 1091 990 1113 res
1006 1075 1144 1114 diversas
1162 1089 1221 1125 pro
1239 1076 1469 1113 attributorum
1486 1079 1646 1113 varietate
1663 1079 1774 1128 appli-,

379 1138 479 1163 catur.

415 1177 505 1212 Nam
520 1175 643 1212 lumine
657 1177 794 1212 naturali
811 1176 906 1212 nobis
917 1189 1033 1213 notum
1048 1176 1095 1211 est
1113 1175 1357 1224 perfestionem
1371 1204 1382 1219 ‚
1416 1174 1467 1211 seu
1480 1175 1671 1211 attributum
1682 1205 1693 1220 ,
1709 1188 1766 1212 cu-

372 1230 422 1272 jus
440 1226 546 1260 ideam
555 1225 730 1271 habemus,
753 1225 926 1275 cujusmodi
940 1227 987 1260 est
1000 1227 1052 1260 lux
1069 1255 1079 1269 ,
1103 1225 1157 1260 vel
1171 1225 1351 1260 rotunditas
1366 1253 1376 1267 ‚
1407 1227 1441 1260 in
1465 1237 1498 1259 re
1513 1225 1618 1273 aliqua
1632 1254 1642 1269 ,
1676 1237 1712 1261 ut
1730 1227 1765 1262 in

377 1273 443 1308 sole
465 1275 594 1310 existere
610 1289 617 1310 ε
632 1288 704 1311 cum
720 1276 811 1311 nihili
830 1276 924 1311 nullae
933 1275 992 1311 sint
1004 1275 1190 1310 affectiones
1203 1303 1212 1317 ,
1231 1273 1284 1308 seu
1300 1276 1521 1323 proprietates.
1584 1287 1629 1308 nae
1653 1286 1765 1310 autem

376 1335 424 1357 res
446 1323 500 1358 illa
517 1322 550 1358 fit
562 1353 571 1367 ‚
589 1338 657 1360 non
670 1325 801 1360 aliunde
814 1354 824 1369 ,
850 1324 951 1373 quarn
968 1338 1007 1360 ex
1026 1323 1095 1374 ipsis
1111 1322 1271 1358 attributis
1284 1351 1294 1367 ‚
1325 1322 1380 1358 vel
1396 1335 1435 1357 ex
1452 1324 1673 1359 accidentibus
1689 1323 1764 1373 pos-

375 1371 480 1408 sumus
507 1376 678 1419 conjicere.

412 1424 457 1457 Ex
474 1423 510 1456 iis
525 1435 621 1468 porro
636 1422 797 1458 attributis
809 1423 909 1459 multa
924 1423 994 1459 sunt
1014 1451 1025 1465 ‚
1046 1434 1186 1469 quorum
1205 1421 1294 1455 ideas
1319 1419 1389 1454 satis
1412 1418 1510 1454 claras
1532 1418 1689 1456 habemus
1703 1423 1766 1456 im.

374 1468 490 1518 prestas
508 1484 515 1504 ε
539 1472 719 1507 dummodo
737 1475 775 1506 iis
796 1485 867 1519 quae
879 1471 975 1508 nobis
994 1472 1014 1506 a
1030 1483 1143 1505 natura
1157 1470 1228 1505 sunt
1247 1470 1329 1503 data:
1341 1497 1351 1512 ,
1371 1472 1522 1504 contenti
1535 1467 1636 1504 fimus.
1647 1471 1700 1503 Sic
1716 1481 1768 1504 re-

374 1531 447 1554 rum
464 1520 690 1563 existentiam,
714 1521 919 1556 durationem
933 1550 942 1562 ,
961 1520 1109 1554 ordinem
1126 1547 1136 1561 ,
1149 1530 1323 1553 numerum
1341 1516 1426 1552 clare
1446 1519 1637 1566 percipimus
1661 1531 1669 1553 :
1691 1518 1768 1554 dum

374 1581 547 1603 numerum
558 1598 567 1612 ‚
580 1568 632 1603 vel
648 1570 796 1604 ordinem
807 1599 817 1613 ‚
838 1575 871 1607 &
885 1570 1086 1604 existentiam
1099 1566 1120 1603 ὲ
1136 1565 1233 1602 rebus
1260 1565 1331 1615 ipfis
1348 1566 1541 1616 distinguere
1554 1579 1624 1602 non
1648 1566 1768 1601 molia-

373 1630 464 1661 mur,
494 1630 531 1652 ac
554 1618 758 1654 durationem
775 1632 843 1655 non
868 1618 956 1654 aliud
979 1616 1035 1654 nisi
1051 1619 1273 1652 continuatam
1298 1617 1344 1650 rei
1374 1616 1575 1651 existentiam
1599 1617 1767 1664 concipia-

374 1679 457 1702 mus,
471 1669 501 1701 Si
515 1679 594 1714 quas
605 1667 872 1703 comminiscimur
885 1668 904 1704 ἐι
916 1667 1012 1703 rebus
1029 1668 1183 1702 entitates
1198 1665 1360 1700 distinetas
1374 1693 1384 1708 ,
1403 1669 1472 1711 jam
1488 1663 1637 1699 confusas
1658 1677 1766 1700 rerum

375 1720 408 1751 δε
424 1714 573 1750 obscuras
589 1719 738 1753 notiones
753 1715 956 1768 effingimu53
974 1726 1111 1765 quaeque
1130 1726 1170 1748 ex
1191 1713 1222 1749 se
1240 1712 1308 1749 sunt
1325 1724 1436 1762 aperta
1449 1741 1459 1757 ,
1473 1712 1764 1757 involvimus,dum

371 1775 411 1798 ea
425 1764 577 1799 volumus
596 1778 632 1800 ex
641 1766 770 1814 plicare.

405 1816 571 1863 roirca
584 1828 699 1850 omnes
710 1818 744 1851 in
761 1816 833 1851 idea
845 1818 1000 1864 temporis
1012 1843 1022 1859 ,
1048 1827 1118 1861 vg.
1132 1813 1185 1850 vel
1202 1814 1349 1856 numeri,
1377 1814 1446 1847 imo
1467 1816 1501 1848 ,δε
1514 1811 1624 1847 motus
1640 1822 1766 1847 conve-

370 1864 464 1898 niunt
475 1891 484 1905 ‚
507 1862 559 1897 sed
589 1866 622 1899 in
649 1877 760 1900 eorum
779 1866 997 1914 explicatione
1031 1863 1228 1899 dissentiunt.
1259 1864 1338 1897 Non
1358 1859 1497 1896 diffimili
1530 1862 1657 1893 ratione
1688 1871 1765 1906 quae

371 1911 411 1944 ad
425 1914 644 1958 quantitatem
660 1940 669 1953 ,
696 1912 748 1947 seu
759 1915 797 1947 ad
808 1916 953 1961 corporis
969 1910 1188 1946 extensionem
1204 1936 1213 1950 ,
1227 1908 1361 1956 figuram
1382 1913 1550 1944 &motum
1570 1909 1741 1955 pertinent
1757 1934 1770 1951 ,

370 1972 506 2007 quaeque
519 1961 554 1994 in
572 1961 816 1995 Mathematicis
829 1972 868 1994 ex
881 1960 996 1994 ordine
1008 1960 1186 1993 tractantur
1201 1985 1211 2000 ‚
1227 1969 1284 2005 per
1302 1957 1465 1991 distinctas
1488 1956 1578 1989 ideas
1592 1969 1710 2004 magna
1723 1968 1765 1992 ex

370 2020 462 2055 parte
477 2008 695 2058 intelliguntur
711 2023 718 2045 ε
736 2012 817 2055 quin
832 2014 866 2045 &
878 2008 963 2043 forte
979 2019 1071 2043 mens
1090 2009 1154 2042 Dei
1170 2036 1179 2050 ‚
1199 2003 1333 2053 suiipsius
1344 2034 1353 2048 ‚
1365 2010 1398 2041 ὃ(
1413 2002 1535 2038 suatum
1555 2004 1764 2041 funffionum

368 2056 469 2092 claras
479 2057 583 2092 habet
597 2070 634 2097 ac
644 2058 807 2094 distin&as
821 2057 909 2092 ideas
923 2085 933 2100 ‚
954 2056 1030 2091 licet
1045 2056 1221 2091 admodum
1235 2053 1456 2102 imperfectas,
1477 2053 1570 2089 Nihil
1594 2053 1673 2089 mihi
1696 2067 1764 2089 no·

370 2108 432 2141 tius
444 2107 490 2141 est
500 2107 600 2154 quam
616 2119 668 2141 me
681 2111 841 2157 cogitate,
864 2119 918 2141 aut
929 2107 1117 2154 percipere:
1142 2115 1275 2152 quaeque
1299 2102 1374 2138 hinc
1398 2103 1544 2150 pendent
1562 2104 1660 2137 animi
1684 2101 1764 2138 fun.

371 2157 497 2191 &iones
510 2185 519 2199 ‚
547 2168 582 2191 ut
593 2156 767 2204 judicium,
786 2157 1008 2198 ratiocinium,
1035 2153 1197 2189 dubitatio
1210 2183 1219 2197 ‚
1235 2151 1384 2188 voluntas
1399 2179 1408 2193 ‚
1433 2156 1468 2187 &
1485 2151 1546 2186 alia
1555 2151 1648 2197 hujus
1659 2162 1765 2199 gene..

371 2206 410 2237 ris
434 2204 507 2239 satis
532 2204 601 2240 sunt
618 2204 801 2254 perspicua,
821 2205 1000 2240 dummodo
1017 2204 1058 2238 ad
1070 2216 1108 2238 ea
1124 2215 1193 2251 quae
1213 2204 1245 2238 in
1256 2199 1351 2237 nobis
1362 2211 1513 2250 geruntur
1526 2229 1536 2244 ,
1557 2201 1763 2242 attendamus

370 2264 526 2290 anlmum.

407 2302 470 2335 Sed
486 2314 556 2348 qux
570 2305 718 2340 dicuntur
726 2303 899 2352 qualitates
916 2300 1076 2337 sensibiles
1088 2329 1098 2343 ,
1113 2313 1264 2351 magnam
1277 2302 1312 2334 in
1326 2299 1404 2334 ideis
1419 2300 1535 2334 nostris
1546 2300 1672 2346 pariunt
1682 2309 1763 2332 con-

369 2348 528 2384 fUfiOssCm
542 2383 549 2396 ,
567 2367 636 2400 quae
649 2352 702 2389 nili
717 2365 871 2388 caveatur
887 2383 896 2396 ‚
924 2363 1060 2386 omnem
1081 2361 1165 2398 pene
1180 2351 1402 2398 cognitionem
1420 2348 1561 2383 nostram
1578 2345 1757 2394 perturbat.

372 2400 419 2434 <ic
434 2401 515 2446 ignis
532 2403 692 2447 cilorem,
709 2402 840 2439 seuvim
863 2401 972 2446 illam,
997 2411 1069 2448 quae
1084 2399 1126 2434 est
1142 2404 1176 2436 in
1186 2402 1281 2448 igne,
1308 2409 1505 2446 quaecunque
1527 2396 1581 2432 illa
1605 2394 1640 2430 fit
1653 2420 1661 2430 ·
1681 2405 1758 2429 cum
