1857 2745
477 129 854 176 TKACTATUS
883 127 1139 166 TERTIUS.
1438 145 1473 174 7⁴

92 183 177 217 rium
188 178 299 229 explet
309 207 320 223 ,
333 177 501 229 objeCmm
519 179 620 229 ipsum
637 181 714 214 citra
727 191 848 214 novam
861 181 1034 215 entitatem
1051 191 1122 213 eam
1144 178 1403 214 determinansic
1418 146 1476 215 {ib}

94 233 200 266 minus
211 230 258 263 est
272 228 415 276 bonum,
430 229 526 278 quarn
539 241 575 264 ut
592 227 765 264 neceffario
777 229 818 261 ad
830 227 860 262 se
875 230 975 276 rapiat
990 227 1194 262 voluntatem
1211 255 1218 269 ‚
1240 228 1291 261 sed
1304 239 1344 262 eo
1367 240 1477 264 tamen

93 290 248 313 contentu
262 279 326 321 est,
351 283 383 314 δι
395 278 424 313 se
443 281 475 312 ei
489 277 579 313 bono
589 277 831 324 quodammodo
841 289 985 323 exaequat
1000 304 1009 319 ‚
1027 289 1063 310 ac
1083 275 1138 310 fibi
1150 279 1302 310 terminos
1319 276 1475 325 praefigit:

95 327 178 362 nihil
191 339 322 374 quoque
335 325 456 361 neceffe
470 327 513 360 est
525 338 646 361 novam
663 329 831 360 entitatem
840 324 1056 367 comminisci,
1065 336 1100 359 ut
1112 325 1261 360 voluntas
1274 323 1303 358 se
1315 338 1405 374 aptet
1413 329 1476 360 mi..

94 378 169 411 nori
184 375 293 418 bono,
310 386 364 409 aut
381 373 727 423 seipsamdeterminet.
747 374 897 408 formalis
907 375 994 408 enim
1007 374 1237 408 determinatio
1248 376 1280 407 in
1299 374 1360 408 hoc
1378 374 1478 423 posita

94 427 179 467 etit,
199 436 235 458 ut
260 423 393 459 affectet
407 424 500 471 hujus
517 422 598 458 boni
620 424 905 471 conjuncfitionem3
923 434 959 458 ut
978 424 1044 458 Dei
1063 422 1248 457 concurfiim
1267 424 1394 471 exigat,
1411 437 1476 472 quo

98 484 149 507 res
162 485 269 507 amata
284 486 358 508 cum
369 473 538 509 voluntate
555 477 766 521 conjungatur
780 501 790 515 ‚
811 477 844 509 &
866 474 900 506 ei
910 471 972 506 sive
993 483 1050 520 per
1064 471 1161 519 specie
1169 485 1200 506 m
1215 484 1269 506 aur
1285 473 1458 520 imaginem
1468 502 1478 516 ‚

96 520 160 556 sive
176 520 296 570 reipsa,
309 527 343 558 &
363 522 553 569 possidendo
571 521 738 555 adhaerear.
763 520 859 557 Nisus
877 518 956 555 vero
981 520 1036 554 ille
1048 548 1057 563 ‚
1083 532 1137 554 aut
1156 522 1317 569 exigentia
1335 520 1356 555 a
1375 521 1477 570 reipsa

96 582 170 618 quae
186 572 298 605 nititur
308 599 322 613 ,.
344 575 378 606 δι
390 572 573 619 conjunfikio
586 570 606 605 a
620 569 717 604 rebus
729 571 912 617 conjunffls
926 569 1104 604 formaliter
1122 580 1248 604 tantum
1258 568 1365 603 differt
1387 583 1394 604 ε
1418 582 1480 605 nee

97 617 266 654 concursus
277 620 317 653 ad
328 618 427 666 ipsam
443 620 751 655 determinationem
763 620 942 653 voluntatis
957 619 1131 665 requiritur
1146 631 1154 652 :
1174 631 1246 652 cum
1265 620 1351 665 prior
1368 617 1404 653 sit
1423 621 1480 654 tle-

96 669 284 702 terminatio
305 668 405 715 quam
418 667 583 703 concursus
601 685 610 711 ;
631 668 781 705 voluntas
801 666 882 703 verb
897 667 1080 703 concursum
1101 666 1261 714 postulat,
1279 677 1317 700 ut-
1332 667 1366 701 id
1389 667 1480 703 obti-

96 727 173 752 neat
186 716 226 750 ad
237 719 326 764 quod
341 716 369 751 se
380 716 409 752 se
427 718 667 752 determinavit.

133 780 168 811 4.
185 764 266 799 Illud
286 764 466 800 meminisse
486 777 617 813 oportet
633 794 644 809 ‚
662 778 768 812 neque
787 765 1113 808 determinationem,
1130 777 1236 812 neque
1252 766 1413 801 amonem
1428 766 1474 801 ul-

97 812 163 848 lam
179 826 235 861 per
252 812 282 848 se
301 813 390 850 fieri:
413 826 487 849 cum
504 827 570 851 non
587 813 624 848 fit
645 817 761 849 entitas
775 827 860 849 nova
872 844 882 858 ,
905 813 956 849 sed
970 816 1053 848 ratio
1072 826 1134 860 qua
1153 815 1272 861 aliquid
1289 815 1335 851 fit.
1364 818 1480 863 Iraque

122 860 224 896 taecise
235 874 271 897 ut
286 864 372 898 aetio
390 863 434 897 est
446 891 455 906 ‚
482 865 548 898 Dei
563 863 751 898 concursum
763 876 831 898 non
852 865 954 912 exigit
968 892 977 905 ,
996 860 1053 897 nisi
1066 862 1152 898 forte
1169 875 1323 909 quatenus
1345 863 1480 899 effectus

97 875 159 947 gne
174 912 304 946 afflone
313 909 374 946 effe
384 925 450 947 non
460 912 572 960 potest.
592 915 628 947 In
639 911 758 947 effectu
772 924 870 959 porro
887 924 940 946 aut
957 911 1095 946 formam
1113 911 1209 946 solam
1225 912 1365 961 spectare
1383 912 1480 961 polsn-

98 971 168 994 mus
184 987 195 1003 ,
215 970 270 993 aut
284 971 470 994 concretum
482 959 592 1008 ipsum.
613 961 728 995 Forma
746 959 925 1003 abstrasta,
949 971 989 995 ut
999 959 1179 994 ambulatio
1191 965 1320 1010 proprie
1339 976 1406 997 non
1425 962 1482 1006 fit,

98 1007 153 1044 sed
163 1008 266 1043 homo
280 1007 463 1047 ambulans.
480 1010 532 1043 Sic
552 1007 609 1043 ubi
623 1020 793 1058 argentum
815 1011 973 1044 inauratur
985 1037 996 1052 ,
1026 1019 1081 1042 aut
1095 1011 1198 1056 paries
1220 1009 1410 1054 dealbatur,
1438 1014 1480 1046 in.

97 1059 223 1092 auratio
241 1068 295 1090 aut
311 1056 495 1101 dealbatio,
513 1057 730 1104 utloquuntur
742 1086 752 1100 ,
766 1060 894 1105 proprie
912 1071 979 1092 non
1000 1055 1153 1092 efficitur:
1171 1056 1219 1093 sed
1239 1071 1349 1094 aurum
1367 1073 1482 1108 argen-

98 1116 151 1150 to,
183 1105 254 1140 calx
272 1107 386 1152 parieti
405 1107 565 1140 inducitur
581 1134 590 1148 ‚
608 1111 642 1143 &
654 1118 691 1140 ex
702 1117 838 1153 utroque
857 1106 894 1141 fit
905 1117 1092 1140 concretum
1108 1108 1273 1153 quoddam
1290 1111 1481 1145 inauratum.

97 1156 178 1192 Non
189 1152 326 1190 diffimili
344 1156 467 1190 ratione
490 1168 557 1190 non
577 1154 614 1189 fit
638 1166 747 1191 motus
760 1182 770 1197 ,
790 1165 846 1188 aut
864 1153 1044 1189 ambulatio
1056 1185 1066 1199 ,
1083 1152 1134 1188 sed
1150 1167 1204 1189 ens
1226 1155 1309 1199 tale,
1328 1168 1364 1191 ut
1380 1157 1481 1193 homo

96 1202 326 1247 deambulans,
343 1203 443 1238 homo
458 1214 613 1251 appetens
627 1217 636 1238 ε
648 1216 723 1239 nam
736 1204 850 1237 eadem
861 1204 903 1237 est
922 1205 1005 1237 ratio
1021 1214 1170 1238 motuum
1185 1206 1239 1251 qui
1261 1205 1411 1240 dicuntur
1429 1209 1480 1241 in-

100 1251 296 1287 tentionales
306 1281 315 1294 ‚
327 1257 361 1288 δε
370 1265 482 1287 eorum
495 1252 632 1299 quisunt
645 1252 818 1287 naturales,
841 1253 890 1286 Ae
909 1251 1015 1286 nescio
1027 1265 1069 1287 an
1081 1252 1244 1298 aliquidin
1256 1252 1419 1288 abstrad‘to
1430 1255 1481 1290 ef.

100 1299 242 1336 ficiatur:
261 1300 313 1335 sed
331 1299 368 1335 fit
377 1312 583 1345 concretum,
599 1313 671 1335 cum
688 1313 737 1335 res
748 1313 821 1347 qua:
839 1302 914 1336 ante
922 1312 1012 1335 erant
1026 1306 1059 1338 &
1076 1301 1248 1344 distinerae,
1267 1303 1332 1337 una
1348 1308 1481 1350 conjun-

99 1362 218 1399 guntur
230 1361 288 1386 :iut
302 1362 375 1384 cum
394 1362 508 1396 corpus
529 1352 563 1384 in
581 1348 708 1383 diversis
727 1348 806 1382 locis
818 1349 994 1396 applicatur
1010 1377 1019 1391 ,
1049 1349 1086 1383 fit
1104 1350 1204 1383 homo
1219 1350 1387 1385 ambulans
1404 1364 1482 1395 3aut

99 1399 214 1433 volens
229 1427 239 1441 ‚
254 1397 310 1432 ubi
325 1401 415 1434 Deus
436 1410 510 1432 cum
538 1396 709 1433 voluntate
725 1399 906 1440 concurrit,
924 1409 997 1444 qua:
1018 1398 1119 1447 exigit
1137 1409 1209 1433 cum
1223 1397 1277 1433 suo
1296 1397 1385 1435 bono
1403 1414 1481 1437 con..

99 1449 315 1495 junffionemt

135 1499 213 1532 Haec
227 1494 333 1530 nescio
346 1508 387 1531 an
399 1507 474 1530 vera
492 1494 568 1536 sint,
597 1494 676 1530 mibi
693 1507 799 1530 tamen
820 1497 970 1531 videntur
994 1495 1055 1531 effe
1075 1495 1252 1544 ejusmodi,
1274 1508 1308 1531 ut
1331 1499 1368 1531 iis
1396 1496 1481 1532 bene

99 1545 273 1580 intelleffis
283 1557 397 1579 omnes
411 1556 494 1592 pene
507 1543 710 1579 difficultates
721 1573 729 1587 ,
748 1557 819 1592 qua:
833 1547 914 1579 circa
930 1547 1110 1579 motionem
1124 1546 1268 1579 divinam
1287 1548 1421 1580 excitari
1433 1545 1482 1580 so-

100 1594 194 1637 lent,
210 1593 380 1628 elidantur.
393 1596 445 1628 Sic
460 1595 546 1628 enim
565 1592 696 1642 planum
712 1593 768 1628 fiet
778 1597 885 1629 Deum
895 1596 928 1628 in
942 1593 1065 1629 :retibus
1083 1596 1140 1641 qui
1154 1607 1220 1628 non
1244 1593 1313 1628 sunt
1322 1594 1410 1642 supra
1423 1608 1482 1629 na-

101 1655 179 1677 turae
193 1644 280 1677 vires
292 1671 302 1685 ‚
326 1642 529 1677 voluntatem
539 1656 603 1677 non
614 1654 819 1677 antevertere
834 1658 842 1677 ‚¹
865 1647 930 1688 ejus
945 1643 1249 1677 determinationem
1263 1642 1349 1689 sequi
1360 1645 1481 1691 potius.

101 1691 202 1739 quam
216 1692 325 1739 praeire
340 1704 348 1726 :
365 1692 448 1725 adeo
461 1702 495 1725 ut
507 1702 619 1726 verum
639 1689 675 1725 fit
692 1694 801 1726 Deum
822 1703 1012 1726 concurrere
1028 1703 1100 1725 cum
1115 1702 1268 1726 creatura.
1286 1694 1373 1726 Deus
1388 1694 1482 1740 quip-

100 1753 142 1788 pe
155 1751 340 1775 concurrere
358 1739 499 1774 censetur
509 1752 580 1774 cum
595 1739 799 1787 homine‚qui
810 1740 848 1773 ad
861 1738 1118 1782 currendum,seu
1132 1740 1171 1773 ad
1193 1741 1352 1788 agendum
1362 1745 1427 1787 jam
1436 1742 1482 1774 est

102 1790 344 1824 determinatus.
367 1789 453 1823 Cum
478 1790 564 1823 enim
577 1788 726 1823 voluntas
740 1788 775 1823 sit
798 1788 929 1823 miluum
945 1787 1070 1823 suorum
1087 1789 1217 1822 domina
1230 1817 1239 1831 ,
1264 1802 1331 1823 non
1354 1790 1401 1823 est
1422 1789 1482 1823 alia

101 1836 191 1872 causa
207 1849 276 1884 quae
286 1849 358 1871 eam
373 1838 569 1872 determinet
585 1851 592 1872 :
609 1836 776 1885 praesertim
794 1836 869 1871 cum
887 1842 953 1883 ejus
964 1849 1075 1872 natura
1091 1839 1123 1872 in
1138 1848 1179 1870 eo
1197 1836 1293 1884 posita
1305 1837 1339 1871 iit
1353 1867 1361 1880 ,
1385 1849 1421 1871 ut
1436 1837 1482 1871 se-

101 1886 200 1935 ipsam
209 1887 404 1921 determinet
416 1915 425 1928 ‚
442 1898 478 1920 ut
492 1886 609 1935 eligat3
623 1897 718 1932 atque
731 1888 766 1920 in
782 1885 844 1920 hoc
856 1885 877 1920 a
889 1885 979 1920 causa
1001 1883 1170 1921 neceffaria
1188 1888 1323 1921 omnino
1340 1885 1482 1934 sejunga-

104 1946 154 1970 mr
166 1964 176 1978 ,
201 1935 287 1982 quod
300 1933 335 1969 sit
345 1933 388 1968 sui
399 1936 602 1981 juris,neque
614 1934 732 1969 &causa
742 1932 920 1969 extrinseca
933 1935 1175 1970 determinetur.
1185 1935 1284 1970 Unde
1297 1935 1397 1969 homo
1406 1947 1483 1970 con<

104 1983 192 2018 cursu
206 1995 281 2031 eget
301 1982 362 2018 suae
378 1995 495 2017 naturae
508 1983 755 2017 accommodato
772 2012 782 2026 ,
801 1984 858 2029 qui
874 1980 910 2017 stt
927 1982 1113 2018 indifferens
1126 2011 1136 2026 ,
1156 1988 1189 2020 δι
1213 1996 1311 2031 quem
1329 1983 1480 2018 voluntas

105 2030 170 2079 ipsa
183 2032 244 2066 huc
258 2032 331 2066 illuc
348 2031 494 2067 inflectat
507 2061 516 2075 ‚
541 2045 608 2068 non
619 2033 689 2067 vice
705 2031 794 2067 versa
809 2045 817 2066 :
838 2034 985 2079 quamvis
1005 2035 1037 2067 in
1054 2035 1129 2068 Deo
1146 2031 1232 2067 nulla
1258 2031 1294 2067 sit
1316 2031 1480 2068 neceffitas

104 2082 325 2117 concurrendi.

144 2132 197 2163 Sic
213 2133 300 2164 Deus
320 2130 359 2163 ad
371 2132 457 2165 aestus
471 2127 572 2163 malos
592 2131 691 2164 etiarn
705 2129 911 2164 materialiter
921 2129 1062 2177 sumptos
1076 2130 1282 2165 voluntatem
1295 2142 1361 2164 non
1373 2129 1482 2164 detet-

107 2178 211 2212 minat
225 2207 234 2219 ‚
256 2183 288 2214 &
309 2190 422 2213 movet
445 2192 453 2213 :
473 2190 545 2212 cum
561 2179 785 2213 determinatio
811 2179 874 2225 ipsa
894 2178 930 2213 fit
949 2179 968 2213 ἒι
988 2179 1052 2214 sola
1070 2178 1247 2213 voluntate.
1272 2177 1396 2212 Verum
1414 2178 1484 2213 haec

108 2227 218 2260 onmia
229 2238 300 2260 cum
312 2239 442 2275 magnas
453 2227 640 2272 quaestiones
656 2225 762 2262 secent
776 2255 785 2269 ,
806 2240 872 2262 non
895 2230 955 2261 erit
968 2226 1109 2262 alienum
1124 2227 1219 2275 paulo
1245 2225 1423 2262 distinffiriq
1443 2240 1482 2261 ea

109 2274 293 2322 expendere
306 2303 314 2316 ,
335 2276 456 2321 quidve
469 2277 535 2311 Dei
546 2273 727 2310 motionisit
747 2273 956 2310 tribuendum
972 2303 982 2317 ‚
1004 2277 1105 2310 exutis
1124 2273 1274 2310 omnibus
1292 2276 1485 2322 praejudiciis

109 2322 304 2359 enucleatim
316 2335 508 2370 proponere.
533 2326 643 2371 Atque
659 2336 695 2360 ut
715 2323 756 2360 ab
774 2327 809 2360 iis
826 2337 900 2372 quae
922 2326 1059 2360 certiora
1084 2323 1153 2360 sunt
1169 2353 1179 2368 ,
1205 2325 1388 2368 ordiamur,
1411 2323 1451 2360 fit

274 2373 366 2406 Tom.
377 2373 404 2405 L
1222 2374 1252 2409 C
1263 2386 1279 2407 c
1298 2385 1315 2407 c
1327 2386 1345 2407 c
