1857 2745
0 673 9 808 ξ

605 133 956 172 MORALms
1398 152 1459 185 4m

22 212 23 215 ,
71 189 200 223 tinctur.
215 185 337 234 Neque
349 183 434 227 id,ut
448 182 577 232 puto,i'n
587 182 836 221 controversiam
851 185 964 221 venire
979 181 1169 232 potesttcum
1178 180 1261 219 nihil
1274 181 1310 218 sit
1321 190 1460 232 apertius

72 238 105 271 iii
114 236 291 282 Scriptutis.
301 234 389 269 Hinc
404 232 469 268 duo
480 234 586 280 prima
598 245 767 282 praecepta,
778 245 815 269 ut
833 232 975 269 advertit
988 233 1038 266 vir
1053 229 1175 272 doffiff,
1189 230 1307 279 quibus
1319 243 1390 269 tota
1406 235 1458 274 lex

19 316 20 319 ,
61 294 188 321 maturat
208 284 318 319 innixa
329 282 390 325 est,
411 281 465 316 suo
478 284 568 318 Deus
577 294 634 317 ore
650 283 690 317 ad
704 282 859 331 populum
875 280 1055 318 universum
1072 279 1291 329 promulgavit
1304 310 1314 325 ‚
1330 282 1457 332 reliqua

93 345 127 367 er
137 331 266 368 Mosem
278 331 318 366 ad
327 331 480 380 populum
492 331 657 367 transmisit
674 346 681 368 ε
700 331 779 382 Qo
798 335 951 369 innueret
972 330 1037 365 duo
1057 328 1113 365 illa
1136 330 1285 377 capitalia
1299 333 1454 371 mandata

64 345 107 417 iic
118 380 159 418 ab
179 379 245 430 ipso
254 383 330 419 Deo
340 379 505 417 mentibus
523 380 585 416 effe
598 381 749 431 inscripta
762 411 772 426 ‚
795 393 832 418 ut
849 381 1053 432 praeceptoris
1069 390 1134 428 ope
1154 382 1208 414 vix
1223 379 1418 429 indigerent.

462 465 1023 518 'DisPUTArioit

552 579 607 612 De
628 577 787 625 affbllibus
812 579 920 615 animi.

154 675 234 711 Uod
252 673 457 719 Graecim'sm,
481 675 602 711 Cicero
618 677 899 725 perturbationes,
928 672 1154 723 Qntilianus
1184 673 1318 711 affeaus
1345 681 1453 713 nonii-

82 773 88 778 ι
156 736 230 780 nat,
248 723 402 773 passiones
417 723 517 773 vulgo
529 728 731 763 vocitamus:
750 729 791 763 de
805 725 924 774 quibus
938 736 1012 793 cum
1029 722 1197 760 universim
1211 753 1221 769 ,
1247 736 1316 760 tum
1338 723 1452 774 sigilla-

64 781 122 807 tim
140 772 333 810 differemus,
466 821 562 873 (λυ
581 826 620 857 AE
650 824 670 858 S
695 826 726 860 T
748 825 808 860 IO
852 801 880 859 -P
897 822 932 857 R
951 825 965 857 Ι
988 823 1027 858 M
1050 824 1092 860 A.

572 924 624 956 De
640 933 758 957 natura
778 920 948 967 affisluum.

158 1019 286 1055 Ffeetus
295 1021 383 1053 varie
394 1019 521 1055 definiri
536 1020 658 1062 solent,
672 1020 812 1053 utvariae
822 1030 935 1053 eorum
955 1015 1070 1059 cause,
1100 1029 1155 1053 aut
1174 1019 1288 1056 diversi
1302 1019 1449 1069 speiran-

157 1080 206 1103 tur
219 1067 365 1106 effecius.
383 1069 417 1102 Id
432 1080 541 1103 tamen
563 1069 745 1105 advertenti
761 1069 822 1101 erit
843 1065 1067 1108 manifestum,
1092 1079 1115 1102 i.
1135 1067 1290 1105 affeetum
1316 1083 1448 1106 omnem

10 1128 13 1170 j
57 1128 128 1151 non
149 1115 293 1151 solumin
304 1117 445 1164 quadam
457 1119 559 1152 animi
570 1118 792 1153 commotione
803 1113 862 1150 effe
875 1112 1027 1162 positum,
1051 1113 1104 1148 sed
1125 1118 1225 1151 etiam
1243 1130 1315 1153 cum
1333 1118 1445 1166 aliquo

58 1177 153 1200 motu
164 1167 307 1214 corporis
321 1164 381 1200 effe
390 1167 604 1214 conjunehm.
623 1170 659 1202 In
670 1166 733 1201 hoc
746 1166 868 1213 quippe
884 1161 1018 1198 affeekus
1034 1191 1043 1205 ,
1061 1174 1116 1198 aut
1136 1164 1234 1213 pasfio
1255 1166 1296 1201 ab
1317 1168 1447 1202 afflone

9 1233 11 1260 3
58 1213 236 1249 voluntatis
249 1215 422 1258 dividitur,
444 1215 531 1262 quod
549 1215 617 1250 haec
626 1215 660 1251 sit
674 1215 755 1250 lenis
767 1242 778 1257 ,
799 1207 925 1262 placida
939 1217 973 1248 &
986 1212 1169 1260 tranquilla,
1185 1214 1241 1249 ille
1252 1218 1447 1252 concitatior

9 1267 11 1284 ·'
58 1267 94 1299 δέ
110 1263 267 1298 turbidior
284 1277 292 1299 ε
306 1264 390 1299 unde
404 1268 437 1300 &
451 1263 700 1312 perturbationis
714 1275 837 1299 nomen
861 1263 987 1310 accepit
1000 1289 1010 1303 ‚
1029 1265 1064 1297 &
1082 1261 1102 1296 ὲ
1126 1264 1247 1298 Sto‘i'cis
1269 1264 1422 1300 definitur
1434 1294 1445 1309 ‚

59 1313 174 1358 aversa
190 1310 210 1346 ὲ
230 1314 350 1348 ratione
361 1323 468 1348 contra
476 1324 626 1349 naturam
638 1316 740 1349 animi
754 1312 915 1354 commotio
933 1325 942 1344 .·
957 1321 1014 1345 aut
1023 1308 1154 1347 brevius
1174 1311 1194 1348 a
1213 1313 1376 1349 Cicerone
1387 1325 1447 1364 ap-

54 1362 173 1409 petitus
196 1361 424 1398 vehementior.

93 1409 204 1458 Qare
217 1421 254 1444 ut
269 1409 451 1445 intellectus
461 1422 554 1458 purus
571 1412 595 1444 is
613 1410 729 1444 dicitur
740 1438 750 1454 ‚
769 1411 826 1456 qui
839 1420 895 1457 per
907 1407 937 1443 se
950 1437 960 1451 ‚
976 1420 1033 1444 aut
1051 1421 1089 1444 ex
1112 1410 1235 1448 lumine
1246 1411 1383 1449 naturali
1395 1425 1443 1447 res

56 1457 429 1506 potissimumitmateria
442 1459 575 1494 secretas
601 1458 840 1505 contemplatur
858 1470 865 1491 :
888 1455 1010 1492 sensum
1026 1469 1134 1493 autem
1164 1461 1217 1496 vel
1238 1463 1442 1543 imaffinatio-

8 1521 10 1552 3
56 1518 135 1541 nem
147 1509 327 1542 vocitamus
341 1535 350 1550 ,
364 1520 435 1542 cum
448 1520 489 1543 ex
499 1509 641 1556 corporis
656 1506 819 1542 occasione
833 1505 954 1553 aliquid
974 1508 1166 1589 perilipimus
1184 1523 1191 1544 :
1213 1508 1253 1544 fic
1264 1523 1307 1544 vo
1323 1512 1443 1545 untatis

7 1563 9 1576 ³
55 1557 189 1589 nomine
206 1555 413 1604 intelligimus
426 1558 495 1592 vim
513 1559 760 1604 incorpoream,
786 1567 858 1602 quae
878 1567 916 1589 ex
931 1556 1032 1602 impre
1062 1566 1137 1590 ione
1157 1557 1270 1593 summi
1292 1557 1373 1592 boni
1395 1558 1437 1593 ab

56 1603 200 1638 Authore
214 1615 334 1639 naturae
349 1605 452 1640 indita
463 1634 472 1649 ,
497 1611 530 1642 ὃ(
542 1617 579 1641 ex
591 1605 740 1640 libertate
755 1606 900 1653 ingenita
914 1604 1060 1639 actiones
1076 1603 1144 1638 illas
1160 1609 1262 1642 exerit
1272 1636 1281 1651 ‚
1301 1619 1379 1654 quas
1391 1607 1442 1642 su-

52 1651 162 1699 petius
175 1652 389 1701 exposuimus.
401 1656 462 1689 Sed
474 1666 630 1702 quatenus
646 1656 755 1688 anima
765 1653 803 1689 sic
812 1653 933 1701 pendet
944 1651 966 1687 a
978 1665 1113 1702 corpore
1127 1683 1138 1697 ,
1162 1667 1197 1690 ut
1215 1655 1374 1704 sanguinis
1386 1667 1441 1691 aut

54 1699 220 1749 spirituum
229 1705 440 1751 agitationem
458 1703 605 1751 sequatur
618 1733 627 1747 ‚
647 1714 715 1737 rum
726 1704 889 1752 appetitus
902 1702 1039 1736 sentiens
1054 1706 1241 1739 nominatur
1261 1722 1270 1748 3
1291 1703 1439 1752 illiusque

53 1761 160 1784 motus
173 1779 183 1793 ,
203 1753 345 1797 quicum
359 1751 518 1801 sanguinis
533 1758 566 1789 &
578 1752 742 1801 spirituum
761 1754 983 1787 commotione
1005 1749 1075 1786 sunt
1100 1754 1261 1800 conjunffi
1277 1781 1287 1796 ,
1311 1765 1439 1801 pertur-

55 1796 204 1832 bationes
216 1802 314 1834 animi
330 1829 338 1841 ‚
357 1812 411 1835 aut
434 1801 569 1836 affe&us
583 1800 788 1849 appellamus.

94 1861 123 1882 2.
142 1847 275 1882 Definiri
290 1847 425 1884 asscitus
435 1848 561 1898 possunt
580 1878 590 1892 ‚
609 1853 824 1884 commotiones
840 1851 939 1884 animi
964 1849 986 1882 ἃ
1006 1851 1174 1899 sanguinis
1197 1861 1254 1884 aut
1262 1851 1438 1898 spirituum

53 1897 227 1943 agitatione
237 1899 379 1931 excitata
392 1912 401 1931 :
415 1898 467 1933 vel
477 1910 511 1932 ut
520 1898 591 1933 aliis
602 1897 706 1945 placet
719 1926 729 1940 ,
746 1908 847 1933 motus
865 1899 1025 1946 appetitus
1051 1911 1091 1932 ex
1104 1897 1262 1946 affeflione
1283 1925 1294 1937 ,
1303 1901 1360 1944 fin
1378 1901 1441 1934 im-

49 1943 350 1991 preffioncftnfibili
364 1957 463 1983 ortus.
481 1949 570 1983 Nam
581 1948 685 1981 omnis
695 1945 798 1981 sensus
809 1958 882 1981 curn
894 1949 1042 1994 appetitu
1059 1947 1202 1994 quodam
1216 1951 1250 1983 δε
1267 1948 1301 1981 vi
1323 1949 1438 1982 morri-

52 2002 91 2025 ce
99 1995 285 2041 conjun&us
300 1995 425 2030 videtur
440 2010 447 2032 :
470 2008 540 2043 quae
553 1998 640 2030 enirn
651 1993 770 2030 sensum
780 1994 960 2038 deliniunt,
979 2007 1105 2043 gratam
1120 2012 1129 2039 5
1147 2007 1218 2043 quae
1238 1994 1410 2032 offendunt
1425 2026 1436 2041 ‚

50 2039 220 2077 molestam
229 2047 489 2079 commotionem
499 2043 654 2080 efficiunt.
677 2046 766 2080 Hinc
775 2043 925 2092 voluptas
944 2049 977 2081 δι
990 2043 1085 2079 dolor
1107 2042 1195 2092 quasi
1212 2043 1375 2080 naturales
1387 2045 1438 2081 af-

52 2087 156 2124 fectus
167 2101 239 2126 toto
263 2103 397 2141 corpore
416 2093 648 2130 diffiinduntur.
672 2096 762 2129 Tum
782 2091 862 2128 vero
881 2092 1048 2140 voluptate
1065 2093 1205 2141 quadarn
1222 2105 1295 2141 pars
1319 2092 1436 2130 affecta

50 2138 253 2185 perfunditur
266 2168 276 2183 ,
297 2152 369 2176 cum
382 2142 477 2179 facile
495 2148 527 2180 δε
547 2143 690 2191 perfecte
711 2153 860 2191 operatur
876 2156 884 2178 ε
909 2141 961 2178 hic
975 2144 1062 2181 enim
1080 2142 1125 2177 est
1145 2145 1251 2177 omnis
1271 2143 1436 2190 appetitus

54 2184 128 2220 finis
146 2201 155 2223 t
173 2186 231 2223 ubi
248 2188 300 2224 illa
311 2193 457 2239 operatio
471 2193 662 2240 impeditur,
685 2203 755 2227 tum
765 2190 895 2226 affectio
906 2190 1037 2226 molesta
1052 2191 1113 2235 est,
1138 2196 1172 2227 &
1186 2190 1310 2225 doloris>
1323 2194 1434 2228 nomi-

52 2246 95 2269 ne
108 2234 296 2285 plerumque
314 2240 463 2276 donatur.
485 2243 537 2276 Sic
553 2242 659 2276 omnis
679 2242 898 2277 continuitatis
921 2241 1115 2288 interruptio
1134 2238 1281 2274 dolorem
1293 2268 1303 2282 ‚
1333 2251 1368 2275 ut
1384 2252 1434 2275 re-

55 2282 180 2318 stitutio
194 2286 227 2319 in
240 2288 420 2335 integrum,
442 2289 647 2338 voluptatem
659 2301 768 2325 creat:
788 2302 864 2324 nam
878 2289 947 2324 haec
957 2289 1105 2323 dolorem
1132 2286 1339 2335 consequitur
1365 2303 1373 2325 ε
1392 2288 1431 2324 sic

0 2347 1 2370 i
53 2331 199 2366 transitus
217 2331 237 2368 ὲ
252 2332 330 2370 fmio
348 2336 506 2385 asperiore
524 2341 557 2373 iri
571 2338 732 2374 leniorem
735 2338 892 2387 jucundus
904 2337 946 2372 est
961 2366 971 2380 ,
988 2337 1077 2384 quod
1095 2335 1265 2371 sensorium
1279 2365 1289 2380 ,
1305 2336 1357 2372 seu
1376 2351 1430 2372 ot·-

0 2389 1 2405 ³
53 2391 173 2428 ganum
184 2382 365 2419 demulceat
375 2387 594 2429 &molestiam
604 2387 739 2424 auferat.
753 2386 838 2423 Cum
848 2397 958 2422 autem
969 2386 1072 2435 gustus
1090 2390 1123 2422 &
1138 2395 1239 2420 tactus
1253 2383 1288 2421 fit
1303 2385 1430 2424 neceni..

1104 2433 1262 2482 Dffliij
