1857 2745
637 153 668 188 L·
689 155 737 189 O·
755 155 785 188 G
817 154 887 189 1⁴C
910 153 964 190 AE.'
1455 165 1475 193 6

102 199 224 238 doffiff.
236 201 391 238 definitur
408 230 417 245 ‚
443 202 532 237 reeta
551 205 637 237 ratio
651 204 815 251 cogitandi
835 204 874 250 ad
884 205 1060 238 veritatem
1075 203 1318 240 inveniendam.
1349 205 1384 239 Id
1402 172 1491 241 enini

103 252 224 287 reorum
241 252 375 294 dicitur,
408 251 495 298 quod
512 254 608 287 certis
624 252 741 301 regulis
760 253 803 287 est
820 252 1092 288 consentaneum:
1113 263 1149 287 ut
1170 264 1305 300 pravum
1317 254 1380 298 est,
1398 256 1488 303 quod

98 298 144 334 ab
159 302 197 334 iis
209 302 324 350 reguiis
337 300 480 335 alienum
493 301 546 336 est.

133 350 244 396 ,Atque
268 350 345 385 hinc
383 348 522 384 solennis
548 361 620 384 orta
643 349 684 384 cst
716 352 842 398 Logicae
871 350 983 386 divisio
1010 354 1043 386 in
1071 352 1243 386 docentem
1268 357 1302 388 Ec
1328 362 1488 388 utentem.

135 397 194 432 ll=la
204 411 363 448 prcecepta
378 403 412 435 &
423 398 547 446 regulas
562 399 662 433 tradit
674 428 683 442 ,
711 400 830 446 quibus
844 402 878 435 in
895 400 1210 449 reetepercipiendo
1220 430 1229 443 ‚
1246 402 1438 447 judicand0‚
1456 407 1491 439 &

98 448 535 496 ratiocinandodirigimur:
562 448 626 482 hoec
648 448 771 497 regulas
787 449 857 483 illas
884 449 1033 484 ad-usum
1055 449 1207 497 applicat.
1237 451 1336 485 Unde
1351 453 1489 486 Veteres

98 496 190 531 illam
204 496 224 532 ἐι
241 496 334 532 rebus
358 495 571 541 abstraeram,
596 497 648 532 vel
669 497 823 533 secretam
853 515 861 542 ς
885 498 1068 534 hanc-vero
1094 509 1278 532 concretam
1291 528 1299 541 ,
1322 499 1374 532 seu
1395 499 1488 534 rebus

97 544 169 594 ipsis
183 574 192 588 ,
219 545 259 581 de
272 545 390 594 quibus
400 548 631 581 ratiocinamur
646 577 655 591 ‚
676 547 857 582 immersam
870 545 991 585 dixere.
1013 546 1103 583 Cum
1120 548 1244 581 ratione
1262 546 1307 581 sui
1319 546 1489 595 spectatur,

96 605 135 629 ut
153 595 195 629 est
208 607 257 630 ars
271 594 357 631 bene
368 594 562 640 differendi,
584 596 637 631 vel
652 608 687 631 ut
701 597 824 631 Tullius
844 595 981 640 definit,
997 609 1045 632 ars
1060 598 1130 631 veri
1144 600 1177 632 &
1198 594 1265 630 falfi
1281 595 1486 644 disceptatrix

97 648 132 680 &
146 643 239 692 judex
252 673 261 687 ‚
281 645 401 679 docens
419 647 627 681 nominatur:
642 646 704 680 Sed
718 659 792 681 cum
809 646 851 680 ad
870 644 948 679 alias
975 644 1156 694 disciplinas
1183 644 1342 689 refertur,
1365 658 1436 693 quae
1450 647 1489 681 il-

95 691 156 726 lius
170 706 232 741 ope
242 694 391 742 indigent
402 723 411 737 ,
431 704 525 728 utens
537 694 725 744 appellatur.

134 743 234 776 Nunc
251 744 398 788 quaeritur
415 754 455 776 an
473 745 595 790 Logica
607 744 729 779 docens
747 748 782 778 ὃ(
794 753 885 778 utens
898 754 983 778 unu&
1003 749 1036 779 δέ
1053 743 1139 776 idem
1155 741 1190 778 sit
1204 743 1330 779 habitus
1348 763 1357 790 3
1383 759 1423 781 an
1448 747 1490 781 ad

97 788 237 825 diversos
249 789 380 825 habitus
393 795 426 827 &
437 789 540 839 specie
553 791 721 827 distinctos
740 802 876 839 utraque
888 795 1051 841 pertineat
1071 806 1079 827 :
1094 794 1183 838 quod
1200 806 1235 828 ut
1246 794 1414 830 dirimatur
1428 825 1438 840 ‚
1453 795 1490 832 fit

232 844 240 847 ⁴
548 853 559 862 ·
606 843 721 876 Prima
742 841 902 886 conclusus.

132 889 234 937 Qod
250 887 270 923 fi
284 889 406 937 Logica
419 886 586 936 usurpetur
604 902 664 938 pro
674 889 745 924 aliis
761 888 958 938 disciplinis,
981 902 1051 937 quce
1065 892 1192 939 Logicae
1207 897 1376 941 pra-ceptis
1395 905 1488 930 utun-

95 949 145 974 tur
157 967 166 981 ,
185 938 390 974 manifestum
401 937 443 971 est
455 938 609 985 Logicam
630 939 804 973 docentem
818 944 852 975 δ(
867 950 1016 974 utentem
1033 939 1175 974 diversos
1193 942 1255 976 effe
1278 942 1417 978 habitae.

130 986 291 1021 Probatur
299 985 461 1030 conclufio.
479 987 600 1034 Logica
616 999 709 1022 utens
723 986 762 1021 fic
775 999 908 1035 accepta
921 987 1148 1035 complectitur
1161 1003 1274 1025 omnes
1293 992 1486 1040 dilciplinas,

95 1047 166 1083 quae
178 1047 278 1083 penes
291 1033 416 1069 diversa
429 1033 564 1081 objecta
575 1063 585 1078 ‚
602 1034 655 1070 seu
667 1038 837 1070 materiam
855 1038 1027 1082 unicuique
1047 1035 1224 1083 subjectam
1241 1041 1326 1073 inter
1344 1039 1374 1073 se
1390 1040 1486 1075 diffe-

85 1094 169 1118 ¹runt
184 1097 194 1119 t
214 1086 300 1131 Ergo
311 1085 433 1132 Logica
447 1093 599 1119 utenseo
609 1084 710 1119 modo
729 1095 863 1132 accepta
877 1097 943 1119 non
968 1084 1012 1119 est
1027 1095 1106 1118 unus
1117 1087 1251 1121 &idem
1266 1086 1396 1124 habitus
1412 1101 1485 1124 cum

94 1133 216 1182 Logica
240 1133 400 1167 docente..
944 1178 952 1181 ,

624 1181 771 1217 Secunda
793 1182 952 1227 conclnfio.

129 1230 216 1266 Cum
229 1232 349 1280 Logica
365 1242 458 1267 utens
469 1232 624 1280 accipitur
633 1243 693 1279 pro
712 1243 749 1266 ea
764 1231 917 1267 facultate
930 1261 938 1274 ,
963 1243 1031 1279 quae
1047 1232 1194 1269 docentis
1206 1234 1330 1279 tegulas
1345 1236 1383 1269 ad
1398 1235 1486 1272 usum

93 1280 254 1330 applicat,
271 1292 338 1315 tum
350 1281 535 1329 specienon
557 1279 698 1316 differta
712 1281 851 1316 docente
867 1310 876 1324 ‚
902 1279 954 1315 sed
980 1294 1060 1315 unus
1087 1284 1132 1319 est
1152 1288 1185 1319 &
1200 1274 1285 1317 idem
1309 1284 1448 1321 habitus.

129 1328 290 1366 Probatur
307 1330 471 1375 combusto.
492 1328 563 1365 Ubi
576 1343 642 1364 non
655 1328 724 1364 sunt
739 1329 868 1365 diversa:
878 1328 1084 1367 difficultates
1096 1362 1106 1376 ‚
1135 1331 1178 1366 ibi
1203 1333 1283 1367 nihil
1307 1332 1429 1368 ncceffe
1442 1336 1485 1370 est

93 1378 232 1415 diversos
247 1378 351 1427 specie
370 1378 499 1414 habitus
510 1378 709 1414 comminisci
728 1394 734 1414 :
758 1378 809 1413 sed
824 1382 855 1413 in
867 1380 1014 1415 doctrina
1031 1385 1064 1416 &
1083 1382 1137 1416 usu
1151 1393 1382 1429 praeceptorum
1395 1412 1403 1425 ,
1415 1396 1485 1424 quae

90 1431 125 1465 in
141 1430 263 1477 Logica
279 1429 546 1472 traduntur·,non
561 1427 630 1463 sunt
643 1427 772 1463 diversae
790 1426 1005 1464 difficultates.
1029 1431 1111 1466 Non
1130 1433 1216 1465 enim
1228 1429 1373 1477 liquaeiit
1389 1427 1485 1467 iu‘usu

91 1475 265 1512 difficultas
279 1506 288 1520 ,
305 1489 343 1511 ea
353 1476 483 1512 aliunde
500 1479 601 1512 oritur
613 1477 714 1523 quam
731 1489 770 1512 ex
789 1480 924 1512 materia
945 1491 1007 1525 quq
1019 1478 1202 1527 ⁴aliquando
1217 1479 1336 1514 obsistit
1360 1495 1367 1515 :
1396 1493 1430 1515 ut
1451 1484 1484 1516 in

92 1538 127 1560 ar
171 1524 329 1568 fabrili,&
339 1528 373 1559 in
382 1525 452 1559 aliis
463 1525 666 1560 Me‘chanicis
683 1528 923 1572 cernimus,un
939 1526 1065 1561 habent
1079 1527 1148 1575 sepe
1163 1530 1332 1561 materiam
1347 1531 1484 1564 tractatu

92 1575 128 1608 di
164 1573 262 1608 cilem
284 1587 292 1608 ε
309 1572 363 1607 vel
373 1584 462 1607 certe
473 1585 512 1609 ex
537 1585 579 1607 eo
596 1575 699 1606 oritur
717 1572 888 1607 difficultas
901 1602 911 1616 ,
935 1574 1021 1619 quod
1036 1577 1184 1609 executio
1197 1576 1237 1608 ad
1260 1575 1356 1610 aliam
1381 1577 1483 1611 facul-

93 1633 197 1658 tatem
211 1624 373 1670 pertineat
387 1650 396 1664 ‚
418 1623 501 1657 utin
514 1619 657 1665 Mufica,
680 1622 712 1655 in
722 1632 789 1655 arte
805 1622 981 1669 pingendi,
998 1622 1145 1665 dicendi,
1157 1622 1270 1660 &aliis
1278 1626 1405 1662 accidit,
1418 1627 1482 1661 Sed

90 1674 228 1707 materia
241 1672 361 1705 utentis
376 1672 502 1718 Logicae
517 1669 588 1704 sunt
598 1671 715 1704 mentis
727 1672 933 1718 operationes
947 1699 956 1712 ,
984 1683 1063 1717 quas
1077 1683 1112 1707 ut
1125 1670 1257 1706 libitum
1274 1673 1318 1706 est
1330 1703 1340 1717 ,
1365 1677 1483 1710 :taeta-

92 1733 162 1756 mus
182 1735 190 1756 ε
208 1720 324 1753 eadem
335 1731 470 1766 quoque
486 1719 528 1753 est
539 1717 674 1753 facultas
687 1748 697 1762 ‚
718 1731 836 1767 nempe
851 1718 1034 1754 intelleetus
1049 1749 1059 1763 ‚
1083 1723 1140 1768 qui
1158 1720 1281 1769 regulas
1297 1722 1479 1770 praescribit,

68 1805 76 1808 ,
91 1775 128 1807 &
143 1772 180 1804 iis
198 1770 312 1803 utitur.
331 1770 415 1816 Ergo
425 1770 545 1817 Logice
557 1770 677 1803 utentis
690 1773 722 1805 &
733 1770 880 1803 docentis
894 1769 1013 1803 eaedem
1027 1767 1098 1804 sunt
1111 1767 1316 1805 difficultates
1331 1771 1481 1820 superam

91 1820 132 1865 ἃς
147 1848 156 1861 ,
170 1829 278 1866 neque
293 1815 415 1853 neceffe
425 1817 468 1851 est
477 1828 646 1865 utramque
656 1819 690 1852 in
701 1817 780 1852 duos
795 1816 926 1852 habitus
942 1818 1108 1854 distinctos
1119 1817 1233 1853 secare.

128 1866 281 1913 Confirm.
296 1868 330 1901 Si
348 1879 412 1913 quq
422 1864 457 1901 fit
470 1865 641 1901 difficultas
656 1868 688 1901 in
703 1866 756 1902 usu
768 1879 1013 1915 preceptorum,
1030 1880 1069 1903 ea
1093 1866 1148 1902 vel
1170 1868 1273 1902 oritur
1289 1879 1328 1901 ex
1347 1867 1481 1904 defee‘tu'
1502 1896 1505 1897 γ

89 1916 252 1953 facultatis
269 1928 333 1963 quq
341 1927 492 1964 precepta
504 1915 522 1952 ὲ
535 1916 674 1951 docente
684 1917 802 1965 Logica
814 1916 991 1964 praescripta
1008 1915 1150 1964 applicat
1161 1945 1171 1959 ,
1185 1921 1221 1952 δε
1234 1918 1479 1963 exequitur‚vel

91 1967 326 2015 ex·ignorantia
344 1964 435 2013 ipsius
450 1967 600 2000 materiae.
621 1967 764 2000 Primum
783 1966 845 1998 dici
860 1978 926 2000 non
944 1966 1066 2013 potest:
1082 1965 1125 1999 est
1140 1966 1226 2000 enini
1244 1965 1358 2000 eadem
1377 1965 1485 2001 facul-⁷

94 2026 142 2050 tas
153 2026 222 2062 quae
237 2014 348 2062 dirigit
366 2016 602 2061 &exequitur‚
629 2027 767 2062 quaeque
791 2026 848 2062 per
869 2016 1023 2063 Logicam
1045 2015 1219 2049 docentem
1243 2019 1306 2063 jam
1331 2013 1415 2049 bene
1435 2017 1478 2050 est

93 2061 250 2112 dispofita.
274 2063 374 2114 Qod
396 2060 417 2097 fi
429 2075 465 2097 ex
480 2065 662 2112 ignorantia
681 2066 824 2098 materiae
844 2066 945 2099 oritur
962 2061 1152 2106 difficultas,
1176 2076 1232 2111 per
1247 2062 1323 2097 alias
1338 2063 1478 2112 discipli-

92 2125 149 2148 nas
165 2125 202 2147 ea
215 2115 351 2147 omnino
363 2111 488 2146 tollitur
500 2126 508 2147 :
521 2111 561 2146 fic
579 2115 771 2148 Geometria
784 2125 897 2148 omnes
917 2112 1005 2147 tollit
1020 2111 1225 2148 difficultates
1240 2124 1311 2159 quae
1331 2112 1371 2146 ad
1397 2112 1484 2161 figu-‘

91 2174 142 2196 ras
156 2190 166 2204 ‚
187 2172 242 2196 aut
264 2159 477 2196 dimenfiones
499 2173 670 2211 corporum
691 2165 857 2210 pertinent
879 2192 888 2207 ‚
936 2174 1044 2210 neque
1078 2161 1111 2196 id
1143 2174 1252 2196 munus
1278 2161 1325 2195 'est
1349 2163 1483 2211 Logicae’

93 2213 227 2247 utentis.

578 2260 763 2294 Solvuntur
778 2258 976 2304 objeeliones.

131 2307 265 2355 Oppm.
287 2311 326 2344 In
338 2312 429 2345 omni
442 2320 511 2345 arte
529 2309 617 2344 aliud
639 2309 686 2342 est
703 2310 793 2343 redte
811 2311 1005 2357 praecipere‚
1026 2308 1114 2343 aliud
1134 2310 1271 2356 exequi:
1291 2307 1343 2343 sed
1356 2309 1476 2360 Logiza

93 2355 212 2390 docens
229 2360 371 2404 praecipit
392 2371 519 2394 tanturn
533 2364 568 2395 &
584 2359 694 2407 dirigit
711 2387 721 2402 ,
746 2368 838 2394 utens
857 2360 1026 2407 exequitur
1044 2372 1052 2394 z
1072 2370 1150 2407 ergo
1163 2359 1285 2407 Logica
1299 2357 1418 2394 docens
1440 2363 1485 2395 &v

92 2415 184 2440 nte-ns
203 2403 270 2439 sunt
283 2405 414 2442 habitus
433 2408 581 2445 distincti.
600 2433 603 2435 -

209 2455 305 2488 Teme
326 2455 352 2490 I.
1300 2457 1314 2491 1
1330 2457 1333 2458 ⁷
