1857 2745
363 128 419 163 288
818 118 1284 155 PHILOSOPHIA
1507 148 1510 150 .

351 177 407 222 fiai
421 188 429 207 ,-
443 184 512 207 tum
528 183 569 208 ex
589 172 624 205 iis
639 167 750 203 verbis
763 180 834 217 quae
843 168 970 216 subjicit
981 168 1068 203 sacer
1085 179 1191 203 textus
1202 197 1212 213 ,
1229 175 1367 217 apponet
1377 164 1438 201 tibi
1448 169 1554 215 ignem
1570 165 1609 204 ὠ·
1622 178 1755 215 aquam3
1811 171 1831 210 ’,ι

363 223 409 257 ad
423 220 629 267 quodcunque
647 218 937 256 volueris‚extende
949 228 1078 252 manum
1091 229 1192 254 tuam.
1219 219 1259 252 In
1285 216 1440 265 consped'lu
1461 216 1593 252 hominis
1617 220 1691 251 vita
1718 218 1758 254 ὠ·

363 282 466 306 mors,·
483 268 692 315 quodcunque
700 266 879 315 placuerit,
898 265 1033 303 dabitur
1042 269 1082 303 ei.
1092 269 1180 303 Tum
1188 279 1231 303 ex
1241 278 1349 314 cap.7.
1372 265 1463 314 epist.
1485 267 1525 301 ad
1537 265 1687 302 Corinth.
1703 265 1760 305 ubi
1809 289 1811 296 v

363 322 410 354 ait
419 317 592 367 Apostolus
606 345 617 361 ,
635 318 693 365 qni
705 328 811 351 autem
820 317 937 363 statuit
949 319 984 352 in
1001 317 1092 352 corde
1098 318 1156 361 sico
1166 330 1227 352 non
1245 314 1361 350 habens
1381 314 1589 359 neceffitatem
1600 343 1609 355 ,
1623 315 1762 363 potesta·
1809 334 1811 358 q

363 379 428 403 tem
438 379 543 402 antem
557 366 675 402 habens
686 368 747 412 fita
758 367 938 402 voluntatis
949 395 959 410 ‚
980 371 1042 404 &c.
1063 365 1135 404 Ubi
1150 365 1319 402 manifeste
1336 367 1428 400 omni
1450 364 1637 401 neceffitate
1654 364 1764 402 exclu-
1810 384 1812 389 ·

365 417 417 462 sa,
433 416 652 454 indifferentia
672 415 766 452 liberi
794 415 920 452 arbitrii
939 417 1151 453 constituitur.
1812 448 1813 451 ,

398 466 550 513 Confirm-
565 469 694 504 iterum.
710 468 791 503 Non
805 465 886 502 alibi
899 469 1002 515 magis
1013 466 1117 501 elucet
1128 468 1177 501 vis
1196 471 1229 503 δε
1248 475 1360 501 natura
1377 463 1471 498 liberi
1496 463 1646 509 arbitrii,
1664 463 1765 513 quam
1811 479 1815 499 ι

365 516 424 553 ubi
437 517 563 565 aliquid
583 518 765 567 praecipitur
777 544 787 559 ‚
812 527 868 551 aut
884 515 1049 560 suadetur,
1067 528 1121 552 aut
1137 517 1171 551 in
1186 514 1461 551 consultationem
1472 517 1564 549 venit
1580 528 1588 550 z
1603 526 1638 549 ut
1656 517 1692 550 in
1705 513 1757 550 iis·
1780 544 1786 548 .
1812 527 1814 533 ¹

365 568 444 602 dem
463 565 539 601 locis
552 567 649 602 docet
659 569 688 602 S.
708 566 899 614 Augustinus
912 595 922 610 ,
938 568 1080 601 maxime
1094 567 1127 600 in
1136 567 1240 614 capite
1253 578 1295 610 3¹·
1308 564 1348 598 de
1362 562 1434 611 spir.
1455 568 1488 600 δε
1505 562 1587 599 liter.
1596 563 1656 598 ubi
1665 562 1765 600 liber-

364 627 468 659 tatem
480 617 513 652 in
524 616 686 664 potestate
701 616 886 659 constituit,
901 628 973 651 cum
984 615 1137 651 voluntas
1154 626 1210 649 aut
1226 614 1312 650 velle
1328 612 1432 661 potest
1446 641 1456 655 ,
1475 624 1529 648 aut
1539 611 1690 657 efficere;
1716 615 1767 650 id-

364 679 429 715 que
447 678 486 701 ex
497 668 666 701 communi
679 666 846 702 hominum
855 664 943 700 sensu
958 664 1098 714 probat,
1112 666 1168 712 qui
1185 676 1259 699 cum
1277 662 1402 710 aliquid
1420 661 1551 697 suadent
1567 692 1577 707 ‚
1597 663 1703 710 filent
1718 663 1770 699 di-
1815 662 1818 703 ἶ

366 729 434 757 cere
449 731 457 750 ;
480 715 568 762 quod
580 713 676 750 habes
692 718 725 750 in
737 714 909 764 potestate,
925 728 1027 763 quare
1043 728 1104 749 non
1114 714 1169 748 hoc
1174 714 1261 759 fhcis
1274 741 1282 751 ,
1309 723 1344 746 ut
1364 711 1420 745 hoc
1435 712 1517 746 malo
1537 725 1646 747 careas
1667 714 1682 745 ?
1702 712 1768 748 Sed
1816 740 1819 746 .

367 764 474 807 nullus
495 764 537 800 est
556 763 643 802 locus
659 776 714 801 aut
726 776 889 814 praecepto
907 794 916 809 ‚
939 775 996 799 aut
1010 762 1141 799 consilio
1153 791 1163 806 ‚
1178 762 1233 797 ubi
1245 761 1334 797 nulla
1349 761 1395 794 est
1406 760 1624 797 indifferentia
1643 778 1653 805 3
1669 773 1770 798 nemo

368 813 531 850 deliberat
543 826 584 849 an
594 814 675 850 velit
689 814 750 850 effe
765 814 880 849 beatus
895 831 905 858 ·‚
921 826 981 850 nec
993 815 1175 862 praecipitur
1187 809 1323 847 diabolo
1336 821 1373 846 ut
1389 808 1478 846 bene
1498 810 1597 846 faciat
1612 825 1620 847 :
1639 822 1719 860 ergo
1731 809 1790 850 lim

369 864 478 901 bertas
492 863 631 912 intelligi
643 877 709 899 non
725 865 830 912 potest
844 866 924 899 citra
939 861 1203 899 indifferentiam.
1782 878 1787 882 ·
1818 869 1822 884 ¹

398 929 425 961 3.
437 911 529 950 Proh.
539 914 636 950 concl.
651 912 798 949 Libertas
814 943 824 957 ,
835 925 870 948 ut
886 912 964 960 saepe
977 913 1118 946 diximus
1133 939 1143 954 ,
1160 913 1194 945 in
1205 910 1345 957 quadam
1354 908 1513 958 potestate
1528 907 1666 944 consistit
1685 923 1694 945 ε
1717 907 1771 945 sed

369 976 407 1000 ea
424 962 564 1012 potestas
585 975 651 999 non
676 966 710 999 in
733 975 773 997 eo
789 973 913 998 tantum
934 961 990 997 fita
1017 961 1061 995 est
1078 988 1088 1003 ,
1124 971 1161 995 ut
1177 958 1331 1008 poffimus
1346 970 1443 1008 agere
1460 971 1471 993 z
1491 960 1543 993 Sic
1562 959 1650 994 enim
1663 960 1772 994 omnis

368 1011 459 1048 causa
469 1010 618 1048 effectrix
627 1011 819 1048 effetlibera
832 1040 842 1055 ‚
859 1011 936 1048 curn
946 1024 983 1046 ea
992 1008 1088 1058 posfit
1098 1021 1214 1058 agere:
1230 1021 1308 1056 ergo
1325 1008 1468 1057 potestas
1480 1007 1536 1043 illa
1556 1019 1630 1056 quae
1651 1007 1693 1042 ad
1717 1019 1774 1043 na·
1822 1021 1824 1027 >

371 1074 477 1097 turam
488 1060 648 1096 libertatis
669 1064 810 1110 pertinet
822 1089 831 1104 ,
851 1063 884 1095 in
896 1073 936 1095 eo
945 1058 1048 1109 posita
1064 1059 1127 1101 est,
1148 1069 1184 1092 ut
1201 1056 1296 1105 poffit
1311 1069 1408 1105 agere
1421 1062 1457 1094 ὃ(
1474 1068 1540 1092 non
1557 1068 1665 1105 agere.
1685 1057 1774 1107 Qae
1790 1051 1807 1099 ς’,
1854 1068 1857 1089 2

372 1110 445 1146 sane
455 1115 557 1156 major
567 1110 614 1143 est
625 1110 744 1156 ,quam
759 1109 778 1143 fi
789 1110 831 1143 ad
843 1108 1034 1143 alterutrum
1046 1105 1196 1142 voluntas
1207 1104 1284 1140 effe:
1294 1105 1519 1142 determinata.
1543 1107 1633 1141 Hinc
1647 1107 1679 1143 S,
1688 1107 1774 1155 Aug.
1792 1103 1806 1148 *⁴7
1824 1119 1826 1121 ·
1856 1107 1857 1110 ’

373 1160 393 1195 l.
406 1174 449 1196 22-
461 1169 574 1193 contra
583 1158 738 1202 Faustum,
753 1158 849 1191 docet
860 1185 870 1199 ‚
887 1169 973 1191 motu
983 1157 1085 1191 animi
1097 1153 1195 1189 libero
1207 1155 1411 1189 voluntatem
1421 1157 1491 1197 uti,
1507 1167 1577 1189 cum
1597 1154 1774 1197 inevitabi-
1791 1151 1797 1173 ³

373 1211 399 1243 li
412 1206 590 1251 neceffitate
599 1220 658 1242 non
696 1208 840 1243 remim-r.
859 1207 907 1241 Ac
925 1204 1060 1240 subinde
1074 1215 1174 1253 negat
1186 1206 1219 1239 in
1233 1206 1310 1240 Deo
1325 1201 1388 1238 esse
1401 1204 1557 1252 peccandi
1569 1208 1604 1241 δε
1616 1216 1684 1240 non
1696 1216 1774 1254 pec-

374 1257 470 1293 candi
479 1255 618 1292 liberum
633 1218 804 1291 arbitrium
817 1284 826 1299 ,
842 1257 919 1302 quia
929 1266 1063 1304 peccare
1074 1266 1140 1289 non
1152 1253 1279 1301 potest:
1295 1251 1351 1288 ubi
1362 1252 1535 1288 manifeste
1551 1252 1772 1290 necessitatem
1803 1260 1806 1267 ’

376 1306 523 1343 libertati
532 1308 672 1355 opponit
681 1334 691 1351 ,
707 1318 773 1342 non
783 1306 960 1341 coaetionis
972 1302 1101 1340 tantum
1117 1332 1127 1347 ‚
1151 1302 1204 1338 sed
1222 1314 1297 1338 eam
1305 1314 1368 1350 qua
1382 1314 1432 1337 res
1444 1301 1538 1337 aliter
1549 1301 1610 1338 effe
1626 1316 1694 1339 non
1712 1317 1774 1353 po·
1826 1324 1830 1352 g

379 1357 450 1392 test.

413 1407 567 1454 Confirm.
584 1409 674 1443 Nam
687 1402 708 1438 si
722 1402 875 1438 voluntas
891 1404 975 1437 circa
987 1401 1156 1451 objectum
1175 1401 1307 1448 aliquod
1325 1398 1383 1434 fibi
1396 1398 1596 1448 propositum
1611 1401 1657 1435 ita
1670 1399 1708 1435 fit
1726 1401 1776 1437 af-

376 1457 465 1493 fe&a
475 1487 485 1501 ,
498 1468 534 1491 ut
549 1455 628 1490 illud
641 1466 708 1488 non
717 1464 826 1486 amare
837 1464 903 1486 non
918 1450 1014 1499 possit
1023 1479 1033 1494 ‚
1046 1451 1192 1485 detracta
1209 1452 1302 1483 omni
1313 1448 1530 1484 indifferentia
1540 1478 1550 1492 ‚
1566 1462 1632 1484 non
1644 1448 1749 1484 libere
1763 1477 1776 1493 ‚

376 1506 430 1542 sed
439 1502 612 1540 neceffari‘o
623 1506 656 1538 in
664 1501 744 1536 illud
755 1500 878 1535 feretur
886 1500 1129 1547 objectumUti
1139 1510 1188 1533 res
1200 1510 1238 1533 ex
1250 1499 1342 1533 omni
1355 1508 1447 1546 parte
1458 1497 1590 1533 v-ifibilis
1600 1503 1634 1535 &
1647 1497 1774 1534 colora-

381 1568 413 1591 ta
427 1584 436 1598 ‚
461 1554 504 1589 ab
517 1553 618 1589 oculis
629 1582 638 1596 ‚
648 1551 669 1588 si
678 1552 782 1599 aperti
794 1548 876 1594 sunt,
886 1547 1061 1584 necessario
1071 1547 1277 1596 conspicitur:
1289 1560 1356 1582 non
1365 1549 1446 1582 item
1457 1545 1479 1582 fi
1489 1560 1538 1582 res
1551 1546 1618 1596 ipsa
1629 1559 1668 1583 ex
1682 1559 1775 1597 parte
1800 1568 1803 1574 κ

380 1605 536 1639 duntaxat
549 1601 679 1637 visibilis
689 1599 868 1648 subjiciatur
884 1598 997 1635 oculis.
1019 1600 1100 1635 Non
1114 1596 1255 1633 diffimili
1270 1599 1447 1640 ratione,ut
1461 1597 1558 1632 docet
1573 1597 1776 1640 S-Thomas,

379 1667 453 1689 curn
465 1653 587 1700 aliquid
600 1651 759 1686 voluntati
775 1650 967 1697 proponitur
977 1648 1193 1696 undequaque
1209 1646 1381 1690 bonum,in
1395 1646 1428 1680 id
1441 1646 1591 1682 voluntas
1605 1643 1781 1683 necessarie>
1815 1654 1825 1675 «¹

381 1705 491 1739 nititur
504 1714 630 1749 ‚neque
641 1697 823 1749 oppositum
834 1697 920 1733 velle
935 1697 1042 1747 potest
1058 1713 1067 1740 ς
1086 1699 1171 1732 circa
1189 1695 1245 1730 illa
1256 1694 1384 1731 tantum
1396 1693 1484 1730 bona
1500 1695 1546 1730 est
1559 1695 1659 1731 libera
1673 1702 1708 1733 &
1726 1699 1778 1732 in·
1803 1711 1822 1734 r

382 1751 535 1788 differens
545 1781 554 1795 ,
573 1754 609 1786 in
627 1749 745 1798 quibus
759 1761 825 1783 non
836 1748 1028 1783 omnimoda
1037 1745 1119 1781 boni
1135 1774 1144 1790 ,
1164 1757 1219 1780 aut
1231 1744 1416 1793 expetibilis
1427 1746 1512 1779 ratio
1530 1744 1677 1780 elucescit
1693 1759 1702 1780 :
1717 1757 1779 1781 nec

383 1802 484 1837 ullum
495 1801 563 1836 fere
574 1800 594 1836 ὲ.
611 1799 707 1835 nobis
723 1796 922 1846 cognoscitur
933 1795 1060 1831 bonum
1071 1824 1081 1839 ‚
1092 1797 1124 1830 in
1136 1807 1202 1842 quo
1216 1807 1323 1829 utrum
1337 1793 1510 1829 amandum
1523 1794 1557 1828 id
1574 1792 1610 1829 fit
1626 1794 1646 1831 ὲ
1657 1793 1753 1830 nobis
1765 1822 1776 1838 ,
1810 1812 1814 1822 »

382 1864 504 1895 necne,
518 1863 584 1885 non
600 1848 636 1884 fit
647 1849 763 1896 aliquis
778 1845 950 1881 dubitandi
962 1845 1062 1881 locus.
1082 1845 1175 1891 Qin
1192 1846 1291 1878 etiam
1308 1856 1382 1878 cum
1399 1845 1486 1878 Deus
1499 1843 1623 1877 summe
1641 1842 1678 1877 fit
1688 1855 1780 1877 ama-
1808 1854 1813 1869 ³

384 1901 458 1935 bilis
471 1929 479 1941 ‚
495 1911 603 1935 tamen
617 1897 799 1935 &sensuum
813 1894 1034 1944 impressiones
1044 1923 1053 1937 ,
1067 1899 1100 1931 &
1111 1891 1389 1941 perturbationum
1410 1891 1500 1924 aestus
1515 1920 1523 1933 ‚
1541 1890 1678 1926 confusa:
1701 1895 1778 1939 qui-

384 1952 461 1985 dem
473 1978 481 1992 ,
496 1949 548 1983 sed
567 1947 678 1982 validae
693 1945 737 1981 ob
754 1946 963 1992 depravatam
977 1954 1099 1978 naturae
1115 1938 1363 1988 propensionem
1387 1936 1482 1973 nobis
1502 1943 1642 1974 rationes
1663 1941 1779 1976 viden·

385 2013 436 2035 tur
447 2028 456 2042 ‚
477 2010 547 2046 quae
563 1996 604 2030 ab
617 2010 658 2030 eo
675 1995 762 2043 quod
776 1995 872 2028 unice
881 1991 1006 2026 bonum
1016 1991 1062 2025 est
1075 2019 1085 2034 ,
1105 2002 1163 2024 nos
1178 1987 1343 2023 retrahant
1361 2001 1369 2024 ε
1390 1998 1531 2036 cumque
1548 1991 1659 2025 Deum
1670 1989 1780 2039 diligi-

385 2061 455 2085 mus
465 2078 475 2093 ,
493 2059 551 2083 nos
562 2046 666 2083 nostra
678 2045 728 2079 uti
740 2041 893 2077 libertate
909 2039 1077 2076 manifeste
1096 2039 1288 2087 experimur.

422 2095 572 2142 Confirm.
585 2097 710 2129 iterum-
733 2093 833 2127 Aetas
847 2089 1025 2126 voluntatis
1034 2089 1185 2137 judicium
1205 2086 1348 2122 liberum
1365 2084 1565 2134 subsequitur
1576 2117 1585 2132 ‚
1600 2099 1637 2124 ur
1649 2099 1688 2122 eo
1700 2101 1776 2123 mo-

387 2150 429 2183 do
439 2146 553 2182 tendat
568 2147 602 2179 in
615 2142 782 2190 objectum
792 2169 801 2183 ,
823 2153 890 2187 quo
900 2138 957 2174 sibi
967 2139 987 2175 ὲ
1002 2138 1155 2174 facultate
1172 2134 1386 2186 cognoscente
1399 2140 1589 2184 proponitur
1604 2153 1612 2174 :
1630 2137 1673 2172 est
1690 2139 1778 2172 enirn

384 2197 532 2232 voluntas
541 2193 645 2229 ultimi
652 2192 766 2239 judicii
782 2189 919 2237 sequax,
937 2190 1086 2227 &omnis
1102 2186 1260 2222 libertatis
1275 2185 1366 2220 radix
1383 2186 1425 2219 est
1437 2188 1469 2221 in
1480 2187 1658 2222 intellectu.
1671 2187 1775 2233 Atqui

386 2246 541 2293 judicium
559 2256 626 2278 non
647 2243 690 2277 est
710 2239 867 2282 liberum,
881 2237 957 2274 cum
970 2238 1057 2273 nulla
1072 2238 1116 2272 est
1133 2239 1165 2272 in
1181 2234 1314 2283 objecto
1334 2233 1552 2271 indifferentia
1570 2254 1578 2278 3
1602 2249 1669 2270 tum
1690 2237 1778 2269 enim

388 2295 541 2342 judicium
558 2293 694 2327 omnino
706 2290 752 2325 est
764 2290 1014 2323 determinatum
1034 2302 1041 2324 :
1059 2300 1137 2336 ergo
1151 2298 1220 2334 quse
1233 2286 1273 2319 ad
1290 2282 1474 2318 libertatem
1493 2288 1632 2332 exigitur
1651 2282 1780 2320 indiffe-

391 2345 514 2385 rentia,
538 2342 651 2375 eadem
662 2343 695 2376 in
709 2339 843 2385 offecto
853 2337 913 2373 effe
927 2337 1045 2381 debet,
1064 2336 1152 2384 quod
1174 2334 1315 2369 libertati
1331 2335 1374 2367 ita
1394 2334 1551 2369 dominari
1566 2347 1632 2369 non
1653 2332 1776 2374 debet,

391 2404 427 2425 ut
456 2403 528 2426 eam
549 2391 589 2425 ad
608 2390 636 2426 sc
651 2387 823 2427 necessario
848 2390 972 2436 rapiat:
990 2387 1154 2437 ut-evenit
1168 2387 1322 2420 inaniore
1332 2381 1413 2418 boni
1426 2383 1584 2428 universi,
1597 2386 1646 2418 cui
1660 2381 1774 2418 volun-

1727 2439 1773 2462 tas
