1857 2745
292 126 337 168 46
755 121 789 157 D
808 120 834 157 E
882 122 918 158 N
945 120 973 157 A
997 122 1030 158 T
1049 121 1084 160 U
1109 120 1142 158 R
1165 122 1194 159 A·

292 167 393 218 quarn
407 166 547 204 scientia.
561 166 688 204 Verum
700 167 777 204 hinc
791 168 877 205 male
892 170 1108 216 concluditur,
1121 172 1202 208 nihil
1216 170 1277 209 ene
1298 172 1389 220 quod
1411 174 1535 222 percipi
1562 173 1657 224 poffit
1670 204 1680 221 ,

293 217 414 255 nullam
430 215 492 252 else
500 220 663 266 propriam
679 222 713 255 &
730 217 884 268 insignem
899 223 1044 256 veritatis
1062 234 1186 259 notam.
1209 222 1311 271 Qod
1325 221 1346 257 si
1359 224 1447 257 enim
1459 235 1506 258 tes
1518 226 1562 259 ita
1578 223 1609 260 se
1626 225 1682 260 ha-

295 266 373 303 beat
385 295 394 309 ,
413 266 594 313 quomodo,
606 279 642 303 ut
651 267 775 304 dicium
788 269 832 304 est
841 298 851 314 ‚
873 269 1042 319 distingues
1054 272 1214 308 artificem
1227 271 1269 309 ab
1286 273 1439 323 imperito
1448 301 1458 317 ,
1488 273 1621 311 doctum
1636 273 1679 309 ab

298 318 410 364 ignaro
424 343 434 358 ‚
450 314 625 364 sapientem
643 316 663 354 a
680 316 801 355 stulto?
1630 336 1634 339 ’

750 399 1066 449 QUAES‘MO
1127 406 1222 441 111.

721 482 792 530 Qae
814 483 884 530 fint
914 484 1005 530 caufiz
1037 484 1252 536 Philofhphiae.

297 562 451 649 TUm
461 575 530 599 rem
541 563 777 612 cognoscimus,
792 579 866 602 cum
876 570 942 615 ejus
954 565 1057 601 causas
1074 565 1231 603 habemus
1257 566 1450 617 perspectas.
1473 568 1522 603 1².ae
1545 578 1683 614 quatuor

385 612 482 662 vulgo
493 624 711 657 numerantur,
730 613 844 659 finalis,
866 614 1008 651 efficiens
1021 645 1030 659 ‚
1048 616 1222 651 materialis
1235 622 1269 655 &
1279 616 1519 663 formalis‚quas
1536 615 1683 652 Philoso-

296 662 375 710 phia
392 663 425 696 in
436 661 530 697 rebus
549 674 634 710 pene
654 663 806 699 omnibus
821 665 994 710 diligenter
1021 667 1165 713 inquirit.
1196 666 1308 714 Qare
1330 679 1395 702 non
1413 665 1685 701 committendum

297 723 446 759 putamus
464 740 473 754 ,
494 723 529 747 ut
542 709 631 760 ipsius
646 711 861 763 Philosophiae
880 706 984 749 causas
1002 713 1127 750 silentio
1151 718 1442 764 praetermittamus.
1460 716 1603 751 Ptimum
1621 716 1686 750 ita-

297 771 362 808 que
380 760 420 795 de
435 758 524 795 finali
543 761 727 798 dicendum.

346 810 431 844 Cum
443 808 514 845 finis
529 808 566 845 fit
578 809 750 860 multiplex
763 840 772 855 ,
791 810 869 847 alius
880 815 1042 860 operantis
1055 842 1064 855 ,
1082 812 1161 848 alius
1172 814 1275 862 operis
1292 830 1301 857 ·‚
1319 815 1397 848 item
1408 811 1479 847 finis
1498 813 1570 855 cui,
1587 810 1640 846 sen
1653 812 1686 846 in

298 862 388 906 cujus
402 860 611 894 commodum
626 859 751 907 aliquid
765 860 851 894 cedit
862 891 870 904 ‚
896 866 929 898 δε
951 860 1022 897 finis
1035 866 1121 908 cujus
1141 866 1244 910 gratia
1258 891 1268 905 ‚
1296 862 1349 896 seu
1365 873 1497 909 propter
1510 873 1610 908 quem
1626 860 1686 894 ali-

298 908 376 953 quid
392 910 555 954 expetitut
570 925 578 950 ;
603 910 683 942 item
697 910 860 956 proximus
876 915 909 945 ὃ(
921 922 1061 943 remotus
1079 924 1086 944 :
1109 912 1215 957 palam
1233 911 1275 944 est
1300 910 1399 945 finem
1420 911 1583 957 operantis
1599 938 1608 952 ,
1634 907 1688 944 seu

298 954 487 996 Philosophi
500 958 624 989 varium
635 954 695 990 esse
707 955 794 1005 posse
807 962 895 1003 juxta
909 957 1048 992 diversas
1065 958 1148 992 'illius
1163 957 1366 1003 affictiones,
1381 964 1414 996 δέ
1427 956 1528 994 finem
1542 960 1690 1002 cui,eun-

300 1005 376 1038 dem
387 1003 448 1038 effe
460 1003 693 1053 Philosophum
709 1034 719 1049 ,
739 1008 772 1039 in
785 1011 870 1053 cujus
884 1007 1095 1041 commodum
1110 1008 1210 1043 cedit.

337 1054 424 1087 Finis
444 1055 550 1100 operis
561 1055 725 1102 proximus
740 1055 783 1088 est
796 1056 921 1102 optima
932 1067 1056 1090 motuni
1071 1055 1229 1090 institutio
1242 1084 1250 1098 ‚
1270 1062 1303 1092 &
1317 1057 1463 1105 cognitio
1474 1067 1598 1099 eorum,
1613 1066 1686 1102 quae

300 1101 341 1135 ad
351 1101 526 1136 usumvitae
545 1104 719 1150 pertinent.
747 1104 909 1138 Remotus
924 1109 957 1141 δε
970 1103 1102 1139 ultimus
1122 1104 1168 1138 est
1187 1104 1358 1140 beatitudo
1371 1133 1383 1150 ,
1402 1105 1443 1139 ad
1457 1116 1554 1152 quern
1576 1108 1687 1140 omnia

303 1149 508 1195 referuntur,
525 1153 582 1198 qui
593 1153 693 1186 etiam
711 1149 782 1187 finis
796 1152 838 1186 est
849 1156 936 1199 cujus
951 1154 1062 1200 gratia.

339 1198 506 1239 Objicinm
523 1200 644 1247 aliqui,
669 1200 909 1250 Philosophiam
922 1202 1004 1236 adeo
1014 1216 1080 1238 non
1090 1202 1238 1238 conferre
1249 1204 1289 1237 ad
1302 1216 1428 1239 morum
1440 1203 1687 1247 institutionem,

302 1246 622 1292 autbeatitudinem,
642 1249 822 1298 utpersaepe
835 1262 972 1294 noceat,
998 1253 1030 1286 in
1049 1264 1172 1287 errores
1191 1253 1339 1297 inducat,
1361 1259 1395 1290 &
1417 1265 1531 1287 mores·
1544 1264 1688 1286 corrum-

303 1308 378 1345 pat:
392 1308 427 1331 ut
441 1296 544 1344 liquet
553 1309 592 1333 ex
604 1299 758 1346 Apostolo
776 1298 897 1336 Coloff.
913 1315 939 1336 2.
956 1301 1074 1335 Videte
1086 1329 1093 1339 ,
1118 1303 1225 1349 inquit
1236 1330 1244 1340 ,
1273 1314 1311 1335 ne
1326 1306 1398 1348 quis
1413 1314 1470 1336 vos
1480 1301 1614 1348 seducat
1629 1311 1690 1349 per

303 1346 538 1392 Philqsfbphiam
554 1346 592 1381 (J
610 1349 737 1382 inanem
747 1349 935 1393 fallaciam.
961 1352 1046 1397 Ergo
1057 1349 1261 1399 Philosophia
1270 1364 1336 1386 non
1354 1352 1442 1385 cedit
1460 1352 1492 1385 in
1510 1348 1687 1385 utilitatem

304 1394 460 1438 hominis,
479 1408 587 1443 neque
601 1399 726 1444 optima
741 1410 867 1432 morum
881 1396 1038 1434 institutio
1047 1400 1090 1433 est
1107 1399 1176 1435 finis
1191 1400 1279 1449 hujus
1291 1403 1407 1448 operis.

340 1444 430 1491 Resp.
447 1444 527 1481 Dist.
542 1446 619 1481 Ant.
630 1448 719 1494 Saepe
730 1458 830 1481 nocet
840 1447 1048 1497 Philosophia
1059 1461 1117 1496 pet
1131 1449 1450 1491 accidens,c0ncedo;
1463 1459 1521 1495 per
1542 1447 1570 1482 se
1588 1452 1622 1484 &
1638 1460 1689 1483 ra-

305 1495 395 1526 tione
407 1491 452 1526 sui
461 1522 470 1535 ‚
482 1505 576 1541 nego.
589 1496 679 1529 Nam
691 1507 748 1542 pet
760 1494 790 1529 se
801 1495 922 1543 specstat
931 1498 972 1530 ad
981 1500 1153 1531 veritatem
1166 1511 1173 1532 :
1193 1497 1244 1531 sed
1261 1497 1353 1531 multi
1370 1499 1410 1532 ad
1421 1496 1626 1532 stabiliendos
1638 1510 1688 1531 er-

304 1552 391 1575 rores
402 1552 440 1574 ea
449 1540 636 1576 abutuntur.
646 1544 698 1576 Sic
708 1555 755 1576 ars
764 1544 917 1578 medendi
933 1557 989 1592 per
1000 1544 1030 1579 se
1042 1546 1085 1578 est
1101 1545 1187 1579 utilis
1202 1573 1210 1587 ,
1223 1557 1281 1592 per
1291 1546 1437 1581 accidens‘
1445 1547 1545 1579 noxia
1559 1544 1618 1580 esse
1631 1559 1690 1595 po-

305 1589 374 1624 test.
392 1591 464 1626 Nec
475 1594 577 1638 majot
588 1589 632 1625 est
648 1589 817 1626 difficultas
832 1593 873 1626 de
888 1592 979 1627 causa
989 1592 1152 1629 effectrice
1166 1593 1390 1644 Philosophiae.
1409 1596 1459 1629 Sit
1478 1605 1588 1630 tamen

852 1643 964 1676 ‘Unica
989 1643 1161 1687 Conclufio.

342 1687 444 1745 Cauffi
458 1687 602 1723 effectrix
620 1689 835 1739 Pliilosophiae
844 1693 1001 1740 praeci'pua
1013 1694 1104 1727 Deus
1121 1691 1182 1736 est,
1199 1694 1256 1740 qui
1269 1704 1341 1728 eam
1350 1692 1471 1729 infudit
1481 1693 1608 1728 Adamo
1629 1693 1689 1728 sta-

308 1748 368 1771 tim
383 1749 402 1771 a
418 1747 592 1773 creatione.

341 1783 439 1820 Prob-
450 1785 615 1820 conclusio-
630 1788 770 1824 Adamus
789 1801 911 1825 creatus
921 1790 963 1825 est
974 1788 993 1825 ὲ
1005 1792 1081 1825 Deo
1090 1789 1252 1839 perfectus
1262 1819 1272 1833 ,
1288 1803 1353 1825 non
1365 1788 1464 1825 solum
1479 1792 1605 1827 ratione
1618 1804 1688 1828 cor-

305 1837 391 1882 poris
405 1863 413 1875 ,
431 1833 485 1868 sed
500 1834 605 1870 multo
614 1838 714 1883 ungis
725 1841 851 1874 ratione
865 1841 983 1882 animi,
996 1850 1032 1874 ut
1049 1838 1138 1874 fimul
1150 1836 1227 1874 esset
1238 1838 1376 1874 filiorum
1387 1852 1500 1888 parens
1513 1846 1545 1877 &
1558 1842 1685 1877 doctor:

306 1885 409 1931 „Atqui
422 1882 646 1932 Philosophia,
657 1884 708 1920 se'u
718 1891 863 1935 cognitio
879 1901 984 1922 rerum
998 1899 1055 1934 per
1066 1886 1169 1921 causas
1186 1889 1230 1923 est
1251 1901 1368 1937 magna
1391 1891 1491 1924 animi
1507 1889 1686 1937 perfectio:

307 1936 390 1981 Ergo
407 1932 489 1967 hanc
505 1945 563 1979 per
576 1932 767 1969 infusionem
782 1938 907 1982 accepit
921 1935 1060 1969 Adamus
1082 1937 1187 1971 statim
1209 1949 1309 1985 atque
1321 1950 1443 1974 creatus
1458 1939 1513 1975 est.

341 1981 438 2018 Psob.
454 1991 488 2016 20
498 1980 661 2017 Geneseos
672 1981 786 2018 e.2-sic
795 1983 933 2018 habetur
951 1999 959 2020 ς
980 1986 1136 2019 Formatis
1159 1988 1275 2022 cunffls
1297 1986 1514 2022 am'mantibus
1540 1997 1626 2021 terra
1646 1989 1685 2025 εὗ*

305 2034 422 2064 univer
437 2043 462 2064 ts
482 2028 679 2064 volatilibus
707 2033 792 2068 coeli.
817 2032 962 2067 adduxit
972 2045 1008 2066 ea
1024 2034 1177 2068 Domina<
1191 2037 1281 2070 Deus
1297 2037 1342 2070 ad
1358 2037 1472 2070 Adam
1485 2065 1494 2079 ,
1513 2048 1548 2070 ut
1561 2037 1687 2073 videret

306 2080 387 2124 qnid
403 2090 531 2113 vocaret
553 2091 597 2112 ea.
629 2079 731 2128 Atqui
745 2092 780 2116 ut
796 2084 929 2116 nomina
954 2081 1017 2129 ipse
1034 2086 1162 2132 propria
1181 2085 1322 2129 inderet,
1356 2084 1488 2120 scientia
1518 2086 1686 2134 praeditum

307 2140 380 2162 eum
395 2125 614 2163 fuiffeneceffe
629 2129 690 2173 est,
711 2143 807 2177 quam
817 2130 870 2165 vel
883 2129 1050 2179 disciplina
1063 2131 1231 2180 acquisivit
1241 2165 1250 2178 ,
1265 2135 1316 2170 vel
1333 2136 1463 2182 propria
1484 2136 1686 2181 inventione,

307 2177 362 2210 vel
375 2176 475 2211 infusa
486 2179 515 2211 ei
528 2177 592 2212 fuit
602 2191 609 2213 :
621 2191 686 2213 non
696 2179 860 2227 disciplina
875 2208 884 2221 ‚
899 2193 996 2215 nemo
1013 2184 1099 2216 enim
1117 2194 1185 2217 erat
1200 2183 1219 2218 ἐι
1237 2197 1305 2232 quo
1320 2183 1508 2226 doceretur3
1533 2198 1599 2219 non
1611 2198 1687 2234 pro-

310 2227 379 2271 pria
398 2228 588 2261 inventione
599 2256 608 2270 ‚
632 2241 699 2275 quae
710 2229 845 2264 multum
857 2232 1011 2278 temporis
1024 2237 1053 2267 ἃ
1065 2230 1202 2279 plurima
1222 2233 1442 2282 experimenta
1453 2233 1589 2281 postulat
1611 2249 1618 2271 :
1633 2239 1688 2271 Er-

310 2285 353 2319 go
371 2286 426 2319 per
442 2275 632 2311 infulionem
648 2290 719 2313 earn
739 2281 875 2325 accepit.

336 2321 553 2358 Conni-nmiu-
565 2338 607 2360 ex
623 2325 708 2363 sacro
716 2328 995 2364 contextuErssclesi
1003 2329 1082 2364 istici
1093 2342 1172 2375 (κη,
1192 2329 1281 2363 Deus
1297 2332 1426 2364 creavit
1446 2329 1598 2367 hominem
1614 2363 1623 2378 ,
1645 2333 1685 2368 ὠ·

299 2370 473 2414 secundnm
488 2374 657 2422 imaginem
664 2378 758 2424 fitam
765 2378 846 2426 ficit
865 2378 958 2414 illum
975 2393 986 2414 .·
1003 2383 1128 2416 creavit
1141 2393 1181 2417 ex
1200 2379 1260 2428 ipsb
1272 2380 1468 2424 adjutorium
1484 2380 1590 2427 fimile
1602 2381 1666 2430 fibi
1678 2397 1684 2419 τ
