1857 2745
95 158 284 196 maiescum
297 186 307 202 ‚
327 157 466 193 inferior
476 156 513 192 fit
535 154 671 191 acceffio
680 155 851 204 superioris
867 185 878 200 ,
908 159 985 194 &in
1000 157 1081 192 illius
1101 162 1150 207 jus
1169 153 1394 192 transcribitur.
1416 124 1491 194 §139-

98 221 171 245 ποτε.
179 221 248 244 non
257 206 414 243 consumit
424 217 570 242 naturam
582 234 592 249 ,
613 204 665 239 sed
681 205 815 254 persona
824 205 1004 255 personam.
1028 209 1117 243 Nam
1136 211 1182 255 jus
1200 210 1234 243 &
1249 205 1425 241 authoritas
1441 208 1491 241 in-

96 258 227 294 ferioris
235 255 431 292 consumitur
439 254 479 290 ab
490 254 687 292 authoritate
698 267 817 290 naturae
833 255 1076 305 superioriS.Jus
1088 254 1166 290 vero
1183 254 1262 289 illud
1279 267 1345 289 non
1359 255 1400 289 est
1412 256 1490 304 quid¹

101 318 290 342 extraneum
304 317 359 339 aut
368 305 491 339 morale
502 332 511 347 ‚
532 303 584 338 sed
596 306 748 339 intimum
769 303 976 353 &physicum
989 333 998 349 ‚
1029 305 1118 352 quod
1128 306 1230 339 oritur
1247 301 1289 336 ab
1306 305 1420 338 intima
1438 307 1490 346 inf

99 355 223 394 fusione
239 360 272 390 &
286 357 512 402 permeatione
520 364 638 388 naturae
651 352 817 401 superioris
833 356 865 389 in
876 364 1021 389 naturam
1032 353 1221 389 inferiorem
1234 368 1242 395 ς
1254 363 1289 386 ut
1307 350 1374 386 fuse
1386 353 1491 400 expli,-

101 415 154 439 cat
168 406 202 438 P.
215 401 440 439 Thomaffinus
454 401 526 436 loco
539 405 652 437 citato.
664 402 803 438 Persona
814 405 901 438 enim
920 402 966 436 est
978 415 1090 438 natura
1102 400 1167 451 ipsa
1182 430 1191 445 ,
1222 413 1257 436 ut
1274 399 1407 448 seipsam
1435 402 1492 436 ha-

97 452 184 488 {bens
197 480 205 491 ‚
223 451 401 500 regensque
416 479 426 494 ‚
452 462 487 485 ut
510 449 563 485 suo
582 450 694 500 sejure
712 464 809 501 agens
821 481 830 496 ‚
847 464 883 487 ut
904 451 986 487 nulli
1008 451 1101 486 alteri
1123 451 1250 486 addicta
1262 478 1271 492 ,
1295 455 1328 486 δι
1350 449 1487 487 seorsum

97 514 158 550 per
168 499 393 536 seconfistens.
416 500 499 547 Qae
510 503 619 535 omnia
629 499 711 536 nihil
723 503 800 536 novi
815 503 899 537 entis
911 529 921 544 ‚
947 500 1000 536 sed
1009 505 1055 549 J'us
1067 497 1232 550 physicum
1247 504 1279 536 ὃ(
1290 498 1488 546 potestatem

104 553 137 585 in
159 549 189 585 se
214 548 451 585 substantialem
469 553 660 598 important.

647 651 761 683 Tertia
772 647 948 694 Conclusto.

134 745 344 782 Subfistentiae
360 745 492 782 effeetus
517 746 560 780 est
583 749 757 783 terminare
773 775 782 788 ,
804 757 858 780 aut
874 745 1040 795 complere
1052 756 1209 780 naturam.

135 796 227 833 Prob.
241 796 336 833 concl.
353 794 645 844 Qemadmodum
659 797 744 830 enim
758 794 858 843 figura
869 792 967 829 efficit
978 806 1013 830 ut
1033 795 1166 830 vlterius
1183 790 1324 828 extensio
1334 806 1400 829 non
1409 805 1489 841 pro-

93 846 261 892 grediatur
273 846 337 888 ,ita
355 856 411 891 per
428 843 782 879 subsistentiimnatura
794 846 826 878 in
843 842 873 877 se
883 842 956 878 fistit
973 873 982 887 ,
1002 849 1035 881 &
1057 843 1187 877 ulterius
1210 854 1275 877 non
1293 843 1489 881 extenditur,

95 894 215 941 Qare
234 906 302 928 non
317 892 400 926 aliud
411 892 500 926 deest
518 903 635 927 naturae
653 893 795 927 humanae
815 895 848 926 in
861 893 1008 935 Christo,
1026 892 1126 939 quum
1149 890 1238 938 quod
1259 893 1294 926 in
1315 889 1345 925 se
1365 903 1432 926 non
1449 889 1487 924 fi-

97 942 181 977 stat:
198 941 249 976 sed
263 943 456 975 terminetur
473 941 513 974 ad
529 939 686 975 Verbum.
712 942 921 975 Humanitati
934 943 1023 976 enim
1038 941 1156 976 Christi
1171 940 1260 974 deest
1275 939 1403 975 tantum
1413 952 1490 987 pro«

101 991 171 1037 pria
187 991 394 1032 terminatio,
406 1000 461 1023 aut
472 988 750 1037 complementum
766 1018 776 1032 ,
799 1000 834 1023 ut
856 988 1043 1036 loquuntur.
1061 993 1100 1025 Er
1124 1003 1145 1023 o
1161 987 1359 1024 subsistentia
1377 991 1410 1023 in
1432 987 1488 1022 illa

100 1037 299 1086 potiffimum
315 1040 542 1072 terminatione
556 1066 565 1079 ‚
587 1049 639 1071 aut
650 1037 895 1085 complemento
905 1049 1022 1072 naturae
1031 1051 1092 1072 con
1107 1037 1182 1072 1stit.
1205 1039 1292 1072 Hinc
1306 1049 1389 1072 voce
1409 1036 1464 1070 illa
1478 1063 1487 1078 ,

88 1086 275 1132 fizbststwe,
296 1099 363 1121 non
376 1086 461 1120 aliud
473 1085 666 1133 intelligitur
684 1087 786 1133 quam
799 1084 991 1129 consistere,
1015 1097 1071 1120 aut
1087 1085 1221 1120 ulterius
1246 1098 1313 1119 non
1340 1086 1486 1124 tendere,

96 1136 186 1170 -Cum
202 1137 290 1171 enim
302 1146 413 1170 natura
426 1137 564 1183 propriis
577 1133 694 1168 finibus
710 1136 873 1169 co‘e'rcetur
884 1163 892 1177 ‚
917 1145 986 1168 tum
1004 1136 1037 1170 in
1054 1133 1084 1168 se
1104 1132 1237 1168 subsistit
1252 1148 1259 1169 :
1280 1132 1301 1168 si
1318 1133 1431 1168 alienis
1453 1131 1490 1167 fi-

97 1184 195 1220 nibus
210 1186 416 1219 contineatur
427 1212 436 1227 ‚
452 1195 520 1218 tum
529 1182 665 1217 subsistit
677 1195 733 1231 per
745 1182 887 1218 alienam
901 1180 1140 1218 subfistientam.
1165 1184 1219 1217 Sic
1234 1193 1326 1231 gutta
1338 1194 1428 1230 aqua:
1443 1180 1489 1216 se-

99 1245 214 1282 parata
226 1235 258 1268 in
269 1232 297 1268 se
311 1230 466 1276 subsistit,
495 1237 528 1269 &
544 1232 590 1267 est
609 1230 758 1280 suijuris,
775 1243 830 1267 aut
846 1231 1039 1279 suppositum
1054 1231 1242 1280 quoddam:
1261 1231 1324 1266 Sed
1344 1243 1415 1265 cum
1428 1231 1490 1265 alia

99 1294 187 1329 aqua
197 1283 450 1329 conjun&a‚jam
464 1294 530 1316 non
548 1280 693 1316 censetur
715 1280 866 1328 suijuris:
880 1292 940 1315 nec
957 1284 1086 1329 propria
1098 1279 1317 1324 subsistentia,
1341 1278 1392 1314 sed
1412 1278 1489 1314 alie-

98 1343 144 1366 na
156 1333 356 1366 terminatur.
379 1332 432 1364 Sic
442 1333 547 1365 anima
567 1332 599 1363 in
613 1330 749 1364 homine
768 1341 802 1363 ut
818 1331 853 1363 in
869 1340 943 1363 toto
958 1330 1072 1365 existit.
1479 1349 1482 1353 ·

144 1380 234 1424 Confi
248 1381 326 1414 Non
344 1378 469 1413 aliunde
487 1376 762 1412 nobisinnotescit
780 1375 979 1411 subsistentiae
995 1378 1014 1413 ἐι
1026 1390 1138 1413 natura
1152 1377 1206 1412 vel
1223 1375 1395 1412 substantia
1412 1389 1491 1424 qua·

103 1426 266 1476 liscunque
277 1427 443 1462 distinotio
457 1455 467 1470 ‚
484 1438 581 1473 quam
595 1437 631 1459 ex
643 1425 803 1474 mysteriis
823 1428 853 1460 S.
867 1427 1038 1460 Trinitatis
1057 1432 1089 1464 &
1099 1427 1344 1462 IncarnationiS.
1368 1428 1452 1474 Ergo
1468 1425 1489 1460 si

104 1487 143 1510 ea
155 1476 328 1512 commode
348 1475 497 1522 explicari
512 1487 567 1522 per
578 1474 667 1508 illam
686 1476 946 1509 terminationem
958 1473 1075 1523 poffint
1093 1503 1101 1517 ‚
1115 1477 1195 1509 citra
1209 1474 1411 1508 additionem
1429 1474 1490 1508 ali-

104 1529 189 1572 cujus
201 1527 246 1559 rei
265 1537 321 1560 aut
329 1525 434 1565 modi,
450 1525 591 1558 autcitra
604 1523 845 1558 distinctionem
859 1522 1027 1572 positivam
1046 1526 1127 1558 inter
1139 1523 1349 1558 substantiam
1360 1527 1393 1558 ὅ(
1417 1522 1491 1556 sub-

98 1572 295 1616 sistentiam,
306 1572 361 1608 illa
381 1573 544 1608 distinetio
558 1572 598 1606 est
610 1575 746 1606 omnino
758 1572 896 1607 inutilis:
911 1573 942 1606 id
957 1585 1064 1608 autem
1083 1572 1152 1607 fieri
1165 1570 1251 1620 poffe
1270 1584 1309 1605 ex
1326 1571 1420 1607 dietis
1442 1571 1491 1607 fa-

104 1621 168 1657 cile
182 1623 356 1671 colligitur.
374 1623 462 1657 Nam
476 1619 708 1656 infi1116tiffi1na
723 1623 889 1657 Trinitate
901 1632 1013 1656 natura
1031 1622 1144 1656 divina
1158 1633 1225 1655 non
1247 1620 1450 1668 distinguitur
1470 1620 1491 1654 ἐι

101 1670 208 1706 ‘tribus
223 1671 374 1720 personis.
391 1673 425 1705 ln
441 1670 589 1718 mysterio
606 1682 740 1716 quoque
755 1672 986 1705 Incarnationis
1012 1670 1109 1704 facile
1120 1669 1329 1717 intelligimus
1346 1680 1490 1703 naturam

104 1719 282 1755 humanam
305 1733 369 1755 non
387 1731 444 1767 per
459 1721 634 1766 propriam,
649 1717 699 1752 sed
714 1732 770 1766 per
784 1718 887 1753 Verbi
898 1718 1159 1766 personalitatem
1177 1716 1336 1752 subsistere
1350 1730 1357 1751 ε
1369 1729 1442 1751 curn
1453 1729 1492 1751 ea

107 1767 219 1803 nonsit
232 1768 346 1803 ultimo
363 1768 597 1814 completamec
610 1769 803 1815 principium
816 1766 851 1802 sit
866 1767 978 1810 totale,
994 1773 1027 1804 &
1040 1770 1200 1816 integrum
1214 1767 1335 1801 suarum
1351 1766 1492 1807 ειᾶίοηῖι,

97 1822 141 1854 -&
155 1830 229 1853 cum
244 1817 346 1851 altero
362 1817 547 1863 pei‘feffiori
571 1814 606 1854 sit
626 1817 715 1849 unita
726 1845 733 1857 ,
752 1827 805 1849 aut
823 1818 1016 1864 conjunfta:
1034 1828 1068 1851 ut
1079 1828 1190 1864 corpus
1202 1828 1274 1851 cum
1286 1815 1393 1849 anima
1410 1841 1420 1855 ‚
1437 1824 1492 1847 aut

108 1879 198 1913 aquae
208 1879 298 1915 gutta
311 1878 382 1900 cum
396 1878 532 1900 oceano,
557 1866 630 1900 Nec
651 1866 706 1899 SS.
726 1866 835 1898 Patres
856 1876 892 1898 ut
921 1865 1110 1912 mysterium
1131 1865 1364 1899 Incarnationis
1390 1862 1494 1909 expli-

108 1926 205 1960 cent,
220 1909 356 1951 moduni
375 1913 533 1961 aliquem,
551 1913 604 1948 vel
623 1915 798 1949 entitatem
825 1924 943 1948 naturae
972 1913 1122 1949 humanae
1148 1911 1251 1947 deesse
1272 1911 1402 1945 tradunt
1415 1939 1425 1954 ‚
1439 1909 1494 1945 sed

107 1966 235 1999 unionis
262 1975 385 1999 tantum
402 1963 607 2012 hypostaticae
633 1965 854 1997 meminerunt
871 1990 881 2004 ,
902 1974 940 1996 ac
957 1961 1090 1996 subinde
1113 1962 1233 1996 docent
1257 1962 1362 1995 minus
1383 1959 1495 1994 lumen

110 2016 227 2057 majori
248 2013 357 2048 cedere
369 2040 377 2050 ,
391 2024 431 2046 ex
449 2025 508 2058 quo
523 2011 761 2059 totttsfplendor
780 2010 1011 2055 divinitatisse
1032 2009 1149 2054 infudit
1163 2011 1292 2044 lucerna
1311 2008 1495 2042 humanita-

111 2063 180 2096 ts¹s<³
209 2067 242 2097 ’ἂι
271 2059 462 2109 assumptum
484 2060 653 2095 hominem
676 2061 710 2094 in
733 2058 835 2096 Verbi
852 2058 985 2108 persona
1005 2058 1189 2103 subfistere,
1214 2071 1280 2094 non
1302 2059 1334 2092 in
1352 2058 1493 2104 propria.

110 2111 199 2145 Hinc
215 2108 411 2158 ‘Symbolum
428 2109 517 2156 quod
534 2111 564 2145 S.
584 2107 754 2143 Athanasio
767 2108 919 2143 tribuitur
934 2121 942 2143 :
960 2109 1052 2143 Sicut
1067 2111 1174 2142 anima
1188 2136 1195 2146 ,
1207 2109 1313 2154 inquit
1326 2134 1335 2147 ‚
1353 2108 1495 2139 rationa-

113 2159 172 2192 lis.
191 2157 228 2191 (ῥ’
249 2171 320 2192 caro
335 2172 414 2192 nnus
430 2157 468 2201 est
491 2157 577 2191 homo
592 2160 661 2200 31'ta
680 2160 771 2191 Dens
785 2185 794 2199 ,
814 2157 852 2191 (ῥ’
871 2157 956 2191 homo
975 2170 1053 2190 rmus
1076 2156 1115 2197 es}
1134 2156 1274 2200 Christus
1292 2170 1301 2187 :
1321 2152 1372 2188 sed
1406 2152 1493 2187 nulla

114 2208 229 2240 entitas
242 2207 328 2240 deest
344 2208 471 2255 corpori
487 2218 522 2241 ut
538 2209 664 2241 uniatur
682 2218 754 2240 cum
770 2208 880 2240 anima
897 2218 994 2254 :ergo
1010 2217 1071 2241 nec
1084 2205 1172 2239 deest
1191 2202 1491 2240 humanitatiChi-i-

114 2256 149 2289 ssi
164 2266 199 2289 ut
212 2267 284 2289 cum
294 2253 406 2288 Verbo
419 2256 529 2289 divino
539 2259 761 2303 conjungatur.

164 2304 250 2349 Confi
266 2305 394 2336 iterum-
421 2303 576 2349 Explicari
598 2306 650 2338 vix
667 2302 791 2352 poliunt
807 2316 873 2350 quse
891 2304 929 2338 ad
948 2305 1116 2338 entitatem
1134 2299 1221 2336 illam
1238 2298 1406 2334 modalem
1419 2311 1493 2347 per-

114 2353 220 2387 tinent
236 2381 246 2395 ,
264 2350 431 2399 quomodo
443 2350 495 2385 illa
506 2354 537 2387 in
550 2364 669 2400 genere
687 2354 904 2390 accidentium
926 2365 993 2388 non
1011 2349 1174 2387 censeatur
1190 2362 1283 2391 ‚curn
1300 2359 1419 2384 mturce
1438 2349 1495 2384 ad-
