1857 2745
355 108 416 148 246
797 96 1254 135 PH1LOSOPH1A
1515 145 1521 148 ἱ

354 151 405 195 est.
422 149 542 195 Neque
552 146 637 193 infra
650 144 878 182 remanendum
888 144 976 181 nobis
991 146 1041 192 est,
1063 160 1164 195 neque
1176 149 1265 183 ultra
1278 146 1498 195 quaerendums
1516 147 1657 183 alterum
1677 148 1759 184 enim

351 199 578 248 periculoflcm,
600 197 737 230 alterum
755 196 882 230 nullum
898 195 948 241 est.
966 198 1064 231 Hunc
1083 197 1233 234 ordinem
1251 195 1420 246 perturbat
1444 197 1654 245 praeposterus
1669 210 1760 233 amor

354 247 397 283 sui
418 260 426 281 :
450 258 527 281 nam
549 244 685 295 seipsum
708 257 744 281 ut
763 248 874 281 Deum
894 245 1062 282 constituit
1078 274 1089 290 ,
1118 248 1159 283 ad
1175 246 1205 282 se
1233 247 1347 282 omnia
1369 258 1407 282 ut
1424 249 1465 281 ad
1480 244 1580 282 finem
1611 248 1762 284 ultimum

354 295 468 331 refert.

392 343 460 377 Sed
472 346 610 390 inquies.
622 346 655 379 Si
671 347 760 381 Deus
775 346 818 380 est
830 344 900 380 finis
914 345 1044 381 ultimus
1058 358 1164 381 rerum
1174 348 1324 383 omniurn
1343 375 1354 390 ‚
1370 351 1403 383 δε
1416 343 1586 394 praesettim
1599 345 1740 381 hominis
1751 374 1762 390 ‚

358 393 438 445 quid
455 392 549 428 causae
567 394 611 428 est
628 406 681 429 cur
695 394 796 430 homo
814 394 856 429 ab
870 407 910 431 eo
922 395 985 432 fine
1011 395 1046 430 sae
1072 398 1120 431 ius
1134 395 1303 440 deflectat,
1322 408 1360 430 ac
1376 395 1568 444 plerumque
1587 395 1628 429 de
1649 395 1705 430 illo
1719 407 1763 430 ne
1798 387 1808 397 ⁸
1842 427 1844 439 ,

355 446 479 494 cogitet
489 443 646 492 quidem?
666 445 732 480 Cur
748 446 782 480 in
800 443 896 480 rebus
909 447 1025 480 creatis
1061 458 1207 481 ummum
1218 445 1343 481 bonum
1356 445 1523 481 constituit
1542 455 1552 481 Β
1570 445 1637 480 Cur
1651 443 1765 493 exple-

354 497 385 529 ri
401 506 569 541 nunquam
579 495 682 542 potest
698 523 708 537 ,
726 506 801 529 cum
817 493 888 529 finis
907 494 1040 531 ultimus
1054 497 1235 544 appetitum
1248 494 1360 530 satiate
1374 492 1496 529 debeat
1517 499 1552 531 &
1571 492 1676 542 poffit.

399 544 491 590 Resp.
503 545 554 580 Ut
570 545 710 578 matetiae
726 573 735 587 ,
768 543 821 578 seu
845 543 1032 593 corporibus
1048 574 1058 588 ,
1079 543 1118 579 fic
1132 547 1249 580 animis
1273 544 1383 580 nostris
1400 554 1508 578 motus
1520 572 1530 587 ‚
1555 554 1610 576 aut
1624 554 1768 591 propen-

360 592 461 629 siones
481 591 635 640 quasdam
655 594 798 641 imprimi
817 592 837 628 ὲ
861 592 986 630 summo
1001 606 1122 630 naturae
1136 592 1266 643 opifice.
1285 595 1397 640 Atque
1408 604 1445 627 ut
1457 594 1562 627 omnis
1576 603 1684 626 motus
1696 604 1769 626 ma-

359 644 450 677 ten'ae
467 644 500 677 in
509 643 633 677 restam
652 641 774 679 lineam
792 642 898 679 tendit
911 673 921 688 ‚
944 641 1000 679 nifi
1014 643 1144 679 alterius
1162 645 1307 693 corporis
1324 641 1454 677 occursu
1468 640 1535 677 alio
1553 640 1742 676 deficietatm·
1757 653 1768 676 t

362 695 376 737 (
392 702 460 727 turn
475 694 562 728 enim
573 695 606 729 in
622 693 811 729 circularem
828 694 950 730 lineam
966 693 1160 741 degenerat,
1189 704 1227 728 ut
1244 692 1298 728 suo
1319 692 1393 727 loco
1408 692 1551 727 dicemus
1567 705 1574 727 :
1601 693 1613 735 )
1642 689 1681 725 fic
1696 704 1770 725 orn..

358 743 409 781 nis
421 741 599 779 voluntatis
614 744 726 779 nostrae
739 743 891 779 naturalis
910 742 1082 778 inclinatio
1096 744 1184 778 reeta
1196 742 1330 789 quidem
1352 741 1400 774 est
1415 769 1426 784 ,
1449 753 1554 788 eaque
1572 742 1608 776 in
1621 741 1771 774 veritatis

359 792 452 842 ipfius
464 823 473 837 ,
487 805 543 828 aut
555 792 713 828 bonitatis
729 792 952 841 poll'effionem
972 794 1104 839 nititut:
1120 791 1172 826 sed
1186 791 1270 826 hanc
1280 790 1472 839 plerumque
1488 788 1553 824 alio
1563 789 1771 832 inflectimus,

361 855 461 890 atque
486 842 527 876 ad
543 852 632 877 certa
649 841 780 891 obje&a
794 842 972 878 voluntatis
991 840 1127 876 arbitrio
1147 842 1378 876 convertimus.
1401 839 1516 873 Sistere
1541 839 1676 886 quidem
1697 850 1773 872 earn

362 895 499 927 omnino
511 905 577 926 non
593 889 820 940 possumuszsed
834 904 917 940 vaga
929 891 1032 934 illa‚&
1046 889 1215 925 indefinita
1229 890 1267 922 ad
1282 888 1409 924 bonum
1420 886 1587 936 ipsum,seu
1596 888 1637 922 ad
1648 891 1774 931 Deum,

365 953 403 976 ut
425 941 466 974 ad
483 939 584 975 finem
602 939 755 976 ultimum
766 939 939 989 propensio
956 941 1054 973 certis
1069 937 1208 986 objedtis
1219 937 1304 972 male
1320 937 1626 985 terminatur3idque
1647 949 1686 972 ex
1697 949 1775 985 pei·-

363 989 456 1026 vetso
473 988 631 1025 libertatis
652 989 708 1025 usu
721 989 945 1039 proficiscitur.
973 987 1057 1024 Illud
1074 998 1184 1024 tamen
1201 987 1305 1038 liquet
1317 1016 1328 1032 ,
1349 986 1556 1023 voluntatem
1573 986 1711 1022 nostram
1725 988 1776 1022 in-

364 1040 480 1075 stimstu
493 1039 638 1085 quodam
655 1051 776 1074 naturae
789 1043 821 1075 in
834 1044 945 1075 Deum
956 1067 966 1081 ,
978 1048 1016 1072 ut
1034 1039 1066 1073 in
1090 1036 1189 1073 finem
1203 1037 1354 1073 ultimum
1369 1038 1432 1073 niti
1449 1050 1457 1074 x
1486 1034 1610 1072 tametsi
1622 1037 1656 1071 in
1673 1034 1774 1070 rebus

365 1089 480 1122 creatis
502 1087 606 1134 saepius
618 1089 734 1122 haereat
755 1115 765 1129 ‚
793 1087 908 1134 quibus
928 1087 1081 1133 occupati
1093 1088 1248 1133 quidem,
1265 1099 1298 1121 at
1313 1086 1436 1137 expleti
1452 1100 1519 1123 non
1540 1085 1654 1136 potest.
1681 1089 1777 1124 Hine

365 1136 450 1171 illius
465 1138 641 1182 irrequieta
654 1137 760 1170 motio
772 1165 782 1180 ,
800 1141 834 1173 δι
847 1135 1068 1172 inconstantia
1083 1163 1093 1178 ,
1108 1136 1196 1182 quod
1209 1149 1282 1171 cum
1292 1135 1370 1172 boni
1384 1135 1503 1172 infiniti
1517 1136 1552 1172 sit
1565 1150 1676 1185 capax,
1688 1137 1774 1172 illius

366 1186 452 1220 adeo
469 1187 651 1233 appetitum
660 1198 698 1220 ac
709 1184 802 1221 velut
812 1183 894 1220 [itini
904 1184 1066 1233 quandam
1091 1197 1141 1219 res
1164 1197 1278 1221 creatae
1302 1186 1480 1222 accendere
1505 1188 1608 1237 magis
1628 1186 1747 1236 possint
1761 1215 1774 1232 ‚

366 1233 468 1283 quam
497 1234 692 1283 restinguere
707 1264 716 1278 ‚
741 1246 796 1269 aut
813 1234 953 1284 explete.

411 1286 528 1330 Itaque
543 1286 630 1319 Deus
644 1285 687 1318 est
701 1282 770 1319 finis
783 1288 932 1320 omnium
952 1286 1118 1321 actionum
1132 1284 1343 1320 humanarum
1356 1314 1364 1327 ,
1383 1283 1404 1319 fi
1426 1284 1554 1334 physice
1570 1284 1772 1334 speoffntur:

369 1345 446 1369 narn
460 1345 572 1368 omnes
584 1332 604 1368 ἐι
615 1336 690 1368 Deo
710 1333 950 1382 proficiscuntur
963 1364 972 1378 ,
989 1337 1045 1382 qui
1062 1337 1174 1369 onmia
1191 1336 1224 1368 in
1246 1332 1395 1368 omuibus
1414 1346 1565 1383 operatur
1585 1349 1593 1371 :
1611 1338 1656 1370 At
1671 1335 1691 1371 fi
1709 1335 1774 1370 illae

370 1384 516 1417 actiones
528 1382 712 1425 moraliter,
733 1394 831 1430 atque
845 1395 879 1418 ut
897 1384 916 1419 ἐι
933 1382 1038 1418 libero
1055 1384 1195 1418 hominis
1215 1381 1350 1417 arbitrio
1370 1383 1557 1427 dimanant,
1573 1383 1775 1420 confideren-

372 1441 423 1465 tur
433 1460 442 1474 ‚
457 1444 523 1466 non
530 1444 650 1514 somnes
662 1432 701 1466 ad
715 1435 825 1468 Deum
842 1432 1023 1469 referuntur
1037 1448 1044 1469 ε
1064 1436 1140 1480 quia
1151 1432 1252 1467 homo
1267 1431 1407 1480 petsaepe
1424 1434 1455 1467 in
1467 1433 1567 1482 seipso
1577 1462 1588 1477 ‚
1602 1435 1699 1468 autin
1710 1433 1773 1468 alia

371 1492 517 1515 creatura
541 1481 615 1516 istit.

858 1530 1006 1564 Secunda
1025 1528 1200 1573 Conclufio,

374 1611 378 1614 Δ
408 1579 490 1613 Non
509 1577 669 1626 potsumus
689 1578 793 1626 plures
817 1577 897 1614 fines
915 1578 1046 1614 ultimos
1060 1584 1093 1615 δε
1108 1577 1224 1612 totales
1242 1577 1329 1614 simul
1342 1577 1438 1614 nobis
1457 1593 1654 1629 proponere.

408 1626 494 1660 Prob
506 1639 572 1661 mzr
588 1628 748 1673 conclufio.
776 1630 857 1663 Finis
875 1627 1006 1663 ultimus
1023 1628 1140 1662 dicitur
1153 1655 1162 1670 ‚
1189 1628 1228 1661 ad
1247 1641 1346 1675 quem
1374 1628 1429 1662 alii
1456 1628 1536 1664 fines
1562 1630 1777 1677 referuntur,

375 1688 448 1709 cum
461 1676 499 1708 ad
510 1675 606 1711 alium
629 1679 654 1711 is
666 1690 734 1713 non
751 1677 909 1713 referatur
924 1695 931 1719 3
951 1680 1008 1725 qui
1020 1677 1202 1726 appetitum
1222 1679 1324 1712 animi
1343 1679 1480 1713 omnino
1492 1678 1603 1727 explet
1614 1708 1624 1722 ,
1641 1686 1674 1717 ὃ(
1690 1680 1774 1716 sum-

376 1737 467 1758 mum
484 1725 566 1759 illius
577 1727 620 1760 est
633 1725 772 1763 bonum:
793 1729 885 1774 atqui
903 1725 925 1761 fi
943 1726 1048 1775 plures
1062 1723 1155 1762 nobis
1179 1725 1257 1760 fines
1270 1726 1403 1761 ultimos
1420 1728 1643 1775 &adaequatos
1653 1742 1776 1779 propo.

375 1775 499 1817 nimus,
515 1787 594 1809 unus
609 1776 648 1810 ad
664 1775 764 1811 alium
784 1776 898 1811 referti
909 1789 977 1811 non
992 1777 1131 1824 poterit,
1153 1787 1214 1810 nec
1232 1774 1313 1810 solus
1327 1775 1456 1825 explete
1472 1776 1779 1826 animiappetitum3

375 1834 435 1858 nec
455 1822 612 1860 summum
630 1826 692 1860 erit
708 1823 833 1861 bonum
847 1855 856 1868 ,
877 1838 950 1860 cum
972 1836 1086 1874 ptaetet
1104 1837 1179 1859 eum
1195 1823 1316 1873 aliquid
1332 1837 1523 1875 expetatur:
1544 1839 1623 1874 ergo
1641 1826 1714 1861 finis
1725 1827 1774 1863 ul.

376 1873 471 1906 timus
485 1885 563 1908 unus
576 1886 701 1909 tantum
715 1904 725 1917 ‚
739 1888 805 1910 nou
816 1875 990 1923 multiplex
1005 1874 1066 1909 effe
1103 1873 1197 1909 otest.

410 1921 561 1967 Confirm.
574 1922 730 1971 Qilibet
739 1937 777 1958 ex
788 1924 835 1958 his
848 1923 967 1959 finibus
978 1922 1054 1958 effet
1068 1887 1138 1957 {iliis
1147 1921 1279 1956 ultimus
1290 1934 1328 1956 ex
1346 1921 1516 1971 hypothefi
1526 1951 1537 1966 ,
1561 1927 1596 1959 ὃς
1610 1936 1679 1959 non
1696 1923 1774 1961 (ffet

377 1969 512 2005 ultimus
528 2001 537 2012 ,
555 1985 627 2007 cum
643 1985 757 2021 praetei·
771 1985 847 2008 eum
858 1972 1012 2020 quiddam
1030 1971 1115 2006 aliud
1134 1968 1211 2006 effet
1225 1973 1444 2019 expetendum
1456 2000 1466 2017 ‚
1484 1984 1592 2020 neque
1611 1974 1720 2008 omnia
1733 1973 1775 2010 ad

378 2031 454 2055 eum
482 2021 687 2056 referrentur.

419 2070 519 2114 Quod
531 2082 641 2107 autem
650 2074 772 2119 opponi
785 2074 818 2107 in
834 2072 1030 2107 contrarium
1044 2071 1150 2120 potest
1161 2102 1170 2115 ‚
1192 2071 1288 2108 facile
1298 2071 1456 2113 dissolves,
1471 2069 1492 2104 fi
1512 2071 1688 2106 adverteris
1702 2071 1778 2120 plu-'

379 2129 428 2151 res
441 2117 520 2153 fines
534 2119 665 2156 ultimos
677 2121 827 2169 partiales
839 2151 849 2165 ,
864 2133 899 2156 ut
913 2122 1088 2169 'oquuntur
1101 2151 1109 2164 ‚
1136 2127 1169 2158 &
1183 2122 1402 2168 inadaequatos
1415 2121 1578 2154 interdum
1595 2119 1691 2156 nobis
1712 2120 1776 2156 effe

381 2167 560 2212 propositos
576 2199 584 2213 ,
604 2184 671 2206 non
692 2170 807 2205 totale-s
819 2173 1006 2220 &integros
1019 2201 1026 2214 ,
1053 2170 1108 2205 nisi
1123 2171 1209 2207 forte
1221 2169 1348 2205 diverfis
1368 2168 1578 2218 temporibus.
1599 2170 1660 2204 Sed
1673 2170 1712 2203 de
1724 2171 1775 2205 his

381 2215 468 2249 nulla
484 2219 529 2252 1*st
541 2218 764 2256 controversia.
798 2223 849 2255 Sic
864 2223 919 2267 qui
932 2223 1023 2269 gravi
1039 2220 1156 2255 morbo
1171 2233 1303 2256 vexatur
1321 2249 1330 2263 ,
1361 2220 1553 2256 felicitatem
1583 2221 1616 2254 in
1637 2217 1774 2254 sanitate

383 2266 545 2301 constituit
560 2297 568 2309 ,
590 2282 625 2304 ut
643 2271 740 2304 docet
755 2269 941 2304 Aristotcles
959 2288 967 2312 -,
986 2272 1208 2318 quiptemitut
1226 2271 1362 2308 egestate
1381 2299 1385 2303 .
1413 2272 1438 2303 is
1467 2267 1548 2303 solos
1566 2268 1682 2303 divites
1700 2269 1775 2303 feli.

384 2323 435 2345 ces
451 2327 553 2360 putat.
566 2320 627 2352 Sed
641 2318 660 2353 fi
678 2320 761 2355 forte
775 2333 829 2356 :tut
838 2319 1038 2357 convaluerit
1048 2349 1059 2365 ,
1074 2332 1127 2357 aut
1144 2311 1362 2357 ditiot‘faems
1380 2319 1501 2363 fuerit,
1523 2322 1591 2366 jam
1606 2318 1703 2354 aliam
1716 2316 1773 2354 sibi

382 2365 545 2400 Constituit
570 2367 774 2408 felicitatem.
