1857 2745
597 110 640 146 M
661 111 697 147 0
720 110 752 146 R
775 111 805 146 A
826 111 852 148 L
875 111 892 147 1
917 113 950 149 S.
1395 132 1412 155 2

81 158 541 213 Oppon.Nonnulli,eundem
555 158 728 196 hominem
749 162 914 197 interdum
935 160 994 197 fibi
1011 171 1196 211 proponere
1220 175 1256 201 ut
1279 164 1360 202 fines
1383 134 1461 204 ιιΙῒὶῖ

48 220 119 250 mos
133 211 286 255 divitias,
305 209 448 246 honores
470 214 505 246 &
525 209 734 259 voluptatem
753 241 762 255 ,
788 211 889 259 idque
916 212 1034 247 eodem
1060 223 1220 262 tempore.

82 261 171 308 Resp.
184 261 277 295 Fines
292 259 365 296 illos
376 260 440 295 dici
449 258 582 294 ultimos
592 262 745 308 negative
757 290 767 304 ,
787 260 877 309 quod
887 260 1016 296 ulterius
1026 275 1093 297 non
1104 263 1300 302 referantur,
1318 277 1383 301 non
1397 279 1460 315 po-

44 309 155 354 fitive,
172 308 259 358 quasi
273 313 383 345 omnia
400 307 441 344 eo
462 308 660 345 referantur:
674 311 763 344 Nam
777 311 874 345 inilla
883 309 1055 359 hypothefi
1070 325 1180 361 neque
1203 314 1324 348 divitiae
1337 315 1377 349 ad
1398 317 1457 351 ho-

0 359 1 398 }
45 371 161 404 nores,
184 370 240 396 aut
255 359 296 394 ad
321 359 548 409 voluptatem,
567 372 627 394 nec
643 358 783 396 viciffim
810 358 961 410 voluptas
986 365 1022 398 ὃ(
1046 372 1125 410 opes
1151 362 1193 397 ad
1220 363 1347 399 divitias
1368 365 1456 401 refe-

0 420 168 446 =·tuntur.

0 465 2 467 ’
446 458 889 495 DISPUTATIO
960 461 1040 496 111.

579 557 637 590 De
661 556 880 593 Beatitudine.

39 652 236 741 FElicitas
250 659 284 691 &
295 652 452 690 summum
464 652 590 690 bonum
608 654 790 704 prorniscue
805 653 1011 701 ufiirpantur:
1036 652 1077 689 fic
1093 664 1204 689 tamen
1221 655 1366 705 distingui
1377 658 1447 706 pos-

0 707 2 727 ἵ
35 720 37 722 ·
107 703 194 748 sunt,
210 715 246 738 ut
260 702 417 739 summum
432 703 556 738 bonum
574 703 611 738 fit
626 704 795 739 felicitatis
813 702 981 752 objectum
996 731 1007 747 ,
1031 702 1085 738 seu
1099 715 1136 738 ut
1152 703 1325 752 loquuntur
1336 735 1346 750 ,
1365 705 1444 741 bea-

0 763 3 797 ι
41 752 149 787 titudo
159 751 347 798 objeffiva:
364 751 501 787 felicitas
513 751 594 787 vero
602 755 730 801 proprie
741 751 778 788 fit
787 752 873 787 illius
891 754 938 786 rei
951 752 1084 796 fruitio,
1103 764 1159 787 aut
1174 753 1319 802 poffeffio
1338 770 1346 792 ε
1372 768 1444 803 quae

0 802 1 829 ἶ
41 801 164 837 idcirco
174 800 343 836 beatitudo
359 802 425 835 dici
440 800 521 836 solet
532 830 543 844 ,
563 813 664 849 eaque
676 803 719 837 est
737 800 900 837 bonorum
915 813 1095 837 extremum
1111 830 1120 844 ‚
1139 801 1190 836 seu
1212 802 1284 838 finis
1301 803 1442 841 ultimus,

39 851 131 888 Nam
141 862 178 885 ut
190 851 384 886 ostendimus
395 879 404 894 ‚
418 853 452 886 in
466 849 563 885 rebus
574 851 763 898 expetendis
775 852 818 885 est
835 850 958 898 aliquid
978 850 1130 887 ultimum
1143 880 1153 894 ,
1171 863 1214 886 ne
1228 855 1370 888 intentio
1383 867 1443 888 no-

0 908 1 934 }
39 899 103 934 stra
117 911 198 947 vaga
216 898 253 933 fit
269 904 303 935 δε
315 901 425 942 irrita,
442 911 526 934 neve
540 901 574 933 in
589 899 753 934 infinitum
775 898 883 935 abeat.
916 899 969 934 Est
989 902 1086 947 igitur
1109 899 1245 935 felicitas
1277 900 1349 937 finis
1369 901 1442 937 fim-

0 961 1 986 ι
38 947 166 997 pliciter
185 946 314 983 ultimus
326 975 336 991 ‚
356 949 468 983 nonin
478 957 568 981 certo
582 948 726 994 quodam
738 959 877 995 genere,
896 959 932 982 ut
948 946 1064 983 sanitas
1077 948 1255 997 dicipotest
1275 948 1347 985 finis
1367 950 1442 985 ulti-

0 1022 1 1029 ,
41 1008 113 1031 mus
129 996 311 1031 Medicinae.
330 998 410 1031 Non
429 997 518 1030 enim
531 994 633 1029 solum
652 1007 786 1042 propter
795 995 826 1029 se
839 998 1001 1042 expetitur
1011 996 1166 1032 felicitas:
1181 997 1231 1031 sed
1244 1001 1357 1033 omnia
1367 1002 1439 1047 agi-

0 1064 2 1077 »
39 1057 111 1082 mus
121 1073 130 1088 ‚
145 1055 182 1079 ut
200 1056 274 1078 eam
290 1043 530 1091 consequamur.
550 1043 636 1076 Cum
645 1055 756 1078 aurem
767 1054 804 1076 ea
816 1042 869 1076 vel
881 1042 917 1076 fit
934 1057 973 1078 ex
987 1046 1078 1078 omni
1090 1057 1180 1090 parte
1194 1046 1435 1094 perfecta‚qua-

0 1086 3 1131 ἶ
36 1093 105 1129 lem
118 1093 281 1142 posthanc
292 1094 393 1127 vitam
402 1104 461 1127 nos
473 1091 644 1140 adepturos
662 1090 821 1139 speramus
835 1107 845 1133 3
863 1090 919 1125 vel
937 1091 1129 1139 imperfecta
1140 1121 1150 1136 ,
1176 1105 1275 1139 quam
1296 1106 1355 1141 pro
1372 1108 1431 1130 na-

36 1153 113 1179 turae
123 1142 310 1178 conditione
326 1143 360 1176 in
377 1141 437 1177 hac
453 1143 521 1176 vita
533 1152 592 1176 nos
605 1140 756 1188 consequi
765 1137 853 1188 poffe
865 1139 1050 1188 Philosophi
1064 1142 1266 1178 crediderunt
1286 1156 1293 1177 :
1314 1143 1356 1178 de
1369 1143 1431 1178 hac

0 1191 1 1194 ’
35 1191 179 1242 primum
188 1191 360 1226 dicendum
374 1191 422 1225 est
432 1219 443 1235 ,
472 1201 542 1225 tum
550 1189 590 1224 de
606 1189 764 1224 felicitate
775 1201 876 1236 quam
891 1187 974 1224 sacra
987 1190 1086 1224 docet
1102 1190 1237 1239 Religio
1247 1221 1256 1236 ,
1279 1205 1351 1238 quae
1367 1194 1431 1228 im-

37 1240 182 1278 mortalis
199 1241 246 1276 est
258 1269 269 1285 ,
285 1245 320 1278 &
333 1239 439 1276 bonos
457 1240 530 1289 post
549 1238 639 1289 hujus
661 1241 736 1293 vitff
747 1236 915 1274 decursum
931 1250 1041 1275 manet
1053 1268 1064 1284 ,
1082 1240 1180 1289 paulo
1189 1239 1322 1278 uberius
1331 1253 1430 1292 agen-

38 1291 119 1327 dum
137 1291 214 1326 erit.

437 1369 592 1418 QUAE
619 1371 640 1405 S
665 1373 786 1409 TIO
830 1372 1060 1409 PRIMA.

453 1452 510 1484 De
523 1453 730 1488 Beatitudine
740 1453 971 1502 Philosiaephica.

0 1571 1 1586 χ
94 1535 247 1567 ‘Ummnm
257 1531 390 1570 bonum,
409 1532 517 1578 inquit
527 1529 650 1566 Tullius
662 1560 671 1575 ,
693 1531 724 1577 fi
742 1534 903 1582 ignoretur
915 1561 925 1576 ,
948 1531 1088 1568 vivendi
1105 1533 1261 1567 rationem
1284 1534 1427 1581 ignorari
1442 1549 1449 1573 1
1477 1556 1496 1576 ς,
1511 1550 1540 1574 d,

95 1583 202 1629 nec‘ffi'
213 1581 272 1627 est:
290 1595 330 1615 ex
343 1593 402 1627 quo
414 1584 523 1615 'tantus
534 1593 621 1613 error
632 1582 831 1629 consequitur
842 1610 855 1626 ,
876 1593 912 1616 ut
922 1593 1015 1630 quem
1034 1584 1067 1616 in
1077 1592 1204 1630 portum
1210 1583 1247 1627 se
1257 1584 1424 1630 recipiant,
1440 1580 1511 1606 finib.

28 1634 112 1679 scire
129 1629 320 1678 nonpossint.
333 1631 476 1677 Cognitis
484 1639 590 1661 autem
608 1641 713 1663 rerum
718 1630 839 1675 finibus
850 1658 862 1675 ,
881 1624 952 1665 etim
963 1631 1161 1677 intelligitur
1174 1630 1255 1677 quid
1265 1630 1311 1676 fit
1325 1629 1362 1665 ὠ
1375 1629 1429 1664 bo-

35 1693 146 1715 norum
162 1691 337 1713 extremum
350 1706 358 1717 ,
382 1676 420 1712 ὅ]
438 1678 611 1715 malornm,
625 1679 757 1713 inventa
768 1682 840 1714 vitae
863 1683 922 1714 via
937 1679 995 1723 est,
1017 1679 1281 1725 confhrmatt‘oque
1292 1682 1431 1713 omnium

34 1729 218 1774 officiorum.
229 1730 307 1763 Haec
319 1740 392 1762 cum
408 1728 456 1760 ita
468 1724 528 1761 fint
539 1755 548 1770 ,
565 1726 762 1762 incredibilis
777 1740 887 1763 tamen
902 1729 944 1763 est
957 1727 1224 1776 Philosophorum
1246 1728 1307 1763 hac
1327 1728 1367 1761 de
1393 1740 1428 1763 re

35 1776 198 1814 diffenfio:
215 1790 288 1812 cum
299 1779 329 1813 S.
350 1775 543 1824 Augustinus
567 1787 605 1808 ex
621 1778 770 1811 Varrone
788 1777 911 1812 referat
929 1780 992 1814 288-
1020 1779 1190 1825 opiniones
1209 1777 1250 1809 de
1271 1775 1428 1812 felicitate

36 1828 124 1862 inter
137 1827 167 1862 se
184 1826 398 1874 discrepantes
416 1826 574 1859 numerari
587 1822 674 1872 polse
695 1839 703 1860 ε
723 1826 805 1860 adeo
819 1838 932 1861 verum
954 1826 1001 1859 est
1020 1827 1051 1859 id
1065 1825 1153 1873 quod
1168 1825 1266 1859 docet
1285 1826 1429 1868 Seneca,

36 1878 150 1910 vivere
159 1889 260 1910 omnes
273 1875 362 1910 beate
376 1874 463 1907 velle
474 1901 484 1914 ,
493 1873 552 1919 fid
566 1874 612 1906 ad
623 1875 861 1921 pervidendum
883 1875 964 1920 quid
979 1874 1044 1920 fit,
1077 1873 1164 1921 quod
1176 1872 1301 1907 beatam
1320 1876 1428 1908 vitam

0 1951 1 1955 ,
37 1924 153 1970 efficiat
164 1952 173 1963 ,
193 1925 345 1973 caligare.
360 1926 404 1959 Ex
414 1922 532 1970 quibus
546 1934 655 1959 tamen
673 1924 806 1959 Senecae
821 1922 935 1960 verbis
948 1923 981 1957 id
989 1922 1142 1972 colligere
1157 1920 1313 1969 postumus
1326 1949 1335 1964 ‚
1358 1935 1427 1959 non

39 1983 107 2008 tam
116 1972 328 2022 philosophos
338 1972 378 2007 de
389 1971 454 2021 ipsa
462 1971 621 2007 felicitate
634 1974 717 2007 inter
730 1970 778 2017 se,
800 1972 901 2021 quam
918 1972 959 2007 de
974 1972 1087 2007 mediis
1102 2001 1112 2016 ‚
1129 1983 1165 2007 ut
1175 1970 1365 2019 loquuntur,
1375 1969 1429 2008 seu

37 2022 79 2057 de
93 2021 189 2058 causis
201 2022 293 2072 ipfius
310 2022 473 2057 felicitatis
487 2020 660 2058 dissentire.
674 2023 760 2069 Qae
773 2021 807 2057 sit
824 2025 912 2058 enim
926 2021 1092 2057 felicitatis
1109 2022 1192 2056 ratio
1205 2049 1214 2062 ‚
1229 2033 1300 2067 quae
1314 2020 1427 2054 condi-

39 2075 158 2114 tiones,
175 2074 262 2108 inter
273 2072 302 2107 se
312 2071 409 2120 plane
420 2082 640 2107 convemunt:
656 2070 710 2106 sed
720 2076 791 2119 quie
803 2071 993 2108 felicitatem
1007 2072 1151 2106 maxime
1165 2067 1304 2105 efficiant
1314 2098 1324 2112 ,
1347 2071 1425 2105 &in

41 2131 106 2167 quo
116 2134 155 2156 ea
177 2120 275 2170 posita
290 2120 326 2156 sit
337 2150 347 2164 ,
362 2132 479 2169 magna
496 2122 710 2156 contentione
735 2134 890 2170 pugnant.

84 2169 169 2204 Cum
177 2182 286 2206 autem
299 2172 359 2206 tria
370 2169 429 2205 fint
446 2169 605 2205 bonorum
621 2181 741 2218 genera
756 2200 766 2214 ‚
794 2171 930 2206 fortunae
948 2197 957 2212 ‚
983 2170 1126 2218 corporis
1139 2173 1173 2205 &
1189 2168 1290 2201 animi
1306 2182 1313 2202 :
1351 2165 1425 2200 leri-

43 2228 108 2263 que
121 2218 138 2252 ὲ
151 2218 248 2267 vulgo
259 2220 452 2254 felicitatem
466 2221 498 2254 in
512 2220 634 2254 divitiis
646 2230 701 2253 aut
712 2219 888 2255 honoribus
907 2230 1034 2267 ponunt
1053 2246 1063 2260 ,
1091 2217 1141 2252 sed
1164 2229 1201 2250 ex
1221 2214 1316 2250 Philo
1331 2214 1424 2263 ophis

41 2268 193 2312 perpauci
208 2268 289 2311 sunt,
303 2271 359 2316 qui
368 2269 436 2304 haec
446 2268 584 2304 fortunae
596 2268 682 2303 bona
695 2271 774 2302 tanti
796 2269 917 2304 faciant
934 2296 943 2311 ‚
968 2279 1002 2301 ut
1020 2266 1082 2302 fine
1098 2269 1133 2300 iis
1149 2264 1340 2299 felicitatem
1357 2277 1425 2299 non

41 2311 128 2362 poffe
146 2314 309 2352 consistere
326 2317 517 2353 arbitrentur
528 2336 536 2362 3
549 2317 630 2353 nulli
646 2316 726 2352 vero
741 2316 811 2353 sunt
824 2319 879 2365 qui
902 2320 936 2350 in
955 2318 990 2349 iis
1015 2316 1109 2351 rebus
1126 2314 1283 2350 summum
1298 2312 1424 2347 bonum

44 2363 264 2400 constituant:
278 2377 351 2400 curn
367 2366 433 2402 haec
444 2368 581 2404 fortunae
595 2368 678 2403 dona
694 2378 806 2403 ornare
819 2365 949 2415 quidem
970 2370 1003 2401 δε
1015 2364 1164 2413 adjuvare
1180 2365 1279 2399 vitam
1293 2360 1423 2396 beatam
1441 2372 1445 2376 ·
